4128 6422
398 440 551 505 1155

471 570 834 635 Faciendum
869 567 1123 630 maximo
1154 565 1261 630 tibi
1295 564 1517 639 studio,
1550 581 1625 625 ne
1657 561 1758 645 qui
1790 562 2099 625 tonden-A

395 672 508 739 tur,
548 663 606 724 in
652 662 767 723 alia
820 658 1087 740 quamvis
1135 656 1481 718 monasterii
1532 652 1834 715 functionc
1879 652 2042 732 prius

390 761 724 824 versentur,
777 748 918 810 licet
973 747 1044 808 ad
1102 746 1355 826 aliquam
1422 745 1630 805 harum
1665 741 1868 803 idonei
1898 741 2036 816 sint,

391 861 568 923 quam
602 848 763 903 recte
792 836 1137 919 psalterium
1172 833 1554 910 edidicerint,
1589 849 1707 893 una
1737 850 1869 891 cum
1904 830 2037 891 uni-

390 919 558 993 versa
593 929 821 1009 reliqua
851 925 1007 987 serie
1033 942 1233 985 rerum
1261 940 1638 1001 earum,quas
1666 919 1815 981 citra
1832 937 2041 998 excep-

391 1020 611 1081 tionem
633 1026 691 1080 et
722 1008 1167 1078 excusationem
1202 1010 1358 1072 scire
1384 1010 1656 1091 quemvis
1679 1008 2034 1069 monachum

390 1108 697 1177 convenit;
731 1115 789 1168 et
819 1121 1067 1186 quarum
1114 1120 1249 1163 cum
1317 1099 1692 1181 ignoratione
1744 1117 1859 1159 non
1912 1096 2039 1158 exi-

389 1220 568 1280 guum
615 1198 809 1261 ordini
868 1195 1130 1258 solitario
1205 1194 1536 1273 periculum
1599 1200 1688 1254 est
1745 1191 2036 1270 conjunc-

394 1300 541 1352 tum.

477 1383 766 1440 Prmterea
798 1376 1039 1439 selectis
1069 1372 1423 1456 quibusdam
1474 1371 1583 1432 sub
1631 1378 1685 1431 te
1728 1367 2036 1431 monachis

393 1469 706 1533 universos
781 1463 1129 1526 monasterii
1183 1462 1410 1524 reditus
1466 1472 1523 1522 et
1581 1477 1871 1540 expensas
1931 1475 2038 1538 per

392 1558 747 1638 scripturam
783 1563 951 1615 notas
978 1555 1172 1616 facere
1202 1551 1406 1629 debes,
1438 1558 1495 1611 et
1528 1552 1604 1612 ita
1634 1549 1909 1611 subditos
1931 1547 2032 1609 tibi

390 1645 688 1710 solitarios
739 1662 945 1705 omnes
985 1643 1044 1703 in
1097 1640 1290 1702 ofﬁcio
1343 1640 1671 1701 continere.
1712 1638 1940 1699 nullum
1973 1644 2039 1698 ut

391 1735 687 1819 peculium
722 1733 1015 1795 habeant:
1052 1749 1120 1793 ac
1144 1731 1333 1792 robur
1363 1729 1523 1791 dabit
1555 1728 1715 1819 vobis
1748 1728 2036 1791 Dominus

389 1818 569 1901 Deus,
591 1823 693 1905 qui
713 1841 921 1885 omnes
943 1821 1215 1883 homines
1237 1820 1427 1880 salvos
1446 1837 1577 1881 esse
1600 1818 1740 1893 vult,
1767 1826 1828 1878 ut
1854 1834 2035 1897 opera

389 1915 687 1995 religiosa,
724 1920 781 1974 et
813 1912 919 1994 ipsi
946 1918 1111 1989 grata
1132 1909 1380 1990 faciatis,
1415 1927 1532 1970 una
1557 1927 1689 1971 cum
1717 1907 2031 1983 universis,

390 1994 857 2087 quivobiscum
913 2009 1049 2062 sunt
1106 1997 1410 2061 fratribus.
1466 1997 1808 2059 Memineris
1854 1994 2031 2057 etiam

387 2083 712 2177 pauperum
738 2090 980 2153 fratrum
1017 2097 1378 2162 nostrorum,
1410 2095 1468 2147 et
1497 2105 1630 2149 cum
1664 2084 1943 2148 universa
1972 2083 2033 2145 in

385 2174 620 2247 Christo
648 2180 1018 2243 fraternitate
1050 2196 1154 2260 pro
1189 2174 1359 2239 nobis
1392 2195 1603 2257 preces
1628 2175 1879 2237 fundite.

388 2368 636 2428 Littera:
663 2360 1199 2441 commemlutitiw,
1221 2375 1352 2438 quae
1382 2377 1418 2421 a
1436 2358 1799 2439 patriarcha
1832 2355 2028 2441 Cons—

427 2445 955 2525 tantinopolitano,
990 2437 1195 2503 recens
1234 2437 1549 2520 Oftfittftft),
1579 2441 1743 2501 mitti
1771 2437 1984 2501 solent.

462 2626 752 2700 Quoniam
770 2632 1047 2685 statutum
1065 2623 1537 2686 ecclesiasticum
1556 2620 1828 2693 obtinuit,
1849 2630 1913 2684 ut
1929 2620 2032 2702 qui

384 2734 600 2778 recens
647 2734 783 2776 cum
835 2712 1118 2792 dignitate
1166 2709 1538 2793 patriarchali
1581 2711 1766 2771 evecti
1796 2710 2029 2771 suntad

387 2805 667 2866 tbrnnum
698 2803 1264 2883 Constantinopolis,
1289 2800 1626 2863 ethabenas
1656 2799 2031 2861 administra-

388 2893 564 2956 tionis
595 2910 777 2954 sacrce
807 2890 921 2952 sibi
959 2901 1368 2972 sumpserunt,
1415 2888 1631 2970 popqu
1675 2887 1911 2949 Domini
1944 2888 2031 2950 eis

382 3003 514 3045 com
525 2980 900 3061 misso,prius
912 2981 1132 3041 ornatis
1148 2976 1761 3059 pastoriciadignitate
1784 2977 2030 3058 patriar-

381 3073 510 3135 chis
544 3090 647 3153 per
680 3071 929 3146 litteras,
954 3070 1027 3130 de
1057 3069 1238 3131 rectis
1265 3067 1639 3145 dogmatibus
1668 3067 2026 3146 signiﬁcent,

381 3177 658 3247 tanquam
709 3162 1182 3245 exploratoribus
1215 3171 1274 3223 et
1312 3159 1549 3222 arbitris
1594 3159 1852 3241 probatae
1890 3161 2029 3223 fidei

382 3274 529 3330 sum;
561 3263 625 3315 ut
652 3254 792 3315 inde
829 3252 1087 3314 societas
1112 3250 1380 3332 ejusdem
1407 3247 1710 3325 religionis
1743 3249 2030 3312 illustrius

379 3346 645 3415 elucens,
668 3341 1155 3423 conjunctionem
1176 3342 1234 3402 in
1262 3344 1380 3403 Deo
1400 3338 1761 3403 strictiorem
1786 3340 2029 3417 efficiat;

379 3443 609 3516 patrum
644 3431 1064 3496 consuetudini
1098 3439 1397 3512 parentes,
1423 3429 1654 3490 litteras
1676 3429 1855 3492 hasce
1873 3449 2028 3491 com-

380 3524 755 3586 mendatitias
785 3541 1124 3598 exaramus,
1154 3540 1287 3600 qua:
1320 3517 1698 3599 compedium
1731 3519 2027 3601 quoddam

377 3622 494 3675 tam
533 3621 677 3676 actm
706 3631 740 3675 a
769 3611 940 3674 nobis
972 3610 1127 3688 vitae,
1161 3629 1336 3690 quam
1368 3607 1680 3671 sententia:
1708 3608 1784 3671 de
1812 3608 2027 3671 doctri-

378 3722 453 3765 na
480 3711 717 3780 nostraa,
752 3701 1119 3765 contineant.

458 3881 707 3962 lllajores
739 3879 909 3942 nobis
939 3879 1103 3941 fuere
1135 3876 1218 3958 pii
1251 3884 1524 3958 parentes
1553 3877 1613 3938 in
1647 3877 1856 3939 eadem
1889 3896 2025 3939 cum

376 3971 497 4033 illis
529 3969 828 4033 sententia
854 3990 868 4031 :
893 3967 1484 4047 haereditas,acc_epla
1503 3965 1670 4047 quasi
1692 3986 1795 4047 per
1821 3984 2029 4028 manus

376 4061 527 4123 ﬁdes
543 4062 891 4122 orthodoxa.
928 4057 1139 4119 Nullus
1162 4063 1322 4118 entm
1345 4056 1407 4116 in
1432 4055 1604 4117 nobis
1621 4055 1843 4118 exstitit
1861 4073 2031 4118 amor

378 4168 585 4211 rerum
614 4144 1340 4210 caducarum.lnstitutum
1365 4144 1697 4217 animi,vita
1714 4145 2031 4222 tranquilla

376 4246 673 4300 mercatus
702 4235 1008 4310 doctrinm,
1052 4234 1268 4295 virtute
1320 4232 1702 4313 praeditorum
1753 4234 2025 4296 imitatio.

375 4326 715 4391 Secundum
752 4326 879 4409 haec
909 4341 1141 4385 morum
1185 4321 1440 4384 mutatio
1475 4322 1725 4403 vitaeque
1745 4323 2030 4387 solitariae

374 4415 660 4478 studium.
693 4413 946 4476 Tantum
977 4411 1229 4486 satis,ad
1252 4412 1697 4490 exprimendam
1720 4412 1891 4493 quasi
1913 4412 2030 4475 for-

377 4524 533 4567 mam
566 4507 700 4569 vitae
735 4515 979 4567 nostrae.

458 4594 622 4668 Quod
656 4595 865 4658 attinet
886 4591 1215 4654 doctrinam
1234 4588 1372 4651 fidei
1399 4607 1413 4652 :
1440 4588 1749 4652 Credimus
1766 4589 1824 4651 in
1845 4610 2029 4653 unum

374 4684 587 4749 Deum.
622 4685 695 4747 Et
737 4702 871 4765 quae
919 4689 1251 4762 sequuntur
1297 4679 1462 4759 (δαίμ
1498 4677 1690 4741 Unam
1748 4680 2029 4742 deitatem

373 4773 774 4854 agnoscimus,
812 4789 945 4853 quae
986 4769 1177 4831 tribus
1222 4767 1283 4829 in
1325 4768 1598 4849 personis
1643 4768 2026 4848 gloriﬁcatur,

375 4874 584 4927 natura
595 4864 837 4945 quidem
857 4857 1313 4935 indivisam,sed
1327 4857 1664 4919 distinctam
1688 4860 2025 4939 preprieta-

374 4955 671 5018 tibus.Am
681 4954 908 5035 plector
928 4959 1162 5013 sanctas
1179 4964 1262 5010 vu
1284 4948 1538 5028 synodos
1562 4947 1952 5022 universales,
1970 4957 2028 5011 et

375 5045 449 5106 ab
482 5043 568 5106 eis
598 5050 813 5104 statuta
841 5039 1069 5121 recipio
1101 5046 1159 5100 et
1188 5046 1433 5114 aecepto
1481 5036 1681 5098 omnia
1722 5055 1736 5100 :
1774 5039 2024 5119 primam

376 5133 617 5213 quidem
649 5131 827 5192 veluti
863 5147 997 5210 quae
1022 5126 1230 5190 Arium
1280 5126 1592 5205 dejecerit,
1643 5127 1738 5190 cui
1767 5146 1801 5188 a
1830 5128 2026 5192 furore

374 5238 705 5298 cognomen
735 5218 844 5280 fuit
871 5216 1150 5293 inditum,
1177 5233 1310 5276 cum
1329 5215 1589 5277 alienum
1622 5214 1890 5279 facereta
1915 5236 2021 5279 na-

377 5318 509 5371 tura
538 5308 730 5370 Patris
758 5306 1012 5369 Filium:
1050 5307 1318 5380 alteram,
1354 5303 1533 5366 veluti
1574 5323 1704 5385 quae
1749 5304 2022 5368 insanum

376 5398 788 5463 Macedonium
834 5393 1224 5471 damnaverit,
1260 5393 1656 5475 blasphemias
1688 5394 1761 5456 de
1800 5397 2024 5476 Spiritu

1764 430 1796 493 J
1804 429 1897 493 US
1936 428 2382 494 CANONIGUM

3611 426 3768 492 1156

2206 562 2335 618 Δέον
2395 583 2453 618 σε
2509 560 2563 619 ἐν
2615 560 2892 638 ἐπιμελείᾳ
2946 562 3172 641 μεγίστῃ
3240 562 3329 618 καὶ
3382 568 3536 619 τοῦτο
3584 561 3777 619 ποιεῖ-

2123 654 2237 708 σθαι
2268 651 2405 708 ὥστε
2456 652 2578 715 τοὺς
2638 650 3082 731 ἀποκειρομένους
3142 653 3218 727 μιὶ
3277 649 3528 730 πρότερον
3580 649 3635 706 ἒν
3663 650 3778 707 ἑτέ-

2123 763 2185 818 ρᾳ
2216 738 2562 813 οἰᾳδηποτοῦν
2593 745 2691 808 τῆς
2752 746 2922 817 μονῆς
2984 739 3225 822 ἀπασχώ
3240 740 3321 797 ἐτν
3377 739 3633 822 διακονία,
3679 740 3779 796 κᾶν

2121 828 2299 894 δεξιῶς
2357 832 2487 908 πρὸς
2546 850 2662 885 τινα
2731 836 2835 887 τῶν
2884 830 3133 888 τοιούτων
3190 828 3381 910 ἔχωσι,
3456 832 3575 910 πρὶν
3623 830 3686 886 ἃν
3713 831 3778 885 τὸ

2120 916 2412 998 ψαλτήριον
2470 917 2648 981 καλῶς
2734 918 3022 996 ἐκμάθωσι,
3087 917 3187 976 καὶ
3238 919 3339 986 τὴν
3383 917 3580 987 λοιπὴν
3638 918 3776 976 ἅπα-

2119 1030 2215 1063 σαν
2273 1007 2604 1081 ἀκολουθίαν,
2690 1007 2758 1076 ἣν
2839 1009 3108 1087 προσῆκόν
3196 1006 3339 1065 ἐστιν
3395 1007 3771 1087 ἀπαραιτήτως

2120 1098 2274 1153 παντὶ
2303 1104 2530 1177 μοναχῷ
2601 1094 2981 1174 ἐξεπίστασθαι,
3026 1100 3095 1165 ἧς
3149 1104 3219 1175 τῇ
3247 1097 3432 1176 ἀγνοίᾳ
3493 1100 3553 1156 οὗ
3581 1098 3770 1175 μικρός

2117 1187 2205 1242 καὶ
2234 1188 2262 1242 ὁ
2292 1188 2470 1266 τυχὼν
2541 1192 2619 1260 τῷ
2677 1193 2783 1243 τῶν
2830 1193 3088 1267 μοναχῶν
3158 1187 3514 1268 πρόσεστι....
3542 1187 3607 1239 75
3664 1190 3768 1243 τά-

2118 1297 2229 1353 γμα
2238 1297 2281 1330 τι
2291 1322 2306 1336 .

2203 1366 2335 1441 ΙΙρὸς
2419 1365 2620 1428 τούτοις
2691 1362 2805 1422 δέον
2863 1388 2922 1422 σε
2988 1366 3282 1447 ἐγγράφους
3338 1370 3427 1425 καὶ
3493 1366 3775 1437 διαδήλους

2116 1461 2236 1517 τοῦς
2266 1455 2366 1510 ὑπὸ
2398 1455 2465 1511 σα
2492 1460 2599 1510 τῶν
2678 1453 2929 1535 ἐκκρίτων
3000 1471 3274 1537 μοναχοϊς
3328 1459 3502 1523 πασας
3544 1459 3635 1524 τὰς
3670 1462 3776 1525 τῆς

2119 1547 2287 1617 μονῆς
2347 1541 2573 1609 εἰσόδους
2640 1566 2697 1601 τε
2755 1546 2843 1601 καὶ
2895 1542 3097 1611 ἐξόδους
3154 1548 3631 1626 καταπράττεσθαι,
3684 1548 3778 1603 καὶ

2119 1630 2270 1695 ἐκτὸς
2328 1630 2622 1688 πεκουλίων
2693 1646 2974 1713 συντηρεῖν
3059 1635 3179 1700 τοὺς
3234 1637 3336 1691 ὑπὸ
3406 1636 3465 1693 σὲ
3534 1635 3775 1698 ἅπαντας

2119 1720 2441 1794 μονάζοντας
2478 1740 2491 1755 ⁶
2538 1722 2626 1778 καὶ
2699 1721 2965 1802 ἐνισχύσει
3020 1723 3159 1798 ὑμᾶς
3232 1724 3417 1803 Κύριος
3489 1726 3517 1779 ὁ
3561 1725 3710 1800 Θεὸς,
3745 1726 3776 1779 ὁ

2117 1807 2282 1864 θέλων
2351 1810 2550 1876 πάντας
2618 1810 2920 1890 ἀνθρώπους
3019 1814 3280 1892 σωθῆναι,
3342 1813 3645 1892 ἐργάζεσθαι
3701 1814 3799 1869 τάῖ

2117 1905 2214 1965 της
2248 1894 2518 1964 εὐλαϐείας
2577 1902 2665 1957 καὶ
2722 1903 2821 1967 τῆς
2878 1901 3150 1980 ἀρεσκείας
3208 1902 3367 1961 αὐτοῦ
3425 1902 3573 1983 ἔργα,
3632 1904 3774 1980 μετά

2117 1988 2328 2045 πέντων
2384 1989 2489 2047 τῶν
2562 1989 2819 2047 συνόντων
2890 1992 3017 2067 ὑμῖν
3061 1988 3322 2073 ἀδελφῶν.
3386 1994 3483 2050 Καὶ
3548 1993 3771 2069 πνημό-

2118 2098 2266 2134 νευσε
2319 2080 2409 2136 καὶ
2463 2084 2570 2135 τῶν
2627 2085 2865 2160 πτωχῶν
2938 2077 3177 2161 ἀδελφῶν
3230 2083 3412 2157 ἡμῶν,
3470 2083 3561 2140 καὶ
3612 2083 3772 2158 ἡμῶν

2116 2168 2413 2248 ὖπερεύχου
2496 2170 2632 2245 μετά
2700 2171 2879 2238 πάσης
2965 2171 3065 2237 τῆς
3143 2169 3197 2228 ἐν
3281 2178 3492 2252 Χριστῷ
3548 2171 3777 2254 ἀκελφό-

2116 2278 2299 2324 τητος.

2121 2375 2146 2404 (ι
2181 2354 2480 2422 Συστατική
2535 2353 2815 2433 ἐπιστολὴ,
2891 2356 3216 2434 πεμπομένη
3274 2358 3419 2437 παρὰ
3483 2365 3578 2416 τοῦ
3661 2379 3772 2413 πα-

2192 2442 2447 2523 τριάρχου
2528 2445 2625 2512 τῆς
2726 2444 3355 2522 Κωνσταντινουπόλεως,
3438 2444 3552 2526 ἄρτι
3637 2467 3769 2525 χει-

2194 2531 2589 2609 ροτονηθέντος.
2630 2557 2658 2590 ι

2196 2623 2413 2693 Ἐπειδὴ
2490 2626 2756 2705 θέσπισμα
2839 2627 3198 2709 ἐπεκράτησεν
3300 2629 3764 2699 ἐκκλησιαστικὸν,

2113 2714 2234 2775 τοὺς
2267 2711 2380 2793 ἄρτι
2436 2723 2837 2797 πατριαρχικῶς
2897 2718 2983 2775 ἐπὶ
3036 2721 3128 2775 τὸν
3196 2719 3375 2799 θρόνον
3438 2729 3770 2777 Κωνσταντι-

2113 2802 2412 2868 νουπόλεως
2469 2804 2743 2884 ἀρθέντας,
2803 2810 2890 2864 καὶ
2947 2808 3040 2873 τὰς
3111 2810 3418 2889 ἱεραρχικας
3462 2809 3612 2877 ἧλίας
3643 2806 3765 2863 δια·-

2114 2892 2472 2967 ζωσαμένους,
2503 2897 2592 2952 καὶ
2619 2898 2710 2952 τὸν
2739 2895 2869 2953 λαὸν
2940 2899 3126 2976 Κυρίου
3182 2898 3574 2973 πιστευθέντας,
3648 2910 3769 2959 τοῖς

2116 2980 2512 3061 προτελεσθετσι
2599 2985 2698 3053 τὴν
2781 2989 3137 3062 ποιμαντικήν
3217 2986 3353 3053 ἐξίαν
3409 2987 3770 3067 πατριάρχαις

2114 3073 2232 3150 περὶ
2273 3078 2381 3128 τῶν
2422 3073 2588 3151 ὀρθῶν
2646 3072 2925 3154 δογμάτων
2981 3075 3302 3158 ἐπιστεῖλαι,
3365 3078 3605 3156 καθάπερ
3633 3078 3771 3132 τισὶν

2114 3158 2419 3227 ἐξετασταῒς
2473 3164 2561 3219 καὶ
2611 3161 2937 3244 διαγνώμοσι
2992 3173 3084 3222 τοῦ
3150 3168 3290 3245 παρά
3344 3168 3487 3247 σφίσι
3530 3164 3773 3242 δοκιμίου

2114 3251 2206 3318 τῆς
2253 3252 2499 3333 πίστεως,
2534 3252 2611 3309 ’ίν’
2641 3253 2873 3314 ἐντεῦθεν
2928 3256 2962 3324 ἡ
3006 3257 3250 3313 κοινωνία
3306 3264 3399 3312 τοῦ
3430 3254 3766 3331 σεϐάσματος

2113 3337 2484 3420 ἀριδηλότερον
2543 3341 2927 3420 ἀναλάμψασα,
2995 3348 3095 3413 τὴν
3168 3347 3304 3404 κατά
3359 3347 3490 3403 Θεὸν
3576 3345 3767 3401 ἕνωσιν

2113 3428 2430 3509 οἰκειοτέραν
2490 3429 2907 3512 ἐναπεργάσηται
2942 3449 2958 3467 ⁸
3040 3435 3342 3510 πειθόμενοι
3397 3442 3467 3513 τῇ
3519 3435 3765 3507 συνηθείᾳ

2110 3525 2215 3575 τῶν
2267 3519 2530 3599 πατέρων,
2603 3522 2700 3590 τὴν
2755 3523 2854 3579 ἀνά
2923 3537 3117 3604 χεῖρας
3196 3525 3393 3592 ταύτην
3442 3524 3763 3591 συστατικὴν

2111 3607 2398 3677 ἐπιστολὴν
2481 3609 2904 3693 ἐγχαράττομεν,
2982 3614 3243 3690 ἐπιτομήν
3321 3636 3438 3670 τινα
3489 3621 3584 3671 τοῦ
3639 3613 3758 3670 καθ’

2109 3699 2251 3773 ἡμᾶς
2319 3698 2433 3775 βίου
2491 3702 2578 3756 καὶ
2631 3707 2723 3758 τοῦ
2795 3699 3119 3780 δογματικοῦ
3194 3705 3540 3785 φρονήματος
3597 3723 3761 3782 περι-

2111 3788 2363 3867 ἔχουσαν.

2194 3869 2358 3953 Ἠμτν
2418 3877 2654 3947 εὐσεϐεῖς
2712 3880 2986 3961 πρόγονοι,
3074 3884 3385 3964 γεννήτορες
3446 3884 3770 3963 ὁμογνῶμοο

2111 3988 2196 4031 νες
2242 3971 2424 4032 αὐτοῖς
2460 3987 2472 4001 ·
2504 3968 2728 4051 κλῆρος,
2761 3973 2797 4040 ἡ
2827 3969 3058 4052 διαδοχὴ
3086 3977 3186 4040 τῆς
3218 3972 3543 4053 ὀρθοδοξίας.
3576 3964 3771 4052 ’Ἔρω-

2108 4078 2175 4112 τα
2204 4057 2304 4137 γάρ
2331 4064 2424 4115 τοῦ
2492 4060 2640 4116 κάτω
2690 4059 2898 4138 ῥέοντος
2968 4065 3062 4120 οὒκ
3102 4060 3387 4139 ἐλάϐομεν.
3446 4061 3767 4134 Ἐπιτήδευ-

2112 4169 2187 4223 μα
2216 4144 2292 4221 δὲ,
2326 4146 2580 4226 γαλήνιπ
2624 4150 2759 4226 βίος,
2834 4152 2924 4207 καὶ
2976 4148 3154 4230 λόγων
3222 4151 3472 4234 ἐμπορία,
3544 4152 3772 4210 καὶτῶν

2111 4235 2366 4314 ἐναρέτων
2421 4238 2669 4314 μίμησις.
2725 4238 2865 4297 Εἶτα
2922 4238 3193 4316 μεταϐολὴ
3260 4242 3481 4322 τρόπου,
3525 4243 3615 4299 καὶ
3669 4248 3770 4298 τοῦ

2111 4323 2397 4400 μοναδικοῦ
2418 4325 2804 4405 πολιτεύματος
2834 4327 3167 4397 ἀντιποίησις
3202 4347 3219 4366 ⁸
3279 4337 3509 4388 τοσαῦτα
3538 4328 3658 4407 μέν,
3690 4331 3767 4396 εἷς

2108 4419 2428 4495 χαρακτῆρα
2454 4423 2546 4474 τοῦ
2573 4415 2692 4475 καθ’
2720 4418 2863 4494 ἡμᾶς
2894 4418 3028 4495 βίου.

2194 4592 2269 4650 Τά
2310 4590 2366 4648 δὲ
2392 4600 2486 4651 τοῦ
2514 4592 2677 4673 λόγου
2731 4599 2831 4662 τῆς
2872 4594 3101 4660 πίστεως
3136 4610 3151 4626 ⁸
3224 4597 3545 4673 Πιστεύομεν
3568 4597 3640 4660 εἷς
3670 4594 3766 4653 ἕνα

2114 4682 2266 4762 Θεὸν,
2299 4683 2388 4738 καὶ
2440 4684 2505 4739 τὰ
2557 4683 2703 4752 ἑξῆς.
2762 4685 2899 4740 Μίαν
2940 4686 3168 4752 θεότητα
3242 4687 3587 4766 γνωρίζομεν,
3617 4682 3766 4751 δοξαο

2111 4770 2340 4846 ζομένην
2397 4771 2451 4829 ἐν
2521 4774 2684 4852 τρισὶν
2755 4773 3129 4851 ὕποστάσεσιν,
3192 4773 3486 4855 ἀδιαίρετον
3541 4776 3640 4852 μὲν
3695 4780 3769 4851 τῇ

2111 4860 2284 4938 φύσει,
2330 4857 2593 4940 διαιρετὴν
2661 4859 2716 4917 δὲ
2772 4874 2895 4941 ταῖς
2964 4860 3243 4931 ἰδιότησιν,
3306 4861 3641 4941 Ἀσπάζομαι
3668 4864 3765 4929 τάς

2109 4949 2263 5027 ἁγίας
2308 4951 2671 5025 οἰκουμενικάς
2741 4940 2791 5023 ζ’
2820 4948 3085 5028 συνόδους,
3156 4955 3246 5010 καὶ
3299 4955 3368 5010 τὰ
3434 4940 3562 5034 παρ’
3592 4952 3768 5011 αὐτῶν

2109 5035 2516 5116 δογματισθέντα
2546 5040 2716 5098 πάντα
2797 5038 3025 5124 δέχομαί
3091 5064 3149 5099 τε
3217 5044 3307 5099 καὶ
3373 5041 3708 5124 ἀποδέχομαι
3745 5059 3760 5073 ⁸

2108 5128 2206 5194 τὴν
2274 5128 2371 5203 μὲν
2430 5130 2670 5208 πρώτην,
2729 5130 2803 5196 ὥς
2850 5121 3071 5211 ΗΑρειον
3142 5129 3488 5208 καθελοῦσαν,
3545 5136 3636 5190 τὸν
3663 5138 3766 5199 τῆς

2108 5217 2297 5293 μανίας
2369 5216 2669 5301 ἐπώνυμον,
2740 5221 3090 5288 ἀποξενοῦντα
3136 5225 3236 5289 τῆς
3280 5232 3371 5280 τοῦ
3423 5224 3627 5302 Πατρὸς
3656 5223 3764 5303 φύ-

2107 5328 2241 5370 σεως
2271 5309 2363 5365 τὸν
2406 5311 2526 5365 Υἱὸν
2560 5327 2575 5341 ·
2607 5311 2706 5378 τὴν
2748 5310 2802 5367 δὲ
2850 5309 3118 5391 δευτέραν,
3164 5313 3239 5375 ὡς
3309 5314 3399 5368 τὸν
3429 5309 3762 5393 φρενοϐλαΒῆ

2109 5395 2427 5455 Μακεδόνων
2512 5397 2971 5482 ἐξοστρακίσασαν,
3076 5401 3544 5481 βλασφημήσαντα
3642 5405 3764 5482 περὶ

1708 5567 1963 5634 VARIIE
2004 5563 2435 5648 LECTIONES.

456 5681 520 5734 75
547 5678 715 5743 deest
741 5676 1000 5742 κίνδυνος,

1939 5809 2193 5876 NOTAE.

464 5910 591 5992 (54)
623 5908 775 5973 Vide
805 5898 1250 5969 confessionem
1282 5908 1653 5983 sequentem.
