4128 6470
304 451 458 526 1157

1639 457 2345 527 ϐΗιΕΟΟοΗΟΜΑΝυΜ.

3526 459 3683 530 1158

299 609 394 659 τοῦ
421 601 570 680 ἁγίου
598 601 905 677 Πνεύματος
940 619 956 639 ⁸
1001 601 1101 670 τὴν
1157 598 1212 657 δὲ
1264 600 1469 681 τρίτην,
1543 600 1617 665 ὡς
1659 596 1983 677 ἆποῤῥίψίιιι⁴

2071 601 2240 655 ancto
2291 593 2708 675 prolocutum:
2753 594 3011 669 tertiam,
3065 594 3244 659 veluti
3282 617 3413 679 quae
3432 598 3680 680 impium

305 711 403 746 σαν
447 692 538 747 τὸν
598 688 824 759 δυσσεϐῆ
880 690 1181 771 Νεστόριον,
1255 679 1517 770 ληροῦντα
1568 687 1722 764 ψιλὸν
1754 686 1957 766 ἅνθρω-

2071 681 2205 743 llum
2237 681 2570 747 Nestorium
2603 684 2903 765 rejecerit,
2927 688 3029 765 qui
3055 705 3159 767 per
3181 687 3457 750 delirium
3492 679 3685 752 trade-

306 801 406 837 πον
448 780 541 835 τὸν
608 781 853 860 Χριστὸν,
929 783 1014 838 καὶ
1070 780 1170 847 τὴν
1223 780 1566 857 πανύμνητον
1624 777 1959 858 ἀπαρνούμεο

306 890 394 926 νον
427 869 687 926 Θεοτόκον
719 889 735 906 ·
767 870 866 939 τὴν
897 869 952 937 δὲ
1007 869 1288 950 τετάρτην,
1346 871 1418 935 ὡς
1464 870 1557 925 τὸν
1600 867 1960 947 ἆτυχέστχτον

308 962 548 1039 Εὐτυχῆ,
580 961 671 1017 καὶ
731 963 823 1018 τὸν
878 959 1144 1039 ἀλάστορα
1203 959 1486 1039 Διόσκορον
1542 954 1955 1039 καταῤῥάξασαν,

303 1049 425 1112 τοὺς
453 1049 549 1111 τὰς
604 1048 659 1105 ἐν
703 1055 915 1130 Χριστῷ
969 1048 1059 1107 δύο
1115 1049 1292 1130 φύσεις
1350 1050 1480 1129 πρὸς
1537 1049 1660 1124 μίαν
1690 1050 1959 1126 τραπῆναι

308 1135 687 1217 φλυαροῦντας,
748 1141 836 1196 καὶ
898 1139 1155 1219 σύγχυσιν
1229 1140 1400 1195 αὐτῶν
1482 1134 1891 1215 δογματίζοντας
1942 1154 1957 1170 ·

306 1227 406 1294 τὴν
450 1224 504 1283 δὲ
568 1226 841 1309 πέμπτην,
899 1230 970 1293 ὡς
1030 1228 1484 1303 άναθεματίσασαν
1540 1227 1604 1283 τὰ
1648 1224 1809 1303 μιαρὰ
1836 1221 1962 1304 :86-

310 1337 490 1393 γματα
545 1317 824 1397 Νεστορίου
911 1319 998 1374 καὶ
1082 1314 1352 1395 Θεοδώρου
1417 1322 1513 1373 τοῦ
1570 1313 1961 1392 Μοψουεστίας,

311 1405 399 1460 καὶ
429 1401 755 1483 Ὠριγένους,
812 1407 901 1463 καὶ
961 1403 1209 1482 Διδύμου,
1267 1406 1355 1462 καὶ
1409 1404 1685 1483 Εὔαγρίου,
1733 1403 1838 1459 τῶν
1869 1399 1962 1457 ἐλ-

309 1491 672 1574 ληνοφρόνων,
730 1494 960 1571 βαθμοὺς
1036 1493 1285 1562 θεότητος
1379 1491 1818 1571 ἂναπλασάντων,
1879 1491 1966 1547 καὶ

313 1586 506 1662 ψυχῶν
574 1582 941 1663 προϋπάρξεις,
1017 1585 1105 1641 καὶ
1184 1583 1596 1663 μετεγγισμοὺς,
1657 1583 1746 1639 καὶ
1813 1579 1966 1643 τέλος

312 1670 606 1747 κολάσεως,
677 1676 767 1731 καὶ
830 1671 1094 1750 δαιμόνων
1194 1673 1621 1731 ἀποκατάστασιν
1651 1687 1665 1703 ⁸
1757 1670 1857 1739 τὴν
1912 1667 1966 1725 δὲ

314 1760 499 1839 ἕκτην,
562 1765 636 1827 ὡς
690 1761 1051 1843 ἀποῤῥίῴασαν
1126 1765 1244 1830 τοὺς
1334 1763 1468 1842 ἀμφὶ
1538 1754 1811 1842 Ὀνώριον,
1872 1758 1967 1815 καὶ

2042 770 2160 854 hat,
2195 772 2494 835 Christum
2528 792 2662 837 esse
2707 775 2930 837 nudum
2973 777 3300 849 hominem,
3327 787 3386 839 et
3407 779 3570 841 omni
3601 779 3690 840 di-

2042 865 2404 945 gnamlaude
2424 867 2739 948 Deiperam
2761 867 3134 931 inticiabatur
3157 890 3170 930 :
3190 878 3484 953 quartam,
3507 871 3688 935 veluti

2043 972 2173 1033 qua)
2202 954 2679 1018 infelicissimum
2733 958 3056 1037 Eutychem
3095 960 3237 1040 (55),
3284 970 3343 1022 et
3371 961 3688 1022 alastorem

2042 1041 2212 1105 illum
2247 1044 2599 1107 Dioscorum
2635 1047 3043 1127 prostraverit,
3080 1049 3183 1130 qui
3206 1049 3427 1113 duasin
3461 1050 3692 1113 Christo

2045 1140 2286 1194 naturas
2315 1150 2630 1197 conversas
2660 1135 2721 1197 in
2766 1155 2945 1198 unam
2976 1137 3344 1215 garriebant,
3400 1148 3457 1202 et
3487 1159 3692 1203 earum

2046 1221 2454 1284 confusionem
2491 1224 2841 1288 tradebant:
2879 1227 3168 1307 quintam,
3199 1227 3378 1290 veluti
3395 1249 3527 1310 qua;
3546 1248 3693 1291 ana-

2047 1310 2291 1373 themati
2315 1312 2640 1393 subjecerit
2666 1314 2796 1376 dira
2826 1315 3098 1395 dogmata
3120 1318 3378 1381 Nestorii
3411 1328 3469 1379 et
3494 1318 3692 1381 Theo-

2047 1400 2180 1463 dori
2211 1404 2618 1482 Mopsuestani
2640 1406 2931 1484 praesulis,
2968 1404 3334 1484 etOrigt-nis,
3361 1416 3417 1469 ct
3444 1408 3693 1489 Didymi,

2051 1498 2109 1552 et
2137 1489 2394 1573 Evagrii,
2414 1510 2669 1572 paganas
2685 1495 3016 1557 sententias
3032 1496 3545 1578 sequentium,qui
3567 1517 3698 1574 gra-

2051 1580 2162 1641 dus
2176 1580 2412 1642 deitatis
2433 1582 2733 1645 ﬁnxerunt
2762 1591 2819 1645 et
2838 1583 3177 1647 animorum
3209 1586 3697 1667 praaexistentias,

2052 1678 2109 1731 et
2136 1670 2832 1751 apprOpinquationes,et
2854 1675 3031 1735 tiuem
3055 1674 3356 1756 supplicii,
3379 1684 3439 1737 et
3475 1676 3700 1738 daemo-

2052 1778 2193 1821 num
2215 1762 2275 1822 in
2292 1761 2589 1840 integrum
2615 1763 3055 1825 restitutionem
3082 1782 3095 1827 :
3119 1766 3555 1840 sextam,veluti
3572 1785 3705 1847 qua)

317 1850 560 1932 Σέργιον,
604 1854 691 1910 καὶ
750 1854 1040 1933 Μακάρων,
1099 1856 1222 1917 τοὺς
1274 1853 1608 1932 παράφρονας
1662 1852 1750 1908 καὶ
1804 1847 3707 1935 τερπ-ΒΗοηονίί,8θι·εἰί,Μίιοδι·ὶίεοοιειιοινθετο]οοοι·ἰί,ὶ]οῐῐιὶηεε

317 1938 595 2022 τολόγους,
627 1940 683 1997 ἓν
738 1940 948 2016 θέλημα
1015 1943 1103 1999 καὶ
1157 1943 1283 2019 μίαν
1335 1941 1600 2022 ἐνέργειαν
1658 1940 1866 2020 Χριστῷ
1893 1943 1970 2013 τῷ

318 2029 373 2088 ἐν
416 2029 527 2089 δυσὶ
569 2032 781 2112 φύσεσιν
839 2030 1237 2110 ἐπιγράψαντας
1272 2053 1288 2070 ·
1360 2031 1460 2099 τὴν
1515 2028 1570 2086 δὲ
1612 2026 1865 2106 ἑϐδόμην,
1897 2029 1970 2092 ὡς

319 2122 418 2189 τὴν
502 2125 920 2203 εἰκονομαχικήν
989 2122 1184 2179 λύσσαν
1255 2122 1727 2192 καταπατήσασαν.
1828 2118 1971 2186 Αὕτη

322 2233 427 2286 μου
485 2213 583 2278 τῆς
637 2212 865 2277 πίστεως
935 2209 1217 2291 ὁμολογία,
1278 2212 1487 2278 Ταύτην
1543 2213 1617 2274 ὡς
1674 2209 1727 2266 ἐν
1794 2211 1974 2267 πίνακι

323 2294 737 2380 διαχαράξαντες
794 2300 1101 2381 γράμμασιν
1184 2299 1625 2375 ἐξαπεστείλαμεν
1683 2301 1756 2363 εἷς
1812 2301 1973 2375 ὑμᾶς,

323 2387 418 2444 ἵνα
488 2390 549 2446 τὸ
617 2387 852 2466 δοκίμιον
920 2392 1020 2458 τῆς
1084 2389 1346 2470 ἡμετέρας
1397 2386 1660 2452 εύσεϐείας
1712 2387 1977 2469 γνώριμον

326 2478 456 2554 δμῖν
487 2475 590 2547 ἢδη
638 2479 949 2561 γενόμενον,
1010 2478 1242 2556 συνδήστ,
1299 2478 1459 2536 πλέον
1503 2480 1576 2543 εἷς
1647 2477 1854 2551 ἕνωσιν,
1889 2478 1977 2534 καὶ

323 2569 447 2630 τοὺς
489 2570 772 2633 κοινωνοὺς
829 2569 926 2639 τῆς
991 2571 1242 2645 πίστεως,
1300 2570 1585 2634 κοινωνοὺς
1641 2569 1844 2644 ποιήσῃ
1888 2568 1976 2624 καὶ

321 2662 424 2724 τῆς
470 2656 711 2739 ἀγάπης,
758 2665 934 2717 πᾶσαν
992 2657 1282 2716 σκανδάλου
1338 2660 1598 2740 πρόφασιν
1653 2659 1741 2715 καὶ
1781 2657 1976 2737 πέτραν

320 2748 735 2827 προσκόμματος
818 2748 879 2804 ἐκ
935 2748 1095 2826 μέσου
1146 2750 1483 2825 ποιούμενον,
1522 2739 1579 2806 Ὀ
1662 2745 1716 2803 δὲ
1770 2747 1836 2806 τὰ
1894 2745 1976 2803 δι·-

322 2841 529 2893 εστῶτα
584 2838 886 2918 συνάπτων,
944 2837 1036 2905 εὶή
1083 2839 1167 2894 καὶ
1234 2838 1554 2917 ποιμαίνων,
1611 2839 1700 2894 καὶ
1753 2859 1980 2913 συμποι-

322 2926 550 3003 μαίνων,
581 2928 669 2983 καὶ
724 2928 855 3005 πρὸς
883 2928 973 2985 τὸν
1017 2925 1247 3006 μάνδραν
1305 2925 1449 3005 ἄγων
1505 2937 1596 2986 τοῦ
1652 2927 1973 3003 Πνεύματος.

323 3017 587 3096 Πρόσειπε
610 3017 703 3072 τὸν
732 3017 866 3072 κατὰ
908 3016 965 3072 σὲ
998 3018 1149 3096 ἁγίαν
1221 3015 1457 3078 σύνοδον.
1514 3015 1584 3071 ΣΞ
1625 3017 1660 3084 ἡ
1687 3013 1895 3079 σύνοδος
1928 3015 1981 3073 ἐν

325 3105 500 3184 Κυρίῳ
528 3105 903 3186 προσαγορεύει
915 3154 928 3167 ,

2052 1939 2296 2002 insanos
2329 1951 2388 2002 et
2436 1949 2837 2021 portentosos,
2873 1943 2974 2025 qui
3025 1963 3204 2006 unam
3254 1944 3611 2008 voluntatem
3646 1955 3706 2009 et

2053 2048 2233 2092 unam
2266 2029 2551 2094 duntaxat
2581 2032 2876 2094 actionem
2928 2034 3185 2108 Christo,
3220 2034 3447 2097 naturis
3477 2035 3710 2098 duabus

2056 2120 2376 2191 constanti,
2439 2123 2882 2202 ascripserunt:
2937 2126 3273 2205 svptimam,
3338 2125 3520 2187 veluti
3576 2146 3707 2208 qua:

2054 2209 2317 2271 furorem
2362 2210 2877 2275 iconomachicum
2912 2214 3363 2294 proculcaverit.
3392 2217 3530 2278 Haec
3565 2216 3708 2277 ﬁdei

2058 2317 2243 2361 meets
2264 2300 2580 2362 confessio.
2608 2302 2775 2363 Hanc
2797 2302 3024 2365 velutin
3048 2303 3247 2366 tabula
3277 2304 3489 2367 litteris
3508 2324 3685 2367 exara

2063 2398 2178 2450 tam
2244 2390 2520 2452 misimus
2550 2391 2734 2465 vobis,
2772 2400 2833 2453 ut
2855 2393 3087 2474 pietatis
3120 2404 3338 2456 nostra;
3365 2395 3702 2472 sinceritas,

2058 2497 2189 2559 quae
2212 2477 2334 2560 jam
2367 2480 2533 2542 vobis
2564 2480 2844 2554 innotuit,
2882 2501 2991 2544 nos
3033 2484 3288 2564 amplius
3315 2486 3387 2545 ad
3421 2486 3705 2548 unionem

2061 2567 2318 2647 colliget,
2353 2579 2411 2631 et
2441 2569 2579 2630 ﬁdei
2604 2570 3108 2651 participesetiam
3147 2571 3447 2634 charitatis
3471 2573 3708 2653 partici-

2061 2675 2168 2739 pes
2195 2658 2405 2720 reddat
2439 2677 2454 2735 ;
2489 2678 2728 2720 omnem
2751 2660 3124 2722 occasionem
3141 2660 3405 2723 scandali
3428 2672 3485 2723 et
3516 2662 3707 2724 offen-

2061 2747 2246 2809 diculi
2277 2747 2536 2827 lapidem
2568 2769 2599 2810 e
2632 2750 2827 2812 medio
2856 2750 3091 2812 tollens.
3116 2748 3229 2822 Qui
3260 2769 3397 2812 vero
3419 2751 3712 2831 disjuncta

2062 2837 2391 2915 conjungit,
2426 2836 2583 2898 idem
2612 2857 2718 2899 nos
2751 2846 2809 2900 et
2830 2846 3051 2919 pascat,
3088 2846 3142 2900 ct
3174 2850 3532 2920 compascat,
3561 2850 3618 2902 et
3638 2842 3708 2903 ad

2064 2926 2290 2988 caulam
2323 2927 2581 3007 Spiritus
2614 2928 2887 2991 deducat.
2941 2926 3146 2990 Saluta
3174 2938 3439 2990 sanctam
3468 2931 3621 3010 apud
3656 2940 3711 2992 te

2064 3018 2386 3096 synodum.
2420 3017 2560 3089 Quae
2590 3017 2898 3082 nobiscum
2931 3018 3191 3098 synodus
3223 3027 3331 3101 est,
3367 3019 3426 3080 in
3459 3019 3710 3082 Domino

2067 3112 2125 3168 te
2154 3106 2391 3171 salutat.

328 3230 361 3271 (
421 3202 490 3305 :H
550 3213 692 3291 παρᾶ
721 3213 858 3305 ,τῶν
938 3211 1359 3305 θερφιλεστάτων
1436 3211 1840 3292 μητροπολιτῶν
1895 3212 1983 3270 καὶ

2071 3222 2312 3305 Symboli
2340 3226 2540 3305 caelio,
2570 3241 2691 3296 qua;
2711 3241 2821 3305 pro
2851 3240 2997 3305 more
3039 3226 3305 3305 pr'gestari
3351 3228 3484 3305 solet
3511 3243 3547 3284 a
3580 3230 3716 3285 reli-

413 3292 850 3374 ἀρχιεπισκόπων
881 3292 1117 3374 συνηθως
1146 3293 1199 3351 ἐν
1228 3300 1305 3374 τῷ
1332 3300 1502 3369 καιρῷ
1529 3296 1628 3363 τῆς
1651 3315 1984 3373 χειροτονιας

410 3371 666 3453 γινυμένη
711 3380 805 3432 τοῦ
848 3371 1112 3450 συμϐόλου
1136 3373 1419 3455 ἀσφάλεια.
1456 3397 1484 3429 π

415 3478 653 3534 Πιστεύω
736 3478 809 3543 εἷς
894 3476 986 3533 ἕνα
1058 3477 1212 3558 θεὸν,
1278 3476 1482 3557 Πατέρα
1564 3477 1987 3558 παντοκράτορα,

321 3568 570 3635 ποιητὴν
627 3566 846 3647 ούρανοῦ
900 3567 988 3623 καὶ
1043 3571 1169 3646 γῆς,
1242 3569 1446 3647 ὁρατῶν
1515 3588 1572 3624 τε
1641 3567 1854 3625 πάντων
1905 3572 1994 3627 καὶ

318 3656 595 3738 ἀοράτων,
626 3656 715 3714 καὶ
793 3657 868 3720 εἷς
915 3653 1007 3711 ἕνα
1068 3657 1255 3736 Κύριον
1327 3654 1533 3725 Ἰησοῦν
1593 3658 1844 3735 Χριστὸν,
1903 3659 1994 3713 τὸν

318 3748 457 3805 Υἱὸν
482 3755 575 3805 τοῦ
604 3752 736 3803 Θεοῦ
759 3746 852 3802 τὸν
897 3750 1183 3823 μονογενῆ,
1228 3746 1322 3801 τὸν
1392 3744 1452 3803 ἐκ
1507 3755 1601 3805 τοῦ
1645 3752 1848 3824 ηατρὸς
1873 3767 1990 3824 γεν-

320 3835 566 3905 νηθέντα
622 3836 725 3914 πρὸ
781 3835 995 3892 πάντων
1064 3836 1171 3891 τῶν
1228 3836 1454 3910 αἰώνων,
1509 3840 1620 3916 φῶς
1675 3833 1735 3892 ἐκ
1789 3836 1988 3916 φωτὸς,

320 3927 470 3986 Θεὸν
526 3923 778 3992 ἀληθινὸν
860 3923 921 3981 ἐκ
995 3930 1127 3982 Θεοῦ
1199 3921 1472 4000 ἀληθινοῦ,
1548 3924 1865 4005 γεννηθέντα
1933 3928 1994 3983 ού

323 4012 653 4094 ποιηθέντα,
725 4014 1004 4091 ὁμοούσιον
1077 4017 1154 4090 τῷ
1228 4016 1416 4093 Πατρὶ,
1462 4012 1529 4071 δι’
1578 4017 1641 4071 οὗ
1705 4015 1773 4072 τὰ
1822 4015 1995 4072 πάντα

327 4106 552 4185 ἐγένετο
587 4122 601 4137 ·
655 4104 746 4160 τὸν
802 4101 870 4160 δι’
920 4103 1064 4180 ἡμᾶς
1106 4103 1227 4170 τοὺς
1269 4103 1608 4184 ἆμθρώπους,
1668 4105 1756 4162 καὶ
1794 4103 1879 4160 διὰ
1896 4104 1996 4172 τὴν

325 4195 609 4277 ἡμετέραν
681 4196 947 4277 σωτηρίαν
1025 4194 1344 4254 κατελθόντα
1435 4195 1496 4253 ἐκ
1577 4197 1683 4255 τῶν
1739 4197 1991 4275 οὗρανῶν,

325 4289 427 4348 καὶ
497 4285 831 4368 σαρκωθέντα
908 4284 969 4342 ἐκ
1048 4287 1352 4364 Πνεύματος
1423 4286 1574 4367 ἁγίου
1642 4287 1731 4344 καὶ
1798 4285 1999 4366 Μαρίας

298 4370 439 4447 γτῆς
512 4373 797 4456 Παρθένου,
879 4376 969 4433 καὶ
1054 4374 1551 4456 ἐνανθρωπήσαντα,
1639 4375 2002 4457 σταυρωθέντα

327 4490 395 4526 τε
458 4465 591 4546 ὑπὲρ
655 4466 813 4541 ἡμῶν
869 4465 957 4522 ἐπὶ
1014 4465 1234 4523 Ποντίου
1292 4462 1541 4539 Πιλάτου,
1603 4465 1690 4523 καὶ
1742 4464 1998 4542 παθόντα,

2139 3297 2464 3373 giosissimis
2477 3307 2595 3373 _mc1
2602 3297 2928 3370 ropolt'tanis
2945 3306 2993 3353 et
3008 3297 3454 3371 archiepiscopis,
3479 3307 3719 3373 tempore

2141 3367 2532 3426 ordinationis.

2153 3462 2344 3525 Credo
2375 3461 2435 3523 in
2468 3481 2648 3524 unum
2681 3462 2890 3538 Deum,
2927 3466 3155 3526 Patrem
3217 3464 3716 3546 omnipotentem,

2077 3550 2350 3632 opiﬁcem
2385 3551 2517 3614 coeli
2543 3560 2601 3615 et
2637 3563 2831 3629 terrae,
2884 3553 3312 3634 aspectabilem
3365 3556 3634 3619 omnium
3662 3568 3720 3622 et

2077 3636 2641 3731 inaspectabilium:
2698 3653 2756 3707 et
2807 3643 2869 3706 in
2921 3663 3103 3706 unum
3163 3643 3481 3707 Dominum
3509 3644 3718 3710 Jesum

2076 3731 2373 3795 Christum
2388 3785 2395 3800 ,
2410 3733 2619 3797 Filium
2639 3733 2747 3797 Dei
2765 3734 3156 3816 unigenitum,
3181 3754 3250 3795 ex
3270 3736 3443 3796 Patre
3457 3735 3722 3814 genitum

2074 3827 2211 3883 ante
2233 3822 2659 3895 omniasecula,
2688 3824 2888 3887 lumen
2914 3824 2990 3887 de
3009 3823 3255 3886 lumine.
3303 3823 3488 3885 Deum
3515 3844 3722 3889 verum

2078 3909 2155 3972 de
2181 3909 2306 3974 Deo
2338 3930 2475 3974 vero
2507 3914 2795 3993 genitum,
2822 3932 2940 3975 non
2966 3913 3182 3975 factum
3209 3933 3225 3994 ;
3248 3913 3726 3977 consubstantia-

2076 4000 2196 4063 lem
2227 4001 2405 4076 Patri,
2444 4021 2552 4084 per
2576 4022 2752 4084 quem
2767 4003 2966 4066 omnia
2997 4001 3148 4064 facta
3172 4009 3338 4064 sunt:
3366 4002 3465 4084 qui
3486 4011 3728 4085 propter

2080 4107 2190 4152 nos
2213 4089 2506 4168 homines,
2530 4101 2588 4153 et
2609 4100 2850 4175 propter
2865 4092 3116 4156 salutem
3133 4099 3394 4154 nostram
3415 4093 3731 4156 descendit

2081 4180 2158 4243 de
2185 4180 2372 4263 caelis,
2407 4190 2465 4245 et
2494 4182 2835 4246 incarnatus
2865 4191 2956 4246 est
2983 4182 3059 4245 de
3119 4179 3341 4263 Spiritu
3401 4190 3629 4257 sancto,
3656 4202 3727 4245 ex

2081 4269 2564 4350 Mariaﬂirgine,
2600 4280 2660 4335 et
2684 4271 2862 4334 homo
2890 4271 3077 4334 factus
3106 4278 3237 4347 est;
3268 4270 3371 4352 qui
3410 4271 3729 4335 cruciﬁxus

2083 4366 2175 4423 est
2204 4378 2312 4441 pro
2344 4360 2518 4423 nobis
2548 4360 2658 4423 sub
2684 4361 2893 4424 Pontio
2952 4361 3165 4442 Pilato,
3208 4368 3268 4422 et
3301 4379 3507 4442 passus
3531 4368 3644 4433 est,
3674 4369 3735 4423 et

2087 4449 2380 4531 sepultus,
2407 4458 2464 4511 et
2509 4454 2835 4514 resurrexit
2855 4451 2952 4515 die
2972 4450 3145 4513 tertia
3159 4450 3489 4513 secundum
3523 4450 3730 4531 Scrip-

334 4557 442 4615 καὶ
497 4540 750 4636 ταιρέντα,
810 4553 900 4611 καὶ
968 4552 1264 4613 ἀναστάντα
1454 4554 1605 4635 τρίτη
1661 4554 1833 4634 ἡμέρα
1868 4540 1983 4611 κατέ

2089 4547 2319 4641 ras,.et
2373 4540 2643 4602 ascendit
2692 4540 2754 4602 in
2802 4542 2978 4617 coelo,
3016 4547 3077 4603 et
3103 4540 3274 4644 sedet
3319 4540 3729 4644 addenteram

330 4646 440 4710 τὰς
512 4643 746 4724 Γραφὰς,
800 4643 895 4701 καὶ
954 4640 1240 4701 ἀνελθόντα
1283 4644 1356 4709 εἷς
1399 4643 1522 4708 τοὺς
1590 4644 1858 4724 οὐρανοὺς,
1917 4644 2006 4701 καὶ

332 4732 700 4810 καθεζόμενον
749 4731 806 4789 ἐν
860 4729 1000 4806 δεξιᾷ
1057 4739 1149 4789 τοῦ
1198 4733 1430 4813 Πατρὸς,
1486 4733 1575 4789 καὶ
1622 4731 1780 4789 πάλιν
1835 4732 2005 4813 ἐρχό-

333 4845 507 4904 μενον
583 4822 720 4900 μετὰ
802 4819 986 4897 δόξης,
1074 4821 1258 4902 κρῖναι
1341 4828 1541 4894 ζῶντας
1639 4823 1874 4903 νεκροὺς,
1947 4821 2007 4878 οὗ

332 4918 448 4984 τῆς
480 4911 751 4992 βασιλείας
798 4913 893 4970 οὐκ
940 4910 1090 4969 ἔσται
1146 4908 1300 4975 τέλος
1333 4927 1348 4942 ⁰
1408 4912 1498 4969 καὶ
1555 4912 1626 4976 εἷς
1682 4913 1744 4968 τὸ
1794 4918 2007 4986 Πνεῦμα

333 5007 406 5065 τὸ
440 5002 620 5084 ἂγιον,
656 5003 719 5060 τὸ
767 5003 977 5083 Κύριον,
1008 5003 1071 5058 τὸ
1127 5002 1411 5077 ζωοποιὸν,
1444 5003 1506 5059 τὸ
1562 5001 1623 5059 ἐκ
1667 5008 1760 5059 τοῦ
1805 5007 2006 5080 Πατρυς

335 5093 791 5173 ἐκπορευόμενον,
850 5092 912 5148 τὸ
972 5091 1064 5146 σὺν
1135 5091 1301 5169 Πατρὶ
1355 5091 1443 5147 καὶ
1511 5094 1618 5167 Υἱῷ
1667 5111 2007 5170 συμπροσκυ-

337 5183 606 5259 νούμενον
660 5182 748 5240 καὶ
812 5177 1273 5257 συνδοξαζόμενιν,
1343 5181 1405 5237 τὸ
1461 5179 1703 5249 λαλῆσαν
1771 5177 1855 5236 διὰ
1906 5180 2012 5237 τῶν

336 5277 643 5354 προφητῶν
680 5291 694 5306 ο
751 5271 824 5335 εἷς
882 5269 1005 5354 μίαν
1063 5267 1217 5349 ἅγίαν
1273 5268 1562 5339 καθολικὴν
1635 5270 1723 5326 καί
1773 5267 2010 5326 ἀποστο-

338 5350 515 5429 λικήν
558 5359 905 5428 Ἐκκλησίαν.
969 5350 1253 5440 Ὀμολογῶ
1300 5360 1356 5417 ἓν
1425 5360 1702 5437 βάπτισμα
1743 5360 1816 5422 εἷς
1875 5356 2011 5438 ἂφε-

340 5473 436 5510 σιν
512 5449 809 5530 ἁμαρτιῶν.

339 5540 504 5618 ζωὴν
555 5546 650 5598 τοῦ
706 5538 994 5619 μέλλοντος
1051 5540 1262 5606 αἰῶνος.
1322 5535 1520 5617 Ἀμήν.
1604 5538 1743 5619 Πρὸς
1809 5537 2013 5602 τούτοις

2087 4629 2367 4706 Patris,et
2383 4648 2618 4693 rursum
2638 4640 2920 4693 venturus
2936 4638 3025 4693 est
3037 4649 3172 4692 cuni
3187 4629 3395 4709 gloria,
3397 4630 3732 4711 judicatum

2089 4720 2251 4782 vivos
2273 4729 2327 4782 et
2344 4722 2817 4802 mortuos,cujus
2835 4739 3088 4801 regnum
3120 4720 3298 4782 ﬁnem
3320 4738 3438 4780 non
3454 4718 3734 4781 habebit:

2090 4818 2151 4873 et
2180 4809 2241 4871 in
2275 4809 2563 4891 Spiritum
2596 4821 2891 4886 sanctum,
2917 4809 3259 4891 Dominum,
3294 4807 3740 4890 viviﬁcum,qui

2092 4918 2162 4963 ex
2184 4898 2356 4963 Patre
2374 4899 2641 4981 procedit
2661 4901 2812 4981 (56),
2828 4900 2929 4982 qui
2948 4919 3083 4962 cum
3103 4902 3275 4962 Patre
3288 4918 3356 4961 ac
3375 4898 3522 4960 Filio
3556 4898 3738 4960 simul

2089 4990 2394 5066 aduratur,
2432 4998 2491 5054 et
2518 4990 2697 5053 simul
2725 4992 3111 5071 gloriﬁcatur,
3139 4990 3244 5071 qui
3293 5007 3400 5069 per
3420 4989 3742 5070 prophetas

2092 5087 2184 5143 est
2202 5080 2451 5143 lbcutus.
2478 5078 2667 5143 Credo
2689 5080 2751 5142 in
2773 5100 2950 5142 unam
2974 5088 3239 5142 sanctam
3259 5078 3662 5141 universalem
3683 5092 3744 5139 et

2091 5170 2474 5251 apostolicam
2508 5168 2860 5233 Ecclesiam.
2896 5167 3193 5232 Conﬁteor
3233 5186 3419 5230 unum
3450 5166 3748 5246 baptisma

2093 5259 2168 5323 ad
2199 5268 2579 5342 peccatorum
2610 5259 3046 5322 remissionsm.
3067 5260 3329 5339 Expecto
3343 5256 3742 5318 resurrectio-

2098 5369 2237 5414 nem
2268 5358 2659 5424 mortuorum,
2717 5364 2774 5410 et
2807 5348 2981 5410 vitam
3034 5346 3216 5409 futuri
3274 5344 3492 5408 saeculi.
3527 5344 3745 5409 Amen.

911 5431 1196 5529 Προσδοκῶ
1281 5447 1569 5506 ἀνάστασιν
1650 5453 1868 5528 νεκρῶν,
1925 5469 1983 5504 κα

2097 5444 2317 5503 Ρτωιοι·
2343 5431 2470 5502 haec
2497 5438 2723 5521 recipio
2744 5446 2981 5529 sanctas
3021 5444 3081 5499 et
3131 5435 3498 5529 universales
3517 5442 3747 5516 septem

2099 5532 2379 5617 synodos,
2394 5548 2527 5612 quae
2538 5526 3013 5592 conservationis
3032 5532 3374 5589 sanctorum
3402 5523 3744 5604 dogmatum

1942 5703 2191 5771 ΝΟΤΛΕ.

443 5840 571 5925 (55)
610 5839 722 5915 Qui
759 5840 996 5925 Latine,
1027 5841 1240 5908 Fcliw.

2175 5834 2301 5918 (56)
2333 5833 2574 5899 Graecus
2602 5848 2797 5906 error,
2829 5828 2918 5892 illi
2944 5826 3106 5910 genti
3135 5821 3474 5910 peculiaris.
