4128 6420
245 399 394 463 M61

1579 397 2286 474 GREGO—ROMANUM.

3493 410 3520 480 1
3536 407 3652 476 162

729 673 1684 802 ΘΕΟΔΩΡΟΥ
1785 671 2135 801 ΤΟΥ
2235 671 3204 808 ΒΑΛΣΑΜΩΝ

1496 914 1918 967 ΠΑΤΡΙΔΡΧΟΥ
1961 916 2370 968 ΑΝΤΙΟΧΕΙΑΣ

1162 1087 1653 1174 ΜΕΛΕΤΑΙ
1727 1087 1998 1172 ΗΤΟΙ
2068 1087 2745 1176 ΑΠΟΚΡΙΣΕΙΣ

777 1485 1781 1635 THEODORI
1886 1486 3119 1640 BALSAMONIS

1439 1733 1945 1801 PATRIARCHIE
1986 1736 2458 1804 ANTIOCHENI

1062 1923 1712 2022 MEDITATA
1814 1923 2093 2018 SlVE

2202 1925 2838 2023 RESPONSA

252 2325 280 2357 α
315 2312 420 2402 T01:
478 2302 775 2402 ἁγιωτάτοις
831 2302 1162 2402 ¹πατριάρχου
1188 2300 1557 2402 ΙἈντιοχείας
1629 2301 1926 2383 Θεοδώρουλ

1982 2298 2374 2402 δαρςιίξείηιί
2397 2304 2783 2399 patriarchae
2811 2305 3172 2402 Antioche-ni
3205 2305 3498 2402 Iheodqri
3522 2325 3644 2371 me-

329 2381 535 2458 μελέτη
559 2381 720 2462 ἤγουν
751 2381 1100 2464 ἀπόκρισις,”
1119 2383 1278 2464 χάριν
1334 2381 1443 2441 τῶν
1494 2381 1897 2465 πατριαρχικῶν

326 2466 652 2542 προνομίων,

329 2551 551 2620 Εἷσῆλθε
604 2554 666 2609 τὸ
736 2552 942 2630 ἀξίωμά
1009 2577 1103 2612 σου
1159 2554 1384 2613 ἐνώπιόν
1441 2577 1563 2632 μου,
1637 2555 1895 2635 πανιερώ-

244 2665 394 2717 τατε,
428 2643 515 2698 καὶ
543 2641 762 2723 ἐδέχθη,
821 2643 909 2700 καὶ
961 2641 1255 2724 ἀπεδέχθη,
1327 2645 1416 2701 καὶ
1473 2643 1720 2719 ᾠκειώθη
1777 2666 1891 2718 μοι.

246 2733 318 2790 Οὔ
374 2733 473 2812 γὰρ
531 2729 732 2808 ἄσεμνα
804 2732 939 2810 ῥάκη
1011 2730 1406 2812 κεριεϐέϐλητο,
1498 2734 1588 2790 καὶ
1642 2733 1738 2801 τῆς
1794 2738 1894 2800 σῆς

245 2819 643 2886 πλουτοδότιδος
691 2823 874 2903 σοφίας
931 2821 1118 2887 ἀνάξια
1154 2842 1169 2852 ·
1228 2824 1395 2899 σεμνὰ
1452 2821 1506 2879 δὲ
1552 2821 1776 2899 μᾶλλον,
1807 2823 1895 2880 καὶ

246 2913 502 2990 εὔπρεπῆ,
534 2913 622 2967 καῖ
674 2915 766 2967 οἷα
840 2909 1000 2990 χείλη
1053 2912 1454 2988 στημονίζουσιν
1509 2912 1766 2988 ίερατικὰ,
1802 2910 1896 2968 λα-

246 2997 436 3056 λοῦντα
482 2997 841 3080 δικαιοσύνην,
915 3001 1004 3056 καὶ
1071 3007 1330 3072 ζητοῦντα
1385 2999 1665 3072 ἀλήθεεαν.
1743 3000 1893 3067 Δέξαι

244 3087 417 3144 τοίνυν
447 3088 474 3144 ὃ
529 3085 596 3144 δι’
628 3090 786 3145 αὐτοῦ
850 3085 1037 3145 λαϐεῖν
1093 3089 1356 3160 ἐζήτησας
1392 3089 1442 3156 ἐξ
1498 3093 1650 3168 ἡμῶν
1683 3088 1896 3170 φιλικῆς

247 3177 574 3258 ἀποκρίσεως
675 3175 954 3237 τάλαντον.
1057 3176 1311 3244 Ἠξίωσάς
1397 3202 1463 3255 με
1561 3177 1894 3237 διαλαϐέσθαι

243 3272 445 3348 γραφῇ,
493 3266 651 3323 πόθεν
703 3267 790 3324 καὶ
845 3273 962 3330 πῶς
1013 3268 1048 3336 ἡ
1107 3273 1213 3325 τὼν
1285 3268 1594 3347 ἁγιωτάτων
1639 3291 1892 3349 πατριαρ-

242 3362 360 3436 χῶν
392 3355 623 3423 οὖσιώθη
656 3356 876 3429 πεντὰς,
940 3357 1027 3413 καὶ
1074 3357 1240 3413 ποίων
1295 3359 1594 3436 προνομίων
1652 3357 1890 3433 ἠξίωται,

241 3446 327 3501 καὶ
358 3447 401 3500 εἱ
431 3442 557 3519 ςέστι
598 3467 680 3507 τις
733 3444 891 3520 μέσον
960 3445 1157 3502 τούτων
1225 3443 1467 3528 διαφορὰ,
1517 3447 1690 3510 καθώς
1760 3469 1893 3514 τινες

241 3533 478 3613 λέγουσι.
542 3535 816 3615 Γράφομεν
871 3536 1041 3591 τοίνυν
1105 3543 1175 3614 τῇ
1218 3537 1449 3616 ἷερότητί
1505 3559 1621 3614 σου,
1683 3537 1764 3594 ὅτι
1793 3540 1894 3616 πρὸ

241 3624 455 3680 πάντων
510 3629 856 3705 πατριαρχῶν
931 3629 1030 3692 τῆς
1073 3624 1402 3692 θεουπόλεως
1473 3625 1715 3707 μεγάλης
1776 3625 1892 3684 ’Λν-

2062 2383 2373 2468 ditatum,
2407 2387 2943 2468 siveresponsum
2991 2387 3067 2449 de
3132 2388 3645 2468 patriarcharum

2051 2462 2425 2550 privilegiis.
2489 2482 2513 2500 ·
2561 2465 2567 2471 ⁷

2057 2555 2239 2620 Venit
2263 2556 2323 2618 in
2356 2566 2739 2640 conspectum
2768 2578 2966 2622 meum
2999 2559 3206 2640 petitio
3237 2568 3358 2637 tua,
3389 2561 3480 2623 vir
3504 2580 3636 2624 san-

1975 2645 2262 2720 ctissime,
2299 2654 2358 2707 et
2389 2646 2648 2710 admissa
2674 2657 3178 2732 receptaque,per
3211 2650 3358 2712 mihi
3389 2651 3634 2732 placuit.

1977 2733 2209 2816 Quippe
2241 2753 2357 2796 non
2380 2735 2714 2799 inhonestis
2737 2745 2864 2800 erat
2885 2739 3250 2801 indumentis
3275 2735 3635 2814 amicta,nec

1979 2823 2242 2903 indignis
2274 2825 2504 2887 liberali
2528 2827 2822 2908 sapientia
2845 2835 2946 2890 tua
2970 2848 2984 2888 :
3011 2828 3116 2890 sed
3136 2828 3406 2890 honestis
3435 2828 3635 2910 potius

1976 2920 2034 2974 et
2081 2913 2455 2989 decentibus,
2517 2916 2712 2996 qualia
2761 2923 2961 2978 texere
3016 2916 3412 2979 sacerdotalia
3466 2915 3634 2980 labra

1977 3003 2194 3083 solent,
2229 3022 2360 3084 quae
2383 3004 2673 3084 justitiam
2710 3006 3039 3088 proferunt,
3067 3015 3124 3068 et
3152 3006 3459 3069 veritatem
3479 3024 3634 3088 quae-

1982 3098 2142 3154 runt.
2177 3090 2552 3173 Quapropter
2579 3093 2807 3176 accipe,
2849 3095 3007 3176 quod
3031 3111 3145 3178 per
3174 3113 3302 3157 eam
3334 3094 3570 3157 voluisti
3599 3112 3634 3157 a

1978 3180 2152 3242 nobis
2211 3181 2517 3262 consequi,
2578 3184 2990 3264 responsionis
3047 3185 3256 3248 amicae
3312 3184 3630 3250 talentum.

1979 3269 2232 3350 Petiisti,
2265 3271 2574 3352 utscripto
2606 3273 2992 3353 complectar,
3025 3273 3210 3357 unde,
3244 3281 3303 3337 et
3331 3271 3634 3354 quomodo

1982 3357 2492 3420 sanctissimorum
2545 3361 3020 3441 patriarcharum
3085 3381 3372 3424 numerus
3418 3362 3634 3444 quina-

1979 3445 2106 3508 rius
2127 3446 2442 3529 exstiterit;
2467 3468 2600 3530 qum
2621 3450 2927 3530 privilegia
2963 3452 3271 3514 consecuti
3293 3452 3438 3529 sint;
3471 3459 3530 3514 et
3558 3469 3634 3514 an

1979 3533 2055 3622 sit
2081 3535 2239 3597 inter
2268 3555 2370 3598 eos
2403 3537 2729 3600 discrimen
2756 3539 3018 3621 aliquod,
3051 3539 3136 3602 uti
3169 3539 3413 3622 quidam
3439 3538 3636 3621 perbi-

1975 3621 2140 3687 bent.
2174 3624 2508 3689 Scribimus
2546 3645 2685 3708 ergo
2718 3627 3013 3690 sanctitati
3043 3621 3462 3703 tuae,7caeteros
3493 3637 3635 3691 ante

241 3713 479 3794 τιοχείας
510 3715 652 3792 παρὰ
681 3721 773 3770 τοῦ
832 3713 980 3793 ἁγίου
1032 3713 1328 3771 ἀποστόλου
1372 3714 1572 3796 Πέτρου
1643 3713 1926 3796 κεχειρο-’

1982 3713 2342 3792 patriarchas
2371 3734 2604 3796 omnes,
2634 3735 2669 3779 a
2699 3725 2902 3780 sancto
2924 3717 3100 3780 Petro
3127 3718 3396 3799 apostolo
3447 3717 3633 3780 fuisse

243 3805 461 3865 τόνηται
505 3805 534 3860 6
601 3801 653 3868 ἐξ
707 3801 1036 3883 Ἀντιοχέων
1091 3800 1282 3868 Εὔοδος
1320 3822 1334 3837 ⁸
1393 3805 1481 3861 καὶ
1537 3803 1661 3881 μστ’
1715 3804 1891 3883 ὀλίγον

242 3895 344 3950 ὑπὸ
384 3902 478 3952 τοῦ
509 3894 667 3951 αὐτοῦ
708 3893 1046 3972 θεοκήρυκος,
1079 3898 1180 3960 τῆς
1235 3891 1560 3961 Ἐκκλησίας
1605 3894 1711 3950 τῶν
1743 3893 1892 3952 Ἀλε-

239 3981 492 4064 ξανδρέων
523 3981 830 4058 ἐπίσκοπος,
892 3985 921 4039 6
970 3982 1123 4061 ἅγιος
1197 3983 1415 4062 Μάρκος
1477 3981 1835 4064 προϐέϐληται
1869 4001 1882 4014 ·

238 4079 345 4130 τῶν
379 4063 830 4152 Ἱεροσολυμιτῶν,
859 4075 887 4129 6
915 4071 1066 4152 ἅγιος
1117 4070 1368 4138 Ἰάκωϐος
1401 4087 1418 4105 ⁶
1473 4063 1562 4131 καὶ
1617 4078 1716 4140 τῆς
1749 4075 1890 4153 Θρᾴ-

235 4184 362 4235 κης,
396 4164 423 4218 6
480 4161 630 4240 ἅγιος
675 4157 946 4241 Ἀνδρέας.
1006 4161 1153 4218 Μετὰ
1205 4157 1259 4217 δὲ
1315 4163 1540 4242 χρόνους
1595 4163 1721 4218 ὡσεὶ
1748 4185 1892 4243 τρια-

233 4253 444 4317 κοσίους
531 4250 700 4330 μέγας
782 4249 836 4306 ἐν
912 4251 1200 4328 Πατράσιν,
1285 4254 1312 4309 ὁ
1369 4251 1518 4332 ἅγιος
1577 4249 1885 4332 Σίλόεστρος

231 4341 382 4420 παρὰ
422 4347 516 4398 τοῦ
573 4340 723 4418 ἁγίου
777 4338 1133 4397 ἶσαποστόλου
1175 4338 1409 4419 μεγάλου
1465 4340 1880 4418 Κωνσταντίνου,

233 4431 352 4511 ἄρτι
437 4429 669 4511 πρώτως*
747 4426 1210 4509 όρθοδοξήσαντος,
1296 4429 1478 4495 πάπας
1552 4439 1647 4490 τοῦ
1703 4430 1886 4510 θρόνου

231 4508 334 4588 τῆς
376 4508 608 4582 παλαιᾶς
656 4508 867 4591 ’Ῥώμης
927 4517 1256 4594 ὠνόμασται,
1317 4520 1491 4585 καθὼς
1547 4521 1583 4588 ἡ
1640 4508 1884 4600 φιλόθεος

1974 3801 2310 3864 ordinatum
2329 3821 2557 3882 magna;
2577 3802 2739 3866 illius
2760 3805 3099 3868 Antiochiae
3117 3803 3630 3882 antistitem,Evo-

1973 3889 2113 3951 dum
2145 3891 2612 3970 Antiochenum;
2644 3901 2703 3956 et
2732 3894 2908 3976 paulo
2937 3902 3088 3976 post,
3123 3894 3196 3958 ab
3225 3895 3439 3958 eodem
3473 3911 3628 3976 prae-

1973 3997 2122 4041 cone
2153 3979 2374 4062 divino,
2423 3981 2772 4064 episcopum
2829 3983 3255 4046 Alexandrinas
3285 3984 3630 4065 praefectum

1977 4065 2280 4142 Ecclesiae,
2346 4077 2614 4131 sanctum
2676 4072 2987 4147 Marcum;
3045 4071 3624 4155 Hierosolymitanaa,

1972 4167 2248 4222 sanctum
2277 4158 2591 4236 Jacobum;
2615 4161 2974 4237 Thracensi,
3006 4170 3274 4224 sanctum
3300 4162 3625 4224 Andream.

1965 4245 2113 4308 Post
2151 4265 2340 4308 annos
2391 4266 2530 4310 vero
2581 4250 2750 4330 quasi
2800 4257 3129 4333 trecentos,
3177 4269 3424 4332 magnus
3474 4251 3634 4314 inter

1969 4333 2200 4412 Patres,
2236 4344 2294 4398 et
2313 4345 2553 4400 sanctus
2578 4337 2988 4416 virSilvester,
3021 4357 3056 4400 a
3075 4347 3281 4402 sancto
3304 4347 3364 4401 et
3385 4349 3626 4420 aposto-

1970 4423 2043 4486 lis
2072 4424 2220 4505 pari,
2242 4444 2454 4502 magno
2486 4425 2587 4487 illo
2634 4427 3047 4506 Constantino,
3081 4427 3183 4510 qui
3212 4435 3442 4491 rectam
3473 4429 3626 4491 doc-

1967 4513 2181 4576 trinam
2206 4533 2422 4577 recens
2447 4515 2754 4599 amplexus
2775 4517 2990 4594 fuerat,
3025 4517 3160 4578 solii
3189 4517 3397 4598 priscae
3417 4515 3624 4581 Romae

231 4609 461 4688 ἱστορία,
493 4609 582 4666 καὶ
639 4610 691 4688 αἱ
749 4605 930 4665 λοιπαὶ
989 4605 1427 4676 ἐκκλησιαστικαὶ
1494 4608 1716 4687 ἱστορίαι
1773 4607 1887 4666 δια-

1982 4622 2114 4684 )apa
2146 4603 2253 4665 fuit
2275 4603 2629 4687 appellatus;
2653 4605 3157 4687 quemadmodum
3193 4606 3441 4669 historia
3471 4607 3623 4670 reli-

232 4687 612 4774 λαμϐάνουσιν.
650 4687 708 4756 Ὀ
738 4695 794 4754 δὲ
825 4697 992 4778 μέγας
1053 4699 1232 4777 θρόνος
1289 4698 1386 4768 τῆς
1446 4709 1879 4760 Κωνσταντινου-

1982 4691 2151 4771 ςὶοεει,
2183 4713 2316 4755 cum
2361 4692 2592 4755 caeteris
2639 4695 2902 4756 historiis
2949 4694 3372 4758 ecclesiasticis
3420 4696 3620 4760 tradit.

231 4787 467 4869 πόλεως,
499 4788 560 4844 τὸ
601 4783 918 4868 περιϐόητον
948 4794 1100 4844 τοῦτο
1157 4789 1246 4844 καὶ
1295 4794 1516 4869 πρᾶγμα
1570 4789 1658 4846 καὶ
1687 4785 1876 4864 ὄνομα,

1982 4783 2210 4862 ﬂagnus
2246 4791 2442 4844 autem
2493 4783 2740 4845 thronus
2790 4784 2894 4848 ille
2933 4784 3500 4866 Constantinopolis,
3555 4803 3624 4848 re

232 4878 543 4956 Πειρινθίοις
599 4876 944 4953 ὑποκείμενος
1018 4875 1308 4957 (Πείρινθος
1339 4875 1394 4933 δέ
1445 4876 1586 4934 ἔστιν
1642 4879 1676 4946 ἡ
1747 4875 1926 4937 δυτι-(

1982 4871 2190 4951 pariter
2234 4891 2303 4934 ac
2357 4873 2603 4935 nomine
2650 4873 2932 4950 famosus,
2964 4873 3290 4938 Perinthiis
3316 4873 3625 4954 subjectus

231 4969 305 5038 κή
362 4964 674 5046 Ἡράκλεια)
763 4965 928 5023 ἐτέλει
990 4967 1091 5022 ὑπὸ
1169 4966 1478 5027 ἐπίσκοπον.
1567 4965 1728 5024 Οὸπω
1783 4967 1883 5047 γὰρ

1982 4960 2087 5042 ξθει
2115 4969 2311 5022 autem
2341 4961 2681 5035 Perinthus,
2721 4961 3109 5026 occidentalis
3137 4961 3448 5044 Heraclea)
3483 4963 3618 5047 epi-

234 5056 598 5137 μεγαλόπολις
657 5045 703 5126 νὴ
776 5054 1328 5123 Κωνσταντινούπολις
1385 5056 1710 5134 ὠνομάζετο.
1745 5045 1882 5119 ἆλλᾶ

1982 5069 2147 5130 scopo
2181 5049 2719 5132 parebat.Necdum
2753 5053 2912 5113 enim
2945 5052 3088 5114 urbs
3111 5051 3444 5129 magna,vel
3468 5045 3620 5115 Con-

231 5147 541 5228 πολίχνιον,
599 5147 687 5204 καὶ
743 5146 1042 5217 Βυζάντιον.
1121 5144 1558 5225 Μετενεχθέντων
1617 5144 1670 5201 δὲ
1722 5153 1826 5204 τῶν
1862 5163 1876 5176 ⁸

1982 5138 2381 5220 -tantinopolis
2411 5139 2841 5222 appellabatur;
2863 5142 2968 5204 sed
2989 5140 3277 5222 oppidum
3313 5148 3370 5201 et
3398 5139 3618 5221 Byzan-

233 5226 520 5316 σκήπτρων
575 5241 676 5304 τῆς
734 5234 1002 5312 βασιλείας
1058 5235 1164 5292 ἀπὸ
1223 5240 1320 5302 τῆς
1363 5234 1595 5301 παλαιᾶς
1669 5226 1880 5312 Ῥώμης

1982 5229 2110 5289 .ium
2146 5228 2289 5290 Cum
2320 5237 2518 5292 autem
2558 5230 2797 5311 imperii
2828 5240 3063 5311 sceptra
3091 5249 3163 5292 ex
3188 5229 3373 5292 veteri
3403 5228 3613 5310 Roma,

233 5329 290 5384 ἐν
331 5327 489 5405 αὐτῇ,
522 5327 657 5382 κατὰ
683 5327 824 5382 θείαν
877 5327 964 5382 καὶ
1016 5323 1313 5402 ἀπόρρητον
1371 5325 1651 5404 Πρόνοιαν,
1697 5327 1771 5387 ὡς
1829 5325 1880 5391 ἐξ

1982 5316 2160 5378 iivina
2217 5325 2276 5379 et
2330 5317 2615 5380 ineffabili
2699 5319 3116 5395 Providentia,
3200 5329 3481 5402 tanquam
3549 5337 3619 5382 ex

233 5414 535 5496 ἆγριελαιου
564 5415 636 5478 εἷς
697 5412 1058 5490 καλλιέλαιον,
1123 5417 1151 5470 6
1180 5413 1304 5470 τότε
1348 5413 1739 5494 ἀρχιερατεύων
1781 5414 1879 5482 τῆς

1982 5407 2222 5468 )leastro
2252 5406 2312 5467 in
2341 5407 2577 5490 olivam,
2611 5409 2726 5470 huc
2757 5409 3036 5471 translata
3053 5405 3326 5486 fuissent;
3346 5408 3448 5492 qui
3475 5417 3620 5472 tunc

233 5494 558 5572 Ἐκκλησίας
604 5509 696 5561 τοῦ
749 5503 986 5560 τοιούτου
1054 5502 1238 5583 θρόνου
1297 5501 1449 5580 ἅγιος
1508 5502 1878 5581 Μετροφάνης,

1982 5494 2268 5574 ροηιὶίίοἰε
2295 5515 2430 5558 cum
2461 5499 2812 5560 auctoritate
2850 5499 3062 5560 throno
3119 5499 3296 5578 hujus
3347 5497 3619 5561 ecclesiae
3702 5551 3707 5556 .

234 5594 287 5664 ἐξ
316 5595 608 5653 ἐπισκόπου
677 5593 1063 5670 μετωνομάσθη
1135 5591 1577 5672 ἀρχιεπίσκοπος.
1641 5591 1741 5648 Διὰ
1784 5592 1883 5671 γὰρ

1982 5592 2238 5664 πίθοι-δι,
2287 5595 2531 5648 sanctus
2580 5587 2681 5648 ille
2729 5587 3170 5669 Metrophanes,
3205 5605 3277 5649 ex
3308 5586 3616 5668 episc0po,

233 5693 392 5744 τοῦτο
419 5684 507 5741 καὶ
577 5684 613 5751 ἡ
665 5683 854 5762 πρώτη
910 5681 1035 5760 ἁγία
1091 5679 1431 5756 οἶκουμενική
1482 5676 1693 5744 σύνοδος
1749 5703 1885 5758 μνη-

1982 5675 2208 5762 iomine
2239 5682 2489 5762 mutato,
2523 5684 2764 5740 vocatus
2791 5677 2901 5739 fuit
2931 5677 3438 5759 archiepiscopus.
3473 5675 3621 5738 Ete-

236 5775 537 5853 μονιύσασα
564 5761 774 5830 καὶτοῦ
842 5772 1025 5850 θρόνου
1091 5773 1190 5837 τῆς
1246 5767 1882 5850 Κωνστοιντινουττὸολεως⁷

1982 5761 2091 5823 nim
2149 5761 2375 5834 idcirco
2437 5763 2631 5844 prima
2689 5774 2891 5844 sancta
2933 5767 3192 5846 synodus
3225 5765 3614 5851 Luniversalis,

798 5891 1058 5958 PATROL.
1095 5893 1208 5957 Gn.
1241 5891 1452 5954 CXIX.
3139 5891 3212 5954 37
