4128 6414
255 353 284 416 1
303 352 414 417 165
1597 349 1907 415 GRECO-l

1991 350 2302 416 ’MANUM.
3485 357 3642 425 1166

254 488 472 566 λαμπὰς
546 495 640 547 τοῦ
709 487 1098 566 διδασκαλικοῦ,
1147 488 1326 567 φασὶν,
1385 485 1524 542 ἐστὶν
1579 481 1897 559 ἀξιώματος.

1991 487 2145 541 sunt.
2181 481 2417 564 Quippe
2468 481 2583 560 fax,
2629 483 2928 566 inquiunt,
2961 485 3036 549 ad
3065 486 3326 551 ofﬁcium
3374 487 3645 554 doctoris

258 577 387 657 Παρ’
461 579 664 660 ἐνορίαν
735 577 789 635 δὲ
860 577 1120 635 διδάσκειν
1191 581 1286 635 οὐκ
1364 575 1570 655 ἐφεῖται
1640 573 1905 653 ἀρχιερεῖ,

1992 577 2243 660 spectat.
2279 571 2456 634 Extra
2487 574 2854 655 provinciam
2877 593 3016 638 vero
3046 575 3291 658 docere,
3323 597 3446 641 non
3493 597 3640 660 per-

256 670 391 724 κατὰ
420 671 510 725 τὸν
540 658 596 726 κ’
675 669 871 726 κανόνα
929 673 1028 736 τῆς
1069 667 1122 722 ἐν
1191 668 1268 742 τῷ
1324 663 1570 745 Τρούλλῳ
1626 663 1778 741 ἁγίας
1822 663 1907 719 καὶ

1994 658 2240 746 missum
2304 668 2394 722 est
2451 663 2757 746 pontiﬁci;
2812 665 3140 727 secundum
3212 658 3511 730 canonem
3559 684 3640 731 xx

255 759 624 834 οἷκουμενικῆς
690 759 850 825 ἕκτης
935 755 1170 818 συνόδου.
1237 757 1332 814 Καὶ
1413 757 1486 817 εἷς
1570 753 1907 810 ὲπισύστασιν

1991 745 2209 809 habita;
2239 748 2298 809 in
2331 747 2536 812 Trullo
2568 759 2787 815 sanctae
2837 761 3014 835 atque
3062 754 3415 817 universalis
3459 763 3640 819 sextae

253 845 406 914 δῆθεν
435 853 527 905 τοῦ
565 846 726 927 λόγου
776 849 969 922 αὐτῶν,
1018 847 1108 903 καὶ
1169 857 1288 910 τοῖς
1343 841 1714 922 εύαγγελικοϊς
1775 841 1907 898 ἄπο-

1991 836 2218 927 s_ynodi.
2251 839 2328 901 Et
2382 839 2456 901 ad
2514 842 2983 906 conﬁrmandam
3043 845 3274 908 scilicet
3329 846 3482 908 banc
3538 863 3640 908 ra-

254 938 490 1016 χρῶνται
560 923 784 1016 ῥήμασι,
845 936 936 993 καὶ
991 933 1256 1014 λέγουσι·
1318 932 1599 1008 Λαμψάτω
1660 932 1722 987 τὸ
1792 937 1904 1010 φῶς

1991 923 2210 986 tionem
2261 944 2455 1016 suam,
2515 930 2874 1010 evangelicis
2924 950 3162 1013 quoque
3219 933 3419 997 verbis
3475 933 3646 997 hisce

253 1015 400 1100 ὑμῶν
473 1024 763 1105 ἔμπροσθεν
847 1029 953 1081 τῶν
1065 1022 1375 1103 ἀνθρώπων.
1471 1019 1900 1101 Ἀκουσάτωσαν,

1991 1021 2235 1105 utuntur
2267 1035 2298 1105 ε,
2333 1015 2552 1080 Luceat
2607 1018 2708 1081 lux
2764 1027 2959 1083 vestra
3009 1039 3210 1084 coram
3269 1022 3640 1085 hominibus.

253 1099 329 1178 ὥς
371 1117 420 1170 σί
462 1099 707 1192 βασιλεῖς
756 1115 844 1171 καὶ
896 1116 943 1171 οἱ
1011 1099 1336 1194 πατριάρχαι
1392 1109 1774 1191 μεγαλύνονται
1805 1099 1902 1184 μὲν

1991 1099 2241 1164 Audiant
2288 1103 2371 1194 hi,
2409 1113 2525 1167 tam
2559 1107 2634 1169 ad
2664 1108 3123 1188 amplitudinem
3164 1110 3642 1193 imperatoriam,

253 1205 342 1259 καὶ
423 1201 821 1270 διδασκαλικῶς
878 1201 1163 1281 ἀξιώμασι,
1263 1200 1348 1257 διὰ
1415 1200 1515 1268 τὴν
1583 1206 1675 1258 τοῦ
1753 1199 1903 1278 ἁγίου

1991 1207 2162 1270 quam
2227 1193 2707 1274 patriarchalem,
2762 1197 2954 1260 ofﬁcia
2999 1197 3258 1262 docendi
3310 1200 3640 1282 pertinere,

252 1293 547 1373 χρίσματος
574 1291 788 1371 δύναμιν
825 1310 837 1324 '
901 1292 1132 1351 ἐντεῦθεν
1186 1292 1287 1371 γὰρ
1341 1293 1388 1347 οἱ
1443 1291 1623 1348 πιστοὶ
1654 1287 1902 1347 δεσπόται

1991 1283 2576 1373 propterunctionis
2623 1304 2807 1350 sacrae
2860 1289 2979 1350 vim
3025 1297 3201 1371 atque
3256 1298 3640 1371 potestatem.

368 1366 742 1463 αὐτοκράτορες
801 1366 1211 1462 κατηχητικῶς
1260 1366 1502 1441 ὅμιλοῦσι
1553 1386 1631 1454 τῷ
1657 1400 1898 1460 χριστω-

1991 1367 2134 1431 Hinc
2165 1371 2324 1433 enim
2357 1374 2650 1452 usuvenit,
2687 1383 2754 1439 ut
2782 1377 2994 1441 ﬁdeles
3025 1366 3330 1461 principes
3355 1388 3414 1443 et
3443 1380 3643 1462 impe-

253 1471 399 1549 νύμῳ
427 1471 565 1548 λαῷ,
613 1472 648 1541 ἢ
676 1476 928 1548 θυμιῶσιν
973 1473 1043 1536 ὡς
1098 1473 1286 1550 ἱερεῖς,
1357 1470 1446 1526 καὶ
1501 1469 1636 1544 μετᾶ
1664 1467 1898 1548 δικηρίου

1991 1467 2210 1550 ratores
2256 1463 2620 1527 catechetioo
2669 1484 2836 1530 more
2880 1485 3015 1530 cum
3051 1469 3270 1550 papula
3301 1469 3640 1533 Christiano

252 1547 606 1640 σφραγίζουσι.
644 1547 792 1620 Κατὰ
819 1570 974 1620 τοῦτο
1043 1559 1097 1616 δὲ
1149 1547 1315 1636 ’μόνον
1359 1557 1602 1634 λαμπάσι
1661 1565 1896 1630 ζωννυο-

1991 1547 2414 1634 colloquantur,
2445 1563 2546 1615 aut
2595 1556 2855 1618 suﬁitum
2900 1547 3324 1620 faciant—more
3352 1559 3638 1622 sacerdo-

250 1650 432 1726 μὲναις
464 1651 711 1732 ἂγρυροϊς
761 1652 848 1707 καὶ
892 1648 1199 1730 διαχρύσοις
1258 1646 1400 1728 (οἷον
1459 1645 1660 1728 εἰπεῖν)
1708 1668 1898 1726 στεφα-

1991 1643 2197 1732 t_um,et
2215 1656 2350 1732 cum
2373 1659 2516 1732 cera
2534 1644 2763 1725 duplici
2780 1643 3348 1724 obsignent.Verum
3381 1648 3493 1709 hac
3514 1647 3643 1708 sola

176 1796 183 1800 .
246 1739 484 1814 νώμασιν
512 1725 607 1798 οὒκ
649 1740 1123 1816 ἀποσεμνύνονται,
1179 1735 1299 1794 ἀλλ’
1372 1736 1454 1794 ὅτι
1512 1739 1600 1794 καὶ
1645 1737 1778 1793 κατὰ
1806 1738 1897 1794 τὸν

1991 1725 2058 1834 de
2083 1745 2262 1834 causa
2304 1728 2560 1834 facibus,
2609 1751 2740 1834 quae
2789 1735 3095 1815 argenteis
3121 1743 3180 1797 et
3205 1736 3404 1799 aureis
3451 1739 3641 1834 (utita

251 1829 488 1907 οὐράνιον
548 1831 770 1909 γίγαντα
867 1831 931 1885 τὸ
1013 1828 1228 1907 κέντρον
1310 1829 1727 1908 καταφωτίζουτι
1797 1830 1896 1894 τῆς

1991 1813 2260 1909 dixerim)
2315 1820 2588 1883 corrollis
2632 1813 2884 1885 cinctae—
2909 1832 3067 1899 sunt,
3130 1843 3250 1888 non
3298 1834 3546 1889 utuntur
3574 1825 3638 1887 in

249 1905 572 1998 ὀρθοδοξίας⁷
607 1905 725 1983 τοῖς
817 1905 1159 1998 ἀμαρύγμασι
1232 1917 1320 1973 καὶ
1385 1919 1420 1985 ἡ
1464 1905 1655 1982 ’ἔξοδος
1728 1919 1898 1975 αὐτῶν

1991 1905 2217 1998 pompis
2249 1908 2410 1998 :Ased
2451 1910 2655 1993 etiam,
2716 1913 2876 1995 quod
2923 1914 3112 1976 instar
3167 1914 3427 1979 caelestis
3477 1915 3639 1978 illius

249 1993 347 2064 ἀπ’
373 2008 534 2088 άκρου
587 2006 784 2086 λάμπει
843 2018 936 2067 τοῦ
1007 2007 1248 2086 οὖρανοῦ,
1317 2007 1406 2063 καὶ
1462 2008 1523 2063 τὸ
1581 2005 1897 2080 κατάντημα

1991 1993 2232 2088 gigantis
2265 1996 2416 2088 _(_58),
2471 2000 2585 2062 hoc
2633 1993 2904 2065 centrum
2955 2003 3301 2067 orthodoxae
3345 2004 3641 2068 doctrinae

253 2097 426 2154 αὐτῶν
444 2083 558 2162 ’ἕως
608 2083 767 2178 ἄκρου
809 2097 986 2178 φθάνει
1042 2083 1135 2154 τοῦ
1177 2083 1396 2176 ούρανοῦ
1442 2113 1456 2128 ⁶
1490 2095 1578 2152 καὶ
1633 2095 1728 2152 οὒκ
1756 2092 1897 2151 ἔστιν

1991 2083 2164 2178 radiis
2188 2085 2850 2172 collustrentzquodque
2877 2091 3095 2170 luceat,
3133 2111 3342 2156 eorum
3373 2092 3640 2172 egressio

257 2186 313 2250 ὃς
357 2191 456 2253 τῆς
499 2171 696 2267 θέρμης
745 2171 916 2243 αὐτῶν
973 2171 1385 2266 ἀποκρύπτεται.
1457 2185 1514 2241 Εἰ
1569 2183 1669 2263 γὰρ
1741 2184 1903 2260 μόνον

1991 2171 2059 2232 ab
2083 2181 2355 2267 extremo
2385 2178 2558 2254 ccelo,
2592 2187 2650 2242 et
2683 2171 2970 2244 occursus
2999 2181 3266 2262 ipsorum
3290 2182 3364 2245 ad
3393 2171 3642 2246 alteram

256 2272 340 2330 διὰ
367 2276 428 2331 τὸ
457 2275 554 2343 τῆς
595 2274 930 2339 διδασκαλίας
993 2273 1199 2352 ἀξίωμα
1270 2279 1376 2330 τῶν
1432 2273 1681 2330 τοιούτων
1755 2271 1903 2348 λαμ-

256 2361 434 2424 πάδων
505 2364 768 2436 ἐπενοήθη
809 2367 871 2422 τὸ
919 2363 1327 2444 σεμνολόγημα,
1373 2365 1408 2432 ἡ
1483 2364 1618 2419 κατὰ
1689 2362 1902 2442 καιροὺς

255 2452 386 2519 τέως
447 2455 886 2534 αύτοκρατόριστα
942 2454 1002 2510 ἐκ
1055 2461 1151 2511 τοῦ
1215 2452 1502 2532 προνομίου
1566 2453 1752 2511 τούτου
1821 2449 1906 2507 δι-

255 2546 418 2610 καίως
491 2546 553 2600 ἃν
624 2544 824 2625 ἀφῆκεν
879 2545 1197 2625 ἆφώτιστις,
1258 2549 1522 2606 Γυναῖκας
1593 2543 1695 2621 γὰρ
1756 2547 1908 2620 σιγᾷν

258 2635 346 2690 καὶ
409 2635 487 2710 μὴ
563 2633 822 2692 διδάσκειν
895 2633 1328 2710 νενομοθέτηται.
1419 2630 1586 2690 Ἀλλὰ
1657 2632 1765 2708 μὴν
1822 2631 1911 2688 καὶ

258 2723 450 2789 ταύτας
535 2725 744 2804 ὁρῶμεν
802 2722 940 2780 οὕτω
984 2721 1328 2799 δοξαζομένας
1383 2722 1521 2778 κατὰ
1561 2720 1682 2784 τοὺς
1751 2721 1910 2796 βασι-

260 2810 401 2876 λεῖς,
463 2815 562 2871 Καὶ
607 2817 657 2871 οἱ
724 2813 980 2894 ἐγχώριοι
1037 2810 1092 2868 δὲ
1149 2811 1342 2877 πάντες
1405 2810 1683 2891 ἀρχιερεῖς
1766 2830 1906 2888 παρ-

261 2902 456 2978 ομοίως
502 2903 596 2967 τὰς
665 2902 1041 2983 ἀρχιερατικὰς
1101 2899 1196 2956 καί
1253 2899 1466 2965 ἀλλοίας
1522 2895 1776 2978 προόδους
1803 2896 1906 2954 ἐπ·-

260 2992 436 3050 ενόουν
469 2992 529 3050 ἂν
564 3009 579 3023 ·
652 2994 740 3049 καὶ
787 2990 928 3050 εἶδεν
960 2989 1020 3046 ἄν
1077 3011 1158 3053 τις
1215 2990 1381 3070 τυχὸν
1435 2990 1527 3044 τὸν
1568 2996 1661 3046 τοῦ
1718 2984 1908 3066 Ἀθύρα

257 3081 567 3156 ἐπίσκοπον,
603 3083 691 3138 καὶ
737 3083 826 3137 τὸν
869 3078 1056 3154 πολλῷ
1111 3079 1296 3136 τούτου
1365 3074 1898 3156 μικροπρεπὼτερον,

1987 2261 2122 2324 coeli
2145 2264 2344 2327 tendat
2373 2267 2806 2332 extremitatem
2842 2289 2856 2330 :
2891 2261 3039 2332 cum,
3059 2271 3296 2333 interim
3329 2288 3506 2338 nemo
3539 2273 3639 2336 sit.

1988 2350 2090 2431 qui
2133 2351 2207 2413 ab
2262 2371 2472 2416 eorum
2529 2356 2725 2420 calore
2773 2377 2838 2422 se
2895 2359 3080 2440 possit
3131 2359 3376 2423 abdere.
3411 2359 3559 2422 Nam
3591 2361 3643 2423 si

1989 2440 2270 2504 duntaxat
2299 2452 2541 2525 propter
2570 2446 2920 2526 dignitatem
2943 2449 3120 2511 oﬁicii
3151 2450 3431 2529 docendi,
3447 2450 3640 2514 facum

1993 2530 2290 2610 ejusmodi
2331 2535 2640 2615 speciosus
2680 2537 2830 2600 ritus
2877 2539 3242 2618 excogitatas
3293 2547 3494 2603 esset:
3531 2559 3642 2603 cu-

1984 2619 2204 2711 jusque
2256 2624 2542 2704 temporis
2588 2623 2936 2707 imperatrix
2986 2646 3196 2710 expers
3227 2629 3478 2709 hujusce
3509 2628 3639 2711 pri-

1991 2707 2187 2800 vilegii
2211 2711 2457 2790 foret,ac
2486 2714 2716 2777 facibus
2737 2735 2858 2779 non
2888 2717 2994 2779 abs
3024 2707 3091 2780 re
3122 2707 3382 2784 careret.
3412 2707 3647 2800 Quippe

1990 2799 2282 2860 sancitum
2315 2810 2428 2878 est,
2452 2810 2517 2865 ut
2547 2812 2780 2868 taceant
2814 2807 3116 2883 mulieres,
3151 2825 3220 2869 ac
3252 2807 3502 2870 minime
3531 2799 3642 2869 do-

1989 2895 2183 2952 ceant.
2230 2889 2503 2954 Attamen
2549 2893 2641 2955 his
2686 2913 2925 2977 quoque
2951 2895 3222 2960 videmus
3252 2896 3466 2959 eodem
3509 2914 3645 2958 cum

1990 2977 2450 3058 imperatoribus
2479 2981 2595 3044 ritu
2625 2982 2784 3046 faces
2814 2985 3104 3065 praeferri.
3130 2985 3467 3065 Regionum
3491 3003 3644 3067 prae-

1989 3076 2158 3156 terea
2187 3068 2498 3149 pontiﬁces
2524 3071 2806 3148 universi,
2843 3073 3238 3136 consimiliter
3257 3082 3381 3138 tum
3399 3074 3648 3156 pontiﬁ-

254 3176 391 3248 πεζῇ
432 3171 530 3248 μὲν
551 3154 646 3227 καὶ
687 3167 851 3247 βάδην
900 3170 990 3234 τὰς
1024 3165 1275 3245 προόδους
1332 3169 1432 3235 τῆς
1465 3154 1668 3228 οἰκείας
1699 3154 1902 3244 ἐνοριας

1991 3154 2295 3237 cales,tum
2325 3157 2471 3248 alias
2497 3158 2559 3221 in
2594 3160 2894 3241 publicum
2929 3162 3344 3242 processiones
3373 3154 3645 3226 institue-

255 3259 696 3340 περιερχόμενον,
749 3255 983 3334 λαμπάδι
1041 3255 1095 3312 δὲ
1166 3259 1530 3336 πατριαρχικῆ
1590 3251 1904 3340 κύδαινόμε-

257 3370 374 3430 νον,
421 3339 500 3405 ὅτι
530 3349 619 3405 καὶ
662 3347 807 3404 αὐτοὶ
874 3344 1240 3403 διδασκαλικὸν
1305 3342 1508 3419 ἆξίωμα
1564 3339 1908 3423 περιϐέϐλην-

257 3429 369 3498 ταις
403 3439 476 3496 Οὗ
504 3459 554 3493 τι
585 3435 648 3493 ἄν
711 3457 790 3500 τις
850 3436 979 3516 φαίη
1021 3432 1551 3514 καινοπρεπέστερον,
1612 3434 1648 3500 ἢ
1707 3429 1910 3508 μᾶλλον

256 3529 451 3602 εἰπεῖν,
486 3523 834 3607 ἆνδέστερονς
881 3525 940 3582 Εἰ
996 3521 1050 3580 δὲ
1147 3531 1301 3582 τοῦτο
1373 3521 1620 3582 οὒδὲποτέ
1668 3543 1749 3585 τις
1795 3519 1908 3577 εἶδε

253 3617 535 3695 γινόμενον
566 3615 639 3680 εἰς
697 3637 815 3673 τινα
857 3619 961 3671 τῶν
1015 3611 1412 3692 μετροπολιτῶν
1479 3609 1515 3678 ἢ
1575 3612 1681 3666 τῶν
1725 3609 1911 3689 ἀρχιε-

254 3694 557 3780 πισκόπων,
632 3702 817 3778 πολλῷ
874 3700 929 3760 δὲ
983 3701 1145 3759 πλέον
1209 3702 1317 3756 τῶν
1386 3697 1714 3774 ἓπισκόπων,
1789 3694 1910 3753 ἄνευ

255 3795 434 3871 μόνων
502 3793 610 3852 τῶν
677 3788 1051 3872 αὒτοκειράλων
1108 3787 1568 3870 ἆρχιεπισκόπων,
1600 3791 1692 3842 τοῦ
1739 3784 1909 3842 Βουλ-

258 3885 442 3965 γαρίας
498 3883 658 3965 φημὶ,
716 3883 806 3939 καὶ
858 3887 952 3938 τοῦ
1029 3879 1261 3958 Κύπρου,
1341 3877 1429 3932 καὶ
1497 3896 1656 3965 τινων
1719 3873 1911 3965 ὀλίγων

262 3961 670 4054 μητροπολιτῶν
721 3969 990 4028 λαϐόντων
1057 3967 1163 4025 ἀπὸ
1244 3965 1546 4047 φιλοτιμίας
1628 3961 1911 4054 βασιλικῆς

259 4053 430 4130 ίδικῆς
484 4069 637 4119 τυῦτο
678 4062 739 4117 τὸ
795 4057 990 4117 δίκαιον
1026 4075 1041 4090 ⁸
1094 4055 1275 4138 ἄραρε,
1334 4054 1518 4132 μόνοις
1575 4065 1692 4120 τοῖς
1749 4053 1908 4130 βασι-

261 4149 406 4209 λεῦσι
454 4153 542 4210 καὶ
587 4165 706 4216 τοῖς
763 4148 1120 4230 πατριάρχαις
1177 4147 1280 4204 ὑπὸ
1347 4144 1447 4212 τῆς
1502 4149 1595 4201 τοῦ
1650 4142 1908 4222 παναγίυυ

266 4243 566 4318 Πνεύματος
637 4241 882 4322 χάριτος,
928 4239 1017 4296 καὶ
1071 4242 1169 4299 τῆς
1221 4230 1716 4317 ἀρχαιοπαραδότου
1785 4253 1906 4322 συν,-

260 4332 464 4411 ηθείας,
525 4331 612 4388 καὶ
643 4320 908 4409 εὐταξίας,
966 4327 1471 4408 ἐπιφιλοτιμηθῆναι
1534 4329 1690 4379 τοῦτο
1747 4322 1807 4378 τὸ
1865 4320 1910 4377 δί

1987 3252 2124 3306 rent
2155 3263 2168 3308 ε
2202 3263 2272 3308 ac
2313 3246 2541 3310 videret
2583 3249 2800 3332 aliquis
2834 3252 3185 3334 episcopum
3214 3253 3641 3334 Athyrensem,

1988 3335 2154 3397 verbi
2184 3336 2396 3414 gratia,
2422 3338 2515 3400 vel
2550 3339 2729 3400 etiam
2769 3338 2952 3419 longe
2973 3340 3314 3422 quempiam
3342 3342 3455 3404 hoc
3483 3341 3644 3405 infe-

1993 3423 2242 3500 riorem,
2274 3426 2533 3506 peditem
2565 3427 2735 3489 illum
2785 3429 3031 3510 quidem
3079 3429 3140 3493 in
3191 3429 3497 3510 provincia
3544 3450 3649 3494 sua

1993 3514 2393 3594 prodeuntem
2429 3516 2488 3576 in
2524 3516 2850 3596 publicum,
2904 3526 2964 3580 et
3009 3519 3136 3580 haec
3186 3518 3324 3582 illac
3353 3519 3645 3598 itantem;

1992 3603 2102 3666 sed
2116 3603 2325 3666 faculas
2355 3612 2552 3666 tamen
2588 3607 2999 3686 patriarchalis
3036 3608 3266 3671 honore
3290 3617 3643 3689 tumentem,

1993 3693 2229 3774 quando
2247 3693 2308 3753 hi
2331 3693 2509 3755 etiam
2541 3694 2804 3777 episcopi
2832 3695 3028 3758 ofﬁcio
3057 3696 3314 3761 docendi
3345 3697 3646 3763 fruuntur.

1996 3784 2124 3856 Quo
2157 3800 2299 3844 sane
2329 3783 2469 3864 quid
2503 3784 2624 3846 dici
2654 3785 2840 3866 possit
2868 3785 3228 3848 insolentius
3251 3785 3282 3846 ‘I
3309 3787 3401 3849 vel
3424 3788 3650 3850 rectius

1997 3879 2060 3934 ut
2110 3872 2348 3954 loquar,
2411 3872 2550 3954 quid
2610 3873 3048 3954 injucundius?
3104 3881 3180 3940 At
3235 3874 3286 3937 si
3342 3894 3648 3958 nunquam

1994 3960 2306 4044 quisquam
2334 3961 2448 4023 hoc
2477 3961 2608 4025 ﬁeri
2638 3963 2780 4024 vidit
2820 3963 2881 4025 in
2924 3963 3123 4044 aliquo
3156 3964 3249 4027 vel
3296 3965 3651 4047 metropoli-

1993 4066 2155 4127 tano,
2185 4051 2274 4113 vel
2309 4050 2788 4134 archiepiscopo,
2823 4059 3048 4115 tantum
3077 4051 3249 4116 abest
3289 4065 3356 4116 ut
3395 4053 3458 4116 in
3484 4053 3650 4136 epis-

1992 4160 2174 4224 copos
2228 4142 2440 4222 cadat,
2501 4142 2770 4222 exceptis
2818 4141 3179 4224 quibusdam
3237 4142 3652 4226 archiepisco-

1994 4233 2105 4314 pis,
2139 4229 2240 4312 qui
2271 4239 2447 4311 caput
2498 4229 2615 4311 ipsi
2661 4248 2906 4294 suorum
2958 4239 3138 4314 sunt;
3188 4232 3500 4313 Bulgaria},
3551 4233 3654 4296 in-

1994 4339 2194 4403 quam,
2228 4328 2284 4381 et
2315 4319 2510 4401 Cypri,
2561 4326 2620 4380 et
2668 4319 2877 4401 paucis
2907 4320 3264 4403 quibusdam
3299 4322 3651 4404 metropoli-

263 4443 414 4478 καιον
443 4407 526 4476 διὰ
564 4420 660 4483 τὰς
691 4407 935 4498 ῥηθείσας
978 4417 1169 4479 αἰτίας.
1720 4497 1747 4498 ﬂ

1995 4410 2174 4486 tanis;
2207 4409 2308 4490 qui
2339 4426 2408 4469 ex
2437 4407 2826 4489 imperatoria
2854 4409 3100 4491 speciali
3129 4410 3541 4498 muniﬁcentia
3550 4412 3654 4492 jus

260 4511 377 4573 hoc
406 4497 794 4572 obtinuerunt
825 4525 840 4570 :
888 4503 1180 4586 sequitur,
1214 4500 1356 4564 solis
1385 4497 1850 4586 imperatoribus
1878 4509 1939 4564 et
1966 4498 2285 4583 patriachis
2305 4515 2412 4579 per
2442 4498 2687 4578 gratiam
2720 4499 2976 4580 Spiritus
3003 4497 3217 4580 sancti,
3252 4507 3310 4561 et
3337 4509 3646 4582 acceptam

258 4597 588 4682 antiquitus
617 4581 1113 4660 consuetudinem
1145 4599 1324 4674 atque
1349 4581 1647 4664 ordinem,
1675 4587 1778 4682 jus
1799 4588 1914 4651 hoc
1945 4581 2192 4682 propter
2218 4587 2506 4682 indicatas
2536 4606 2746 4650 causas
2777 4607 2909 4650 esse
2946 4605 3321 4682 concessum:

347 4682 362 4702 ’
384 4677 478 4749 ότι
508 4687 562 4745 δὲ
590 4693 695 4746 τῶν
727 4689 824 4765 μὲν
868 4683 1264 4765 αὐτοκρατόρων
1306 4684 1341 4750 ἡ
1401 4679 1585 4760 ἂρωγὴ
1633 4680 1765 4758 πρὸς
1797 4700 1907 4758 φω-

2081 4678 2192 4753 Qui
2219 4696 2353 4739 vero
2385 4677 2813 4758 imperatorum
2846 4677 3132 4741 auxilium
3157 4677 3230 4740 ad
3257 4677 3652 4742 illuminatio-

259 4781 453 4856 τισμὸν
482 4779 572 4836 καὶ
627 4777 873 4834 σύστασιν
917 4774 1271 4831 ἐπεκτείνεται
1323 4771 1508 4849 ψυχῆς
1564 4789 1621 4824 τε
1681 4769 1770 4826 καὶ
1801 4767 1907 4824 σώ-

1998 4787 2136 4832 nem
2169 4776 2228 4830 et
2255 4765 2894 4856 stabilimentumsese
2923 4774 3043 4829 tam
3078 4765 3287 4856 animi,
3320 4785 3496 4849 quam
3527 4787 3656 4831 cor-

260 4855 453 4948 ματος,
497 4869 572 4924 τὸ
623 4865 679 4923 δὲ
723 4863 1010 4944 μεγαλεῖον
1068 4866 1172 4920 τῶν
1229 4864 1575 4948 πατριαρχῷν
1611 4858 1697 4948 είς,
1745 4857 1907 4948 μόνηι

1998 4859 2163 4938 poris
2222 4855 2512 4948 porrigit;
2575 4855 2969 4948 amplitudine
3045 4855 3510 4948 patriarcharum
3579 4858 3654 4921 ad

259 4943 503 5040 ψυχικὴν
567 4943 994 5035 ἐστενοχῶρηται
1037 4949 1366 5009 λυσιτέλειαν
1421 4946 1602 5024 (ὀλίγη
1648 4946 1748 5025 γὰρ
1797 4946 1907 5040 τού·

1996 4945 2183 5009 animi
2211 4945 2492 5006 duntaxat
2519 4944 2833 5008 utilitatem
2887 4944 3212 5040 constricta
3239 4943 3650 5026 (perexiguam

258 5023 378 5116 τοις
442 5023 551 5107 ἐστὶ
632 5023 808 5130 φροτὶς
838 5023 849 5034 1
896 5046 1165 5123 εύπαθείος
1239 5041 1603 5130 σωματικῆς),
1663 5039 1907 5130 ιῖοσαύτως

1997 5035 2218 5116 quippe
2271 5051 2474 5094 curam
2523 5042 2737 5113 gerunt
2781 5035 2844 5096 hi
2883 5034 2958 5096 de
3000 5023 3299 5130 rebusnae
3331 5023 3650 5115 corporum

258 5143 349 5199 καὶ
379 5143 413 5211 ἡ
443 5141 562 5220 περὶ
589 5119 712 5203 robe
769 5136 1034 5205 ὑπηκόους
1077 5119 1175 5202 τῆς
1232 5129 1543 5220 βασιλίσσης
1572 5216 1585 5220 _
1611 5125 1907 5220 κηδεμομία

1999 5122 2313 5186 commoda
2358 5122 2815 5220 spectantibus),
2851 5133 2912 5187 et
2938 5121 3336 5220 consimiliter
3381 5125 3651 5220 impera:

257 5233 348 5288 καὶ
416 5211 644 5310 μέριμνα
698 5228 829 5308 πρὸς
903 5225 1072 5302 μόνην
1143 5219 1456 5310 σωματικὴν
1541 5216 1767 5310 εύςωΐαν
1836 5213 1907 5281 ἐξω

1998 5212 2160 5310 tricis
2191 5229 2333 5272 cura
2362 5211 2791 5310 etsollicitudo
2825 5213 2899 5274 de
2949 5211 3546 5310 subditis,uduntaxat
3576 5215 3651 5276 ad

261 5300 509 5390 ήπλωταί
540 5300 754 5398 ’(πάσης
814 5300 914 5394 γὰρ
967 5311 1208 5393 ψυχικῆς
1263 5306 1510 5398 βοηθείας
1541 5307 1615 5398 ἀἱ
1657 5315 1907 5398 γυναῖκες

1993 5300 2125 5362 vitae
2154 5300 2481 5381 corporalis
2524 5302 2977 5381 prosperitatem
3033 5300 3370 5364 extenditur
3403 5303 3649 5380 (nullum

263 5389 614 5488 ἐστέρηνταί),
645 5408 697 5462 αἱ
751 5389 1186 5481 λαμπάδες-μὲν
1254 5404 1358 5454 τῶν
1416 5392 1675 5471 βασιλέων
1706 5389 1906 5470 διττοτς

1992 5391 2495 5454 enimanimarum
2534 5411 2569 5453 a
2599 5392 2966 5456 mulierculis
2995 5391 3458 5474 exspectandum
3480 5395 3651 5458 auxi-

1837 5558 2081 5625 NOTIE.

351 5744 475 5830 (88)
503 5742 659 5809 Solis
685 5742 986 5808 videlicet.
