4128 6430
605 385 764 471 'lt6'l
1975 399 2108 467 ms
2147 379 2620 467 CA'NO'NIG'UM.
3835 392 3974 457 1168

591 521 767 617 lium)
796 531 816 602 ξ
847 523 1074 600 idcirco
1112 533 1274 598 faces
1304 523 1733 617 imperatorum
1768 533 2024 614 geminis
2054 532 2235 598 aurei:

2337 528 2643 615 διαχρύσοις
2728 535 3174 615 περιζωννύονται
3273 533 3649 614 στιφανώμασι
3675 546 3692 564 ⁸
3776 529 3875 588 τὼν
3923 518 3968 583 δὲ

592 623 912 706 (ﬁnguntur
969 622 1233 699 corollis,
1289 643 1426 686 cum
1483 641 1616 704 quae
1665 622 2135 704 patriarcharum
2199 642 2233 686 e

2340 631 2686 707 πατριαρχῶν
2742 625 2971 692 καὶτῆς
3029 622 3341 707 βασιλίσσης
3398 626 3470 680 ενι
3543 619 3968 679 κατακυκλοῦνται

585 701 990 797 imperatricis
1018 723 1186 792 sunt,
1217 731 1338 774 uno
1379 701 1548 793 quasi
1600 701 1938 791 sepimento
1996 715 2235 774 circum-

2339 701 2693 794 θριγγώματι,
2729 711 2881 772 Ἀλλ’
2926 713 3041 793 ἐρεῖ
3101 735 3182 778 τις
3216 731 3232 750 ⁸
3300 701 3490 770 ’Ἔστω
3525 731 3539 744 ·
3617 709 3856 784 δεδόσθω,
3887 709 3966 769 τὰς

587 797 828 868 dentur.
861 799 979 868 Sed
1010 799 1168 866 dicet
1195 802 1491 884 quispiam
1524 821 1542 864 :
1575 801 1663 863 Sit
1691 801 1792 869 ita.
1827 799 2230 866 sane.Conces

2337 806 2730 887 πατριαρχικὰς
2802 802 3083 881 λαμπάδας
3141 802 3455 860 ἀνάπτεσθαι
3548 801 3674 881 πυρὶ
3728 801 3967 858 τοσούτων

588 911 722 954 sum
749 891 1191 968 esto,lucernas
1215 891 1640 972 patriarchales
1662 889 2032 971 accendiper
2051 890 2235 970 ignen

2341 892 2707 975 εὐλογοφανῶν
2777 893 3143 974 παραδόσεων,
3245 894 3318 951 Τὸ
3399 893 3594 959 ταύτας
3664 890 3716 956 ἐξ

589 987 676 1044 tot
700 981 1250 1058 traditionum,veri
1271 980 1537 1062 speciem
1565 978 2065 1042 habentium.Sed
2089 980 2235 1044 unde

2335 982 2770 1063 περιζωννύεσθαι
2855 979 3097 1062 δύναμιν,
3181 983 3340 1038 πόθεν
3408 979 3772 1060 περιεζώσατο
3825 977 3966 1034 δύνα-

589 1070 922 1152 profectum
939 1071 1214 1152 est,quod
1240 1061 1468 1132 eiSdem
1491 1087 1561 1131 ex
1587 1076 1834 1148 argento
1861 1068 1949 1130 vis
1977 1069 2235 1150 quaedam

2335 1061 2471 1153 μιν;
2508 1061 2709 1152 ’Ἠρκει
2742 1069 2827 1128 διὰ
2871 1070 3050 1147 μόνων
3085 1061 3200 1127 τῶν
3253 1068 3548 1146 λαμπάδων
3590 1069 3688 1134 τὰς
3759 1065 3970 1146 κεφαλᾶς

584 1155 863 1240 accedat?
889 1158 1547 1233 Sulliciebat,duntaxat
1599 1158 1991 1222 ecclesiarum
2027 1159 2235 1240 capiti-

2330 1165 2437 1217 τῶν
2481 1159 2780 1228 ἐκκλησιῶν
2825 1157 3234 1238 μεγαλύνεσθαι,
3304 1159 3392 1216 καὶ
3447 1159 3581 1223 τέως
3653 1159 3773 1220 τοὺς
3823 1157 3970 1234 ὑπερ·

585 1237 703 1311 bus
728 1255 836 1331 per
859 1237 1168 1330 lampadas
1199 1247 1532 1328 majestatis
1559 1245 1787 1328 aliquid
1815 1237 2130 1324 accedere,
2157 1254 2235 1310 at-

2328 1249 2498 1327 ορίους
2539 1237 2919 1326 πλανωμένους
2985 1248 3075 1304 καὶ
3120 1249 3533 1322 πενητεύοντας,
3592 1247 3751 1328 χάριν
3803 1245 3970 1301 τούτου

589 1338 706 1420 que
732 1336 978 1401 interim
1007 1353 1132 1412 eos,
1165 1336 1270 1419 qui
1299 1343 1588 1416 vagantur
1617 1337 1679 1400 in
1710 1336 1941 1411 exsilio,
1986 1343 2044 1398 et
2091 1355 2235 1419 pau-

2327 1339 2407 1416 μὴ
2440 1337 2776 1402 σκύλλεσθαι,
2807 1337 2998 1414 Φαμὲν
3042 1336 3156 1413 οὖν,
3213 1339 3286 1404 ὡς
3357 1341 3404 1395 οἱ
3459 1335 3824 1394 εὖσεϐέστατοι
3876 1335 3967 1410 βα·-

587 1435 766 1510 pe'res
794 1427 1095 1509 suni,eam
1116 1426 1191 1488 ob
1213 1429 1454 1488 causam
1483 1445 1602 1488 non
1628 1425 1854 1488 vexari.
1883 1425 2235 1508 Responde-

2326 1427 2522 1505 σιλετς,
2577 1429 2666 1485 καὶ
2721 1430 2826 1484 τῶν
2898 1426 3210 1505 ἁγιωτάτων
3268 1431 3617 1507 πατριαρχῶν
3673 1426 3708 1492 ἡ
3763 1423 3961 1486 πεντὰς,

591 1535 746 1598 mus,
803 1515 1100 1599 piissimus
1148 1515 1563 1597 imperatores,
1618 1521 1676 1577 et
1728 1514 2235 1578 sanctissimorum

2327 1517 2528 1577 ἐοίκασι
2586 1529 2846 1597 γεωργοῖς
2919 1515 3080 1592 μέσον
3149 1516 3399 1584 ἐστηκόσι
3469 1511 3790 1576 σιτοδότιδος
3832 1510 3963 1568 θω-

588 1604 1058 1687 patriarcbarum
1104 1603 1469 1686 quinarium,
1504 1622 1636 1666 esse
1683 1603 1913 1667 similes
1939 1603 2235 1682 agricolis,

2326 1630 2439 1684 νος,
2493 1609 2582 1664 καὶ
2650 1628 2728 1682 τῳ
2783 1605 2932 1678 πτύῳ
2988 1613 3081 1664 τοῦ
3131 1607 3426 1684 χρίσματος
3482 1605 3585 1672 τὴν
3654 1602 3837 1660 κακίαν
3901 1600 3966 1663 ὣς

591 1691 1058 1757 consistentibus
1084 1693 1148 1755 in
1175 1697 1316 1756 area
1344 1693 1630 1755 frumenti
1660 1693 1983 1774 largitrice,
2017 1713 2087 1757 ac
2109 1713 2235 1756 ven-

2325 1696 2522 1778 ἇχυρον
2555 1694 2942 1776 ἐκφαυλίζουσι,
2987 1695 3076 1750 καὶ
3117 1695 3216 1762 τὴν
3258 1694 3449 1774 ἀρετὴν
3503 1695 3578 1756 ὡς
3633 1694 3822 1749 κόκκον
3850 1713 3963 1748 συν-

585 1781 804 1847 tilabro
857 1783 1156 1847 unctionis
1212 1782 1591 1846 vitiositatem
1655 1802 1768 1846 ceu
1810 1782 2009 1864 paleas
2039 1791 2235 1846 exter-

2327 1787 2544 1866 άγουσιν
2592 1806 2607 1822 ο
2644 1786 2680 1855 ἢ
2741 1782 3018 1855 διαϐήταις
3100 1792 3503 1863 ζυγοπατοῦσιν
3561 1785 3801 1847 ίθυτενῶς
3885 1788 3966 1836 τοῦ

588 1871 841 1943 minare.
901 1869 960 1936 e't
1012 1873 1297 1966 virtutem
1355 1890 1466 1934 ceu
1523 1890 1706 1952 grana
1757 1871 2094 1952 colligere:
2149 1876 2235 1937 vel

2325 1875 2520 1934 κύκλου
2548 1877 2647 1945 τὴν
2697 1874 3034 1941 δικαιοσύνης
3093 1887 3210 1938 τοῖς
3266 1875 3644 1955 ἆμαρύγμασιν
3675 1893 3693 1908 ⁶
3751 1873 3787 1941 ἢ
3852 1873 3963 1938 νηὸς

586 1961 818 2025 similes
876 1980 1010 2025 esse
1071 1959 1298 2024 normis
1355 1967 1518 2024 recta
1577 1961 1786 2023 circuli
1858 1961 2235 2042 superficiem

2323 1966 2531 2022 σεύουσι
2560 1967 2660 2033 τῆς
2711 1962 3046 2031 δικαιοσύνης
3113 1978 3232 2030 τοῖς
3293 1965 3633 2044 ἁμρύγμασιν
3675 1979 3689 1994 ⁶
3748 1961 3785 2030 ἢ
3849 1962 3961 2028 νηὸς

584 2050 950 2115 librantibus
998 2059 1057 2114 et
1099 2055 1405 2114 sanctrum
1458 2069 1567 2130 per
1603 2050 1852 2131 justitiaa
1879 2051 2081 2114 radios
2110 2051 2235 2115 col-

2325 2055 2760 2134 ποντοπορούσης
2831 2055 3002 2119 ἱστοῖς
3070 2054 3161 2109 καὶ
3228 2054 3589 2129 πετάσμασιν,
3666 2052 3720 2108 ἐν
3771 2072 3960 2130 προμη-

586 2135 982 2206 luslrantibus
1015 2162 1030 2204 :
1064 2142 1157 2205 Vel
1188 2140 1472 2204 maritimi
1502 2140 1720 2221 navigii
1768 2141 1939 2204 malis
1970 2160 2039 2206 ac
2065 2143 2235 2219 velis,

2325 2144 2486 2209 θείαις
2571 2141 2901 2220 βασιλικαῖς,
2960 2143 3050 2198 καὶ
3118 2140 3501 2222 παραγγελίαις
3585 2151 3952 2217 πνευματικαῖς

577 2229 731 2314 dum
757 2229 1157 2314 imperatoriis
1176 2230 1465 2313 consiliis,
1499 2237 1559 2292 et
1587 2230 1900 2312 praeceptis
1955 2231 2235 2313 spiritua-

2322 2236 2384 2291 τὸ
2412 2235 2672 2310 κοσμικὸν
2725 2232 2942 2290 ἀκάτιον
2998 2231 3246 2303 σώζουσι.
3320 2239 3407 2308 Τῷ
3461 2253 3545 2288 τοι
3615 2232 3704 2291 καὶ
3759 2241 3952 2308 μικροῖς

581 2318 746 2400 libus
795 2321 1069 2402 cymbam
1102 2319 1313 2382 mundi
1366 2319 1545 2400 hujus
1586 2316 1948 2383 incolumem
1979 2328 2235 2385 servant.

2321 2323 2388 2380 τὰ
2417 2321 2625 2402 μεγάλα
2668 2322 3035 2398 σταθμῶμενοι
3087 2327 3192 2377 τῶν
3263 2319 3525 2398 βασιλέων
3557 2324 3604 2378 οἱ
3657 2317 3953 2378 εὐσεϐέστα-

588 2409 717 2484 Quo
758 2407 847 2485 ﬁt,
881 2419 944 2472 ut
973 2429 1108 2474 cum
1133 2409 1372 2490 "exiguis
1400 2427 1613 2488 magna
1641 2419 2060 2491 comparantes
2090 2411 2235 2473 reli-

2321 2434 2429 2487 τοι,
2459 2413 2681 2470 καὶτῶν
2733 2412 2897 2490 ἁγίων
2969 2409 3217 2490 Πατέρων
3275 2413 3322 2468 οἱ
3378 2409 3737 2492 προῦχοντες,
3792 2406 3954 2487 διωρί-

585 2499 911 2581 εἱοείεείωἱ
936 2498 1534 2581 imperatores,atque
1563 2497 1721 2560 inter
1751 2507 1986 2561 sanctos
2004 2498 2235 2577 Patres,

2323 2522 2484 2559 σαντο
2540 2500 2593 2567 ἐξ
2652 2500 2896 2578 ἀνάγκης
2967 2499 3111 2557 αὕτω
3168 2497 3568 2580 δορυφορεῖσθαι
3626 2500 3744 2562 τοὺς
3799 2498 3952 2574 μεγά-

587 2589 792 2652 eximii
823 2588 1046 2671 quique
1074 2587 1415 2650 necessario
1453 2588 1788 2663 statuerint,
1841 2587 1953 2650 ista
2005 2589 2235 2653 ratione

2321 2588 2445 2655 λους
2494 2588 2814 2670 ἆρχιειρεϊς,
2847 2589 2935 2646 καὶ
2978 2588 3121 2644 εἶναι
3177 2587 3458 2645 ἒπιτοαυτὸ
3516 2587 3767 2645 πλούσιόν
3794 2608 3848 2642 τε
3875 2586 3952 2640 καὶ

588 2671 962 2742 ComitandOs
992 2677 1391 2757 ease'magnos
1425 2677 1756 2759 pontiﬁces,
1783 2676 2030 2759 parique
2060 2677 2235 2742 modo

2321 2679 2522 2748 πένητα
2570 2696 2585 2712 ⁸
2631 2680 2704 2742 ὡς
2734 2677 2797 2734 ἂν
2853 2680 2901 2735 οἱ
2944 2677 3040 2753 μὲν
3095 2675 3353 2758 ύρθόδοξοι
3409 2676 3700 2752 βλέποντες
3739 2677 3798 2733 τὸ
3826 2674 3948 2752 μέγα

585 2771 710 2848 tam.
736 2761 1108 2849 epulent‘um,
1162 2785 1336 2848 quam
1385 2784 1708 2848 pauperem
1747 2765 2088 2828 habendum
2126 2789 2140 2832 :
2175 2777 2235 2830 ut

2321 2773 2470 2826 τοῦτο
2524 2770 2612 2825 καὶ
2669 2765 2955 2844 σεϐάσμιον
3037 2765 3422 2846 σεμνολόγημα
3491 2768 3639 2848 παρὰ
3694 2764 3948 2824 Βασιλεύσι

585 2859 784 2919 raec'taa
803 2854 1044 2938 quidem
1078 2856 1365 2918 doctrinae
1395 2864 1748 2932 sectatores,
1783 2854 1924 2918 dum
1959 2876 2232 2937 magnam

2321 2859 2402 2915 mi
2470 2859 2825 2938 πατριάρχαις
2880 2859 3064 2932 μόνοις
3146 2856 3582 2934 πολιτευόμενον,
3629 2855 3944 2936 εὐχαριστίαν

589 2945 751 3008 illam
784 2947 1168 3032 etauguStam
1198 2964 1477 3027 pompam
1508 2945 1652 3006 solis
1683 2945 2146 3026 imperatoribus
2179 2955 2235 3010 et

2321 2947 2574 3026 ἆνάλογον
2621 2951 2693 3011 ὡς
2758 2946 2993 3023 θυμίαμα
3049 2945 3231 3003 δεκτὸν
3289 2951 3368 3020 τῷ
3423 2949 3600 3026 Κυρίῳ
3629 2944 3940 3026 προσφέρωσι

588 3033 945 3116 patriarchis
977 3032 1248 3096 exhiberi
1274 3033 1515 3116 vident,
1533 3035 1986 3098 convenientem
2015 3035 2235 3116 gratia-

2321 3044 2395 3112 τῷ
2478 3038 2641 3116 μέσον
2697 3045 2791 3095 τοῦ
2846 3035 3061 3114 κέντρου
3130 3040 3229 3102 τῆς
3311 3040 3582 3112 κοσμικῆς
3653 3035 3951 3115 ὡραιότητπ

583 3113 720 3198 rum
734 3124 1030 3187 actionem
1054 3119 1240 3186 instar
1256 3122 1407 3204 grati
1426 3113 1939 3199 sufﬁtus,oﬂ‘erant
1957 3113 2235 3206 Domino,

2323 3129 2444 3192 τοὺς
2483 3113 2820 3207 Ἴδεφένσορας
2877 3113 3060 3181 τούτον
3111 3122 3376 3196 δοξάζοντι
3422 3145 3436 3158 ·
3497 3126 3589 3182 καὶ
3629 3113 3948 3204 γονυκλιτῶσι

586 3212 690 3296 qui
718 3213 876 3276 intra
895 3221 1168 3299 centrum
1191 3211 1508 3276 mundana
1537 3209 1998 3295 pulchritudinis
2027 3213 2241 3278 defen-

587 3319 756 3363 sores
787 3301 915 3382 ejus
943 3301 1281 3382 gleriiicat;
1334 3307 1517 3382 utque
1561 3299 1716 3378 ﬂexo
1776 3320 1932 3381 genu
1977 3311 2243 3382 petanta

589 3389 871 3466 Domino,
924 3409 1040 3472 quo
1090 3391 1328 3472 tropaeis
1373 3389 1778 3472 imperatoriis
1806 3389 2084 3452 universa
2129 3391 2242 3454 sub

592 3477 926 3542 sole‘tellus
956 3480 1358 3562 Collustretur,
1407 3485 1468 3542 et
1517 3479 1936 3562 patriarchicis
1966 3481 2244 3561 precibus

587 3575 843 3632 terrenae
864 3588 963 3632 res
982 3567 1379 3633 irradientur:
1405 3576 1464 3632 at
1483 3586 1625 3630 vero
1651 3568 1903 3631 diversae
1931 3570 2243 3633 sententia

587 3663 936 3733 sectatores,
985 3660 1088 3740 qui
1129 3657 1394 3738 potentia
1445 3674 1552 3720 sua
1608 3656 1902 3730 nituntur,
1933 3665 1993 3722 et
2021 3657 2146 3721 suis
2175 3678 2240 3723 se

581 3747 811 3829 jactant
837 3744 1050 3830 opibus
1083 3747 1430 3828 (simulacra
1483 3763 1743 3828 namque
1788 3748 2054 3827 gentium
2103 3759 2243 3813 sunt

577 3839 798 3899 aurum
849 3845 909 3900 et
935 3836 1274 3918 argentum)
1307 3835 1380 3898 ad
1416 3835 1500 3907 id.
1534 3835 1691 3918 quod
1722 3836 2006 3911 cernitur,
2041 3856 2238 3901 caseu-

587 3926 738 3990 tiant
770 3944 786 3992 :
821 3935 881 3988 et
927 3928 1281 3989 excusorum
1335 3942 1520 4006 opera
1575 3943 1727 3987 vana
1782 3933 1958 4007 atque
2006 3927 2240 3991 inutilia

587 4013 1400 4098 existiment,mundanaeque
1418 4014 1718 4096 opinionis
1743 4015 2096 4080 munera.Et
2117 4018 2244 4081 haec

589 4101 835 4183 quidem
859 4101 1324 4184 delampadibus
1347 4101 2082 4183 patriarchicis.Quoniam
2102 4125 2242 4168 vero

589 4190 860 4267 baCulus,
895 4187 956 4252 et
1007 4209 1242 4266 saccus,
1277 4193 1336 4253 et
1364 4209 1576 4254 cruces
1618 4191 1911 4273 plurimae,
1946 4193 2242 4276 plenaque

579 4278 792 4341 'tun’ic'a
821 4277 1025 4359 ﬁguris
1059 4284 1294 4361 gamma
1338 4279 1600 4343 litteram
1647 4282 2238 4362 repraesentantibus,

590 4367 1044 4450 patriarchalem
1102 4369 1480 4432 sanctitatem
1533 4370 1721 4432 solam
1781 4369 2119 4446 nobilitant,
2173 4392 2242 4436 ac

2322 3218 2454 3297 πρὸς
2515 3217 2724 3296 Κύριον,
2774 3215 3046 3294 τροπαίοις
3099 3212 3403 3290 βασιλικοῒς
3444 3215 3548 3282 τὴν
3609 3212 3823 3294 ὑφήλιον
3860 3231 3948 3267 κα-

2320 3303 2714 3383 ταλάμπεσθαι,
2770 3303 2858 3359 καὶ
2927 3303 3121 3382 εὐχαῖς
3199 3319 3624 3385 πατριαρχικαϊς
3694 3297 3949 3360 ἀκτινοϐο-

2324 3393 2534 3452 λεῖσθαι
2589 3393 2656 3451 τὰ
2703 3390 2986 3472 ἐπιχθόνια
3018 3406 3033 3423 ⁸
3097 3393 3144 3448 οἱ
3187 3389 3241 3447 δὲ
3288 3395 3606 3461 πεποιθότες
3659 3393 3745 3450 ἐπὶ
3783 3395 3845 3467 τῇ
3870 3387 3950 3443 δυ-

2323 3483 2478 3560 νάμει
2535 3485 2706 3540 αὐτῶν
2776 3477 3089 3559 ἑτερόδοξοι,
3160 3481 3250 3538 καὶ
3343 3484 3692 3564 καυχώμενοι
3758 3481 3838 3538 ἰπὶ
3887 3483 3952 3550 τῷ

2323 3572 2540 3649 πλούτῷ
2569 3573 2736 3630 αὐτῶν
2762 3571 2856 3649 (τὰ
2912 3571 3013 3649 γὰρ
3083 3567 3284 3628 εἴδωλα
3353 3578 3458 3630 τῶν
3531 3574 3693 3631 ἐθνῶν
3760 3567 3951 3652 χρυσίον

2323 3663 2420 3720 εἶσὶ
2465 3662 2552 3718 καὶ
2601 3656 2890 3740 ἀργύριον),
2953 3659 3074 3738 ορὸς
3144 3660 3206 3714 τὸ
3258 3659 3544 3739 ὡρώμενον
3601 3657 3948 3727 ἂϐλεπτήσυηι

2322 3753 2412 3809 καὶ
2455 3753 2742 3828 νομίσωσιν
2797 3747 2926 3828 ἔργα
2988 3747 3345 3827 χαλκοτύπων
3390 3749 3534 3806 εἶναι
3607 3750 3803 3826 μάταια
3869 3743 3949 3798 καῖ

2322 3842 2576 3921 ἀνόνητα,
2661 3838 2749 3896 καὶ
2827 3845 3087 3913 κοσμικοῦ
3160 3834 3396 3920 δοξαρίου
3449 3841 3781 3920 χαρίσματα.
3865 3831 3946 3921 Καὶ

2326 3938 2490 3989 ταῦτα
2522 3919 2620 4007 μὲν
2675 3925 2800 4007 περὲ
2851 3931 2959 3983 τῶν
3012 3919 3418 4009 πατριαρχικῶν
3455 3919 3788 4007 λαμπάδων.
3819 3919 3946 3982 Ἐπεὶ

2326 4019 2381 4078 δὲ
2409 4020 2498 4076 καὶ
2524 4015 2732 4096 ῥάϐδος,
2796 4017 2883 4072 καὶ
2952 4017 3172 4093 σάκκος,
3249 4019 3337 4074 καὶ
3405 4017 3810 4098 πολυσταύριον,

2319 4102 2411 4166 ’διὰ
2436 4107 2767 4188 γραμμάτων
2795 4101 2860 4154 75
2918 4105 3218 4184 στιχάριον⁹
3280 4105 3379 4174 τὴν
3435 4096 3820 4188 πατριαρχικὴν
3872 4096 3945 4155 καὶ

2325 4198 2496 4274 μόνην
2553 4188 2850 4266 δοξάζουσιν
2923 4193 3205 4272 ἀγιότητα,
3253 4191 3458 4252 θέλουσι
3531 4193 3588 4252 δὲ
3644 4192 3777 4255 τινές
3828 4207 3944 4244 τισιν

2323 4273 2376 4351 ἕξ
2422 4285 2592 4344 αὐτῶν
2663 4305 2810 4348 τινας
2869 4287 2974 4339 τῶν
3045 4288 3393 4364 πατριαρχῶν
3445 4284 3612 4344 ἐνίοτε
3666 4287 3742 4361 μὴ
3794 4296 3940 4336 κατα-

2321 4367 2706 4447 ποικιλλεσθαι,
2760 4371 2884 4451 φέρε
2951 4372 3041 4427 καὶ
3074 4372 3192 4450 περὶ
3247 4372 3446 4430 τούτων
3508 4373 3714 4455 βραχέα
3741 4367 3938 4450 φιλοσο-

588 4456 863 4520 nonnulli
891 4457 1117 4532 volunt,
1147 4457 1435 4540 quosdam
1466 4476 1536 4520 ex
1569 4458 1925 4540 patriarchis
1955 4479 2235 4524 nonnun-

2321 4465 2602 4545 φήσωμεν.
2635 4460 2828 4520 Κλῖνον
2857 4462 2918 4519 τὸ
2946 4459 3035 4524 οὖς
3065 4482 3178 4534 σου,
3243 4462 3624 4543 πανιερώτατε,
3686 4461 3769 4518 καὶ
3796 4455 3938 4513 ἄκου-

588 4565 763 4629 quam
793 4547 1095 4630 aliquibus
1120 4547 1336 4610 horum
1369 4566 1487 4610 non
1520 4549 1799 4610 exornari
1837 4569 1850 4608 :
1884 4567 2012 4630 age,
2047 4549 2122 4612 de
2145 4550 2240 4614 his

587 4635 766 4698 etiam
793 4637 1056 4700 breviter
1083 4637 1475 4718 disseramus.
1530 4637 1757 4701 Inclina
1811 4655 2016 4699 aurem
2051 4646 2234 4721 tuam,

586 4725 982 4803 sanctissime,
1020 4735 1080 4788 et
1119 4729 1215 4788 me
1245 4725 1407 4790 audi.
1441 4721 1572 4790 Non
1625 4725 1786 4788 enim
1837 4725 1900 4788 in
1941 4727 2240 4808 parabolis

575 4813 850 4896 aperiam
875 4821 944 4877 os
971 4814 1308 4891 meum,sed
1340 4815 1699 4896 quaestiones
1727 4814 1802 4876 ab
1834 4815 2066 4895 origine
2093 4835 2234 4897 pro-

586 4901 795 4986 feram,
830 4903 980 4986 quas
1008 4904 1283 4968 divorum
1313 4899 1552 4968 Patrum
1585 4903 1770 4985 gratia
1799 4923 1894 4966 me
1926 4905 2153 4972 docuit.

663 4988 1090 5058 ‘Sanctissimos
1119 4993 1382 5076 quinque
1415 4993 1780 5075 patriarchas
1828 4993 2043 5074 (adhuc
2072 4997 2231 5059 enim

585 5089 652 5144 ut
673 5082 898 5146 hedera
917 5082 1283 5164 quercui,sic
1305 5082 1432 5164 ipse
1449 5081 1786 5146 concordia;
1809 5083 2236 5166 papaaRomani

584 5171 756 5252 quasi
783 5172 1087 5234 mordicus
1117 5171 1484 5253 inhmreo,et
1511 5173 1585 5234 ob
1609 5173 2048 5253 separationem
2074 5175 2234 5240 illius

583 5259 785 5322 animo
809 5259 1064 5338 laceror,
1089 5269 1268 5342 atque
1289 5261 1555 5342 quotidie
1572 5262 2026 5326 conversionem
2045 5264 2234 5346 ipsius

2321 4544 2415 4610 σόν
2449 4560 2581 4630 μουέ
2635 4549 2707 4607 Οὔ
2777 4551 2877 4630 γὰρ
2931 4549 2985 4606 ἐν
3041 4547 3371 4630 παραϐολαῖς
3435 4551 3624 4620 ἀνοίξω
3676 4551 3737 4606 τὸ
3790 4544 3935 4630 στόμα

2325 4629 2460 4719 μου,
2499 4641 2637 4699 ἀλλὰ
2705 4637 2989 4722 φθέγξομαι
3057 4636 3413 4718 προϐλήματα
3482 4638 3577 4698 ἀπ’
3631 4641 3818 4720 ἀρχῆς,
3857 4629 3937 4686 ὅσα

2325 4735 2406 4811 μὴ
2448 4734 2600 4790 θείων
2635 4727 2883 4806 Πατέρων
2912 4729 3071 4809 χάρις
3119 4723 3334 4796 ἐδίδαξε.

2401 5003 2531 5067 Τοὺς
2581 4999 2909 5080 ἇγιωτάτους
2967 4998 3304 5081 πατριάρχας
3363 4997 3520 5056 πέντε
3581 4999 3684 5072 (καὶ
3733 4993 3804 5081 ἔτι
3825 5079 3832 5081 _
3857 4984 3940 5065 γὰρ

2318 5094 2389 5159 ὡς
2444 5073 2643 5156 κισσὸς*
2671 5087 2842 5170 δρυὸς,
2919 5094 3018 5157 τῆς
3078 5073 3328 5166 δμονόίας
3380 5095 3474 5148 τοῦ
3547 5089 3696 5146 πάπα
3752 5073 3936 5152 Ῥώμης

2315 5180 2595 5263 ἐξέχομαι,
2621 5181 2707 5237 καὶ
2736 5185 2813 5254 τῷ
2843 5183 3110 5260 χωρισμῷ
3178 5179 3363 5237 τούτου
3418 5179 3519 5246 τὴν
3576 5173 3779 5258 καρδίαν
3807 5185 3932 5263 om!"

2315 5259 2596 5352 ράττομαι,
2652 5269 2741 5326 καὶ
2823 5259 2923 5335 την
2993 5266 3164 5336 καλὴν
3256 5266 3578 5348 ἐπιστροφὴν
3635 5259 3934 5322 καθεκάστην

583 5351 885 5439 egregiam
914 5353 1216 5439 exspecto)
1249 5369 1354 5439 pro
1397 5350 1525 5413 solo
1574 5352 1764 5432 capite
1794 5354 2065 5433 corporis
2093 5373 2230 5418 om-

2321 5350 2608 5439 καραδοκῶ)
2671 5359 2796 5432 μίαν
2853 5355 3075 5434 θ’ἷδαμεν
3131 5355 3369 5438 κεφαλὴν
3401 5366 3494 5416 τοῦ
3548 5356 3786 5431 σώματος
3837 5361 3931 5439 ’φ’

585 5437 751 5501 nium
791 5434 1195 5508 Ecclesiarum
1245 5435 1352 5502 Dei
1401 5441 1799 5520 agnoscimus,
1832 5444 2229 5522 quemadmo-

2314 5458 2422 5508 σῶν
2492 5453 2599 5506 τῶν
2643 5444 2976 5514 Ἐκκλησιῶν
3046 5455 3136 5505 τοῦ
3187 5455 3340 5524 Θεοῦ,
3403 5447 3575 5509 καθὼς
3626 5445 3710 5502 καὶ
3765 5434 3935 5495 ἄνωθεν

1906 5613 2169 5688 ἾΑΒΙΕ
2218 5624 2649 5695 LECTIONBS.

655 5791 722 5848 ’κ
747 5793 1072 5878 γαμμάτων,
