4128 6420
175 417 332 483 H69

1524 414 2206 491 αιυεοοπῆοωυιι

3404 400 3569 488 me

172 551 383 635 εἴρηται
419 568 432 586 ⁸
492 553 581 611 καὶ
661 552 993 617 πιστεύοντες
1070 550 1414 620 τελειωθῆναι
1460 552 1669 617 τούτους
1721 552 1814 619 τῆς

1908 546 2049 617 dum
2079 556 2139 611 et
2166 566 2348 638 supra
2390 548 2613 638 dictum
2670 548 2829 627 fuit:
2868 557 2928 617 et
2953 549 3053 638 qui
3104 552 3410 636 credimus
3458 572 3564 623 eos

173 644 470 723 ἁγιωσύνης
551 647 629 717 τῷ
707 641 988 722 χρίσματι,
1088 641 1339 722 Χριστοὺς
1428 640 1634 715 Κυρίου,
1733 639 1823 697 καὶ

172 732 496 811 ἁγιωτάτους
609 730 1064 807 κατονομάζομεν,
1165 730 1254 788 καὶ
1337 729 1822 811 στηλογραφοῦντες

173 823 308 899 μετά
363 829 470 879 τῶν
540 820 705 900 ἁγίων
775 821 864 877 καὶ
918 819 1183 900 θεοφόρων
1222 818 1470 900 Ιῐατέρων
1511 820 1693 896 ἡμῶν,
1734 819 1822 875 καὶ

172 919 439 993 σχετικῶς
495 910 880 986 ἀσπαζόμενοι,
935 908 1408 990 πληροφορούμεθα
1469 906 1553 965 διὰ
1621 908 1819 965 τούτων

172 1003 306 1077 ἡμῖν
374 1001 470 1065 τὰς
526 1000 682 1079 θύρας
750 1005 851 1067 τῆς
900 997 1172 1076 βασιλείας
1228 1004 1333 1055 τῶν
1392 997 1621 1078 οὐρανῶν
1677 997 1818 1055 ἀπο-

172 1086 430 1145 κλείεσθαι
488 1088 577 1145 καὶ
634 1087 957 1167 ἀνοίγεσθαι,
1016 1086 1105 1144 καὶ
1159 1084 1245 1142 διὰ
1287 1087 1392 1143 τῶν
1436 1084 1667 1167 χειλέων
1724 1085 1787 1144 αὖ

170 1181 276 1233 τῶν
303 1178 395 1233 τὸν
450 1178 579 1233 Θεὸν
635 1176 1075 1252 ἀποστοματίζειν
1129 1176 1195 1232 τὰ
1250 1173 1536 1252 μέλλοντα.
1610 1176 1683 1235 Οὔ
1720 1175 1819 1255 γὰρ

171 1263 296 1347 σὰρξ
364 1267 453 1323 καὶ
510 1270 674 1346 αἷμα,
732 1262 852 1322 ἀλλ’
910 1268 939 1323 ὁ
1017 1265 1251 1345 οὐράνιος
1309 1264 1491 1344 Πατὴρ
1546 1265 1634 1321 καὶ
1690 1265 1820 1331 Θεὸς

169 1355 348 1432 ἡμῶν,
378 1358 408 1413 ὁ
446 1356 606 1413 εἰπών
639 1370 657 1388 '
730 1354 823 1414 Ἐν
873 1367 997 1421 τατς
1067 1353 1290 1435 ἡμέραις
1360 1352 1584 1420 ἐκείναις
1640 1354 1821 1435 ἐκχεῶ

169 1444 275 1502 ἀπὸ
328 1452 422 1502 τοῦ
476 1445 774 1522 πνεύματός
833 1466 959 1525 μου,
1003 1445 1092 1501 καὶ
1138 1445 1186 1502 οἰ
1242 1441 1416 1501 δοῦλοί
1475 1466 1575 1520 μου
1603 1466 1818 1525 προφη-

169 1534 460 1598 τεύσουσιν,
553 1532 918 1592 ἀποκαλύπτει
1000 1533 1202 1598 τούτοις
1254 1534 1321 1589 τά
1389 1532 1514 1591 ὅντα
1599 1533 1686 1590 καὶ
1753 1534 1820 1590 τά

169 1620 417 1699 ἐσόμενα.
476 1622 629 1682 Οὕτω
682 1623 783 1703 γὰρ
840 1624 928 1680 καὶ
995 1620 1170 1679 Σαοὺλ
1226 1621 1296 1686 ξὶν
1351 1621 1674 1703 προφήταις,
1731 1622 1819 1678 καὶ

170 1712 416 1793 Καϊάφας
445 1709 588 1769 ἄκων
619 1712 1069 1794 προειρητεύσατο,
1131 1711 1293 1768 εἰπών
1326 1726 1339 1741 ⁸
1414 1709 1673 1792 Συμφέρει
1724 1709 1817 1768 ἕνα

1904 654 2014 718 per
2045 637 2391 702 unctionem
2421 637 2748 702 sanctitatis
2775 637 3004 720 perﬁci,
3035 649 3249 706 unctos
3294 642 3558 723 Domini,

1903 733 1963 787 et
1990 727 2401 793 sanctissimos
2441 727 2838 810 appellamus,
2881 746 2952 792 ac
2997 731 3332 809 referentes
3360 751 3465 808 eos
3494 735 3560 815 in

1902 832 2224 879 numerum
2236 824 2576 885 sanctorum
2600 824 2660 881 et
2674 816 2956 882 divinitus
2966 819 3299 885 afﬂatorum
3317 821 3560 891 Patrum

1902 913 2265 982 nostrorum,
2316 914 2376 969 et
2424 916 2692 970 amanter
2748 907 2914 990 ipsos
2951 910 3561 993 amplectentes,certi

1902 1012 2131 1067 sumus,
2190 996 2348 1057 fores
2403 996 2574 1076 regni
2625 994 2893 1073 caelestis
2942 1016 3052 1081 per
3096 1017 3201 1079 eos
3229 1000 3405 1064 nobis
3433 1010 3558 1065 tum

1901 1084 2161 1177 occludi,
2197 1092 2319 1146 tum
2351 1085 2592 1177 aperiri,
2634 1092 2693 1150 et
2714 1104 2824 1177 per
2850 1087 3117 1177 ipsorum
3163 1087 3328 1159 labra
3366 1089 3555 1154 Deum

1903 1172 2065 1235 velut
2093 1191 2199 1236 ore
2229 1172 2471 1255 proprio
2503 1174 2700 1237 futura
2724 1172 3020 1257 proferre.
3052 1179 3189 1259 Non
3222 1177 3381 1243 enim
3416 1198 3555 1255 caro

1902 1270 1961 1328 et
1988 1262 2254 1343 sanguis,
2288 1263 2396 1326 sed
2426 1262 2685 1326 calcatis
2712 1263 2815 1326 ille
2841 1263 3019 1329 Pater
3046 1285 3119 1328 ac
3148 1268 3307 1331 Deus
3357 1276 3561 1333 noster

1904 1351 2034 1434 (qui
2064 1352 2210 1414 dixit
2232 1371 2247 1416 :
2271 1351 2338 1414 In
2361 1351 2574 1415 diebus
2593 1352 2712 1418 illis
2733 1353 3037 1417 effundam
3057 1354 3133 1418 de
3151 1353 3378 1437 Spiritu
3395 1376 3553 1435 meo,

1901 1449 1961 1505 et
2009 1440 2167 1504 servi
2233 1441 2353 1503 mei
2411 1441 2937 1523 vaticinabantur),
3000 1444 3225 1510 revelat
3280 1447 3369 1510 eis
3436 1454 3554 1513 tam

1900 1530 2243 1614 prasentia,
2277 1550 2455 1614 quam
2514 1533 2733 1597 futura.
2766 1533 2868 1597 Sic
2913 1534 3073 1596 enim
3121 1542 3181 1598 et
3228 1535 3368 1607 Saul
3402 1535 3559 1611 inter

1903 1620 2248 1702 prophetas,
2309 1632 2371 1683 et
2427 1620 2717 1703 Caiaphas
2784 1622 3003 1685 invitus
3079 1624 3385 1699 oraculum
3441 1626 3557 1690 hoc

1899 1708 2199 1801 protulit:
2256 1710 2514 1801 Expedit
2570 1730 2753 1801 unum
2788 1711 3008 1801 perire
3065 1730 3171 1794 pro
3223 1714 3441 1801 populo
3496 1723 3558 1799 et

167 1798 457 1884 ἀπολέσθαι
498 1801 626 1879 ὑπὲρ
654 1808 747 1860 τοῦ
809 1800 938 1860 λαοῦ
977 1802 1067 1858 καὶ
1126 1799 1254 1880 ὑπὲρ
1310 1805 1402 1857 τοῦ
1459 1798 1632 1866 ἔθνους
1676 1822 1814 1857 παν-

1902 1816 2009 1881 pro
2042 1799 2153 1860 hac
2184 1798 2464 1861 universa
2492 1800 2751 1863 natione.
2786 1799 2931 1866 Nam
2952 1800 3055 1869 ille
3084 1819 3191 1884 per
3210 1798 3550 1869 unctionem

167 1890 306 1955 τός..
342 1881 400 1949 Ὀ
430 1892 529 1967 μὲν
556 1893 656 1973 γὰρ
711 1900 789 1968 τῷ
838 1892 1095 1973 χρίσματι
1142 1894 1239 1958 της
1290 1888 1814 1973 βασιλείας-ὑπεθερ-

169 1980 406 2060 μαίνετο,
434 1966 467 2038 ῦὸ
492 1979 547 2038 δὲ
570 1966 671 2048 της
700 1966 1099 2062 ἀρχιερωσύνης
1145 1987 1212 2057 τῇ
1285 1966 1492 2060 χάριτι.
1551 1966 1648 2037 Ἠν
1688 1966 1808 2059 γάρ,

169 2071 350 2150 φησὶν,
379 2070 657 2151 ἀρχιερεὺς
717 2078 810 2129 τοῦ
865 2072 1104 2129 ἐνιαυτοῦ
1171 2068 1389 2130 ἐκείνου.
1467 2069 1560 2125 Διὸ
1626 2069 1713 2126 καὶ
1740 2070 1814 2134 ὡς

169 2159 333 2217 τόπον
370 2158 656 2239 ἐπέχοντες
685 2169 779 2220 τοῦ
808 2166 1034 2240 Χριστοῦ
1061 2158 1149 2215 καὶ
1217 2163 1364 2214 Θὲοθ
1392 2157 1571 2237 ἡμῶν,
1603 2155 1816 2222 δικαίως

170 2247 584 2325 ἀποσεμνύνουσι
637 2249 704 2304 τά
760 2249 973 2307 ἑκούσια
1030 2247 1175 2315 πάθη
1230 2246 1407 2319 αὐτοῦ,
1467 2247 1554 2303 καὶ
1623 2246 1690 2305 τὰ
1730 2244 1815 2302 δια

168 2336 270 2404 τὴν
318 2336 583 2417 σωτηρίαν
656 2340 807 2413 ﬂia-In
881 2335 1233 2418 ἐπενεχθέντα
1287 2336 1457 2409 τούτῳ
1524 2335 1667 2417 παρὰ
1706 2341 1814 2392 τῶν

168 2422 473 2506 ἀχαρίστων
556 2422 816 2487 Ἰουδαίων
872 2424 1152 2509 taceam
1238 2425 1341 2505 πρὸ
1420 2434 1514 2485 τοῦ
1592 2431 1814 2502 σταυροῦ

165 2516 381 2579 καὶτῆς
425 2514 784 2582 ἀναστάσεως.
841 2522 981 2574 Ποῖα
1012 2514 1066 2572 δὲ
1120 2515 1284 2572 ταῦτά
1351 2515 1501 2587 εἰσιν,
1535 2513 1812 2571 ἀκουσάτω

165 2608 201 2676 ἡ
270 2608 479 2688 ἱερότης
534 2630 648 2666 σου.
715 2609 823 2667 Κάν
878 2610 978 2690 γὰρ
1030 2609 1197 2673 κόπος
1254 2607 1481 2665 ὶνώπιόν
1520 2606 1623 2684 μού
1671 2605 1812 2664 ἔστιν

166 2695 268 2762 ἕως
313 2700 374 2755 οὗ
420 2696 637 2755 εἰσέλθω
692 2701 766 2762 εἷς
823 2699 886 2756 τὸ
938 2699 1283 2777 ἀγιαστήριον
1342 2702 1460 2777 Δτοῦ
1512 2693 1668 2775 Θεοῦ,
1724 2696 1814 2753 καὶ

166 2786 307 2844 συνῶ
333 2787 401 2844 τά
430 2786 484 2843 ἐν
530 2788 671 2863 αύτῷ
710 2788 799 2846 καὶ
853 2774 998 2868 περὶ*
1025 2774 1182 2867 αὐτὸ,
1234 2774 1357 2843 ἀλλ’
1425 2786 1461 2854 ἡ
1512 2774 1670 2868 χάρις
1718 2790 1814 2843 τοῦ

167 2875 429 2955 παναγίου
498 2879 800 2953 Πνεύματος
854 2878 891 2947 ἡ
974 2876 1027 2933 ἐν
1105 2875 1463 2955 πατριάρχαις
1522 2895 1810 2954 προτυπω-

165 2966 347 3044 θετσα,
420 2964 476 3022 ἐν
532 2967 826 3048 προφήταις
877 2967 1340 3047 προκηρυχθετσα,
1386 2962 1440 3020 ἐν
1494 2960 1812 3029 ἀποστόλοις

164 3052 573 3136 θεμελιωθετσα,
622 3060 680 3114 ἒν
742 3057 964 3136 μάρτυσι
1023 3057 1387 3123 τελειωθετσα,
1443 3053 1531 3110 καὶ
1590 3052 1644 3110 ἰν
1697 3054 1810 3132 ἱερ-

1899 1887 2123 1994 Eegiam
2154 1887 2579 1991 incaiescebat,
2605 1891 2711 1992 .bic
2736 1909 2845 1979 per
2871 1891 3136 1994 gratiam.
3149 1891 3551 1993 pontiﬁcatus.

1897 1974 2037 2038 Erat
2074 1976 2256 2040 enim.
2296 1976 2512 2057 inquit,
2566 1979 2695 2061 ejus
2741 1974 2893 2043 anni
2940 1980 3203 2061 pontifex
3234 1980 3550 2061 maximus.

1898 2068 2225 2148 Propterea
2264 2066 2453 2131 nostri
2483 2068 2854 2148 patriarcha,
2898 2076 3179 2152 tanquam
3212 2069 3555 2149 obtinentes

1897 2153 2095 2216 locum
2121 2155 2339 2219 Christi
2357 2155 2581 2239 Deique
2611 2156 2947 2237 nostri,non
2970 2157 3077 2220 abs
3101 2176 3169 2221 re
3186 2158 3552 2225 voluntarios

1894 2242 2086 2326 ipsius
2118 2244 2438 2321 cruciatus,
2475 2255 2533 2308 et
2565 2247 2780 2327 probra
2799 2247 3006 2311 salutis
3031 2256 3251 2312 nostra
3278 2266 3461 2317 causa
3495 2249 3553 2312 ei

1894 2341 2034 2397 ante
2061 2351 2303 2396 crucem
2336 2343 2396 2396 et
2424 2336 2936 2399 resurrectionem
2959 2335 3035 2398 ab
3063 2337 3308 2417 ingratis
3328 2336 3553 2405 Judais

1894 2421 2079 2493 illata,
2114 2440 2248 2483 cum
2280 2422 2564 2502 gravitate
2595 2425 3207 2507 reprasentantﬂua
3234 2426 3552 2490 autemilla

1895 2513 2035 2586 sint,
2081 2513 2281 2576 audiat
2329 2523 2430 2578 tua
2484 2517 2787 2581 sanctitas.
2839 2516 2987 2581 Nam
3039 2518 3274 2581 tametsi
3318 2518 3549 2582 videam

1894 2619 1991 2664 me
2019 2602 2281 2664 laborem
2307 2603 2867 2688 subiturum,donec
2881 2606 3257 2687 ingrediarin
3277 2616 3553 2671 sanctua-

1892 2693 2049 2753 rium
2078 2690 2211 2768 Dei,
2245 2709 2502 2774 quaque
2560 2695 2619 2756 in
2673 2714 2744 2758 eo
2794 2703 2957 2772 sunt,
3012 2705 3071 2758 et
3126 2695 3284 2758 circa
3326 2696 3549 2778 ipsum,

1892 2779 2221 2875 intelligam
2257 2801 2271 2843 :
2304 2783 2939 2875 nihilominussancti
2980 2784 3236 2875 Spiritus
3261 2785 3454 2875 gratia
3482 2786 3547 2848 in

1895 2870 2249 2957 patriarchis
2282 2871 2681 2951 praeﬁgurata,
2713 2873 2775 2935 in
2806 2870 3111 2957 prophetis
3139 2882 3276 2937 ante
3305 2873 3547 2937 denun-

1893 2956 2059 3031 tiata,
2084 2959 2146 3021 in
2176 2960 2464 3040 apostolis
2492 2961 2829 3039 fundata,in
2852 2956 3220 3043 martyribus
3249 2962 3549 3040 absoluta,

1891 3045 1955 3108 in
1981 3047 2313 3110 hierarchis
2343 3048 2647 3129 decorata,
2689 3050 3171 3119 subministrabit
3215 3051 3547 3137 orationem

165 3142 363 3225 άρχαις
403 3150 894 3223 κατακυσμηθετσα,
948 3143 1102 3202 δώσει
1159 3143 1319 3224 λόγον
1388 3141 1442 3201 ἐν
1501 3139 1690 3210 ἀνοίξει
1719 3147 1812 3201 τοῦ

1898 3138 1958 3199 in
1986 3136 2296 3221 apertione
2326 3138 2448 3201 oris
2479 3140 2625 3205 mei.

164 3233 432 3310 στόματός
463 3257 592 3311 μου.

244 3323 325 3385 Τὰ
388 3330 496 3381 τῶν
554 3331 901 3405 πατριαρχῶν
943 3331 1048 3381 τῶν
1103 3324 1268 3405 ἁγίων
1318 3318 1672 3402 ὶμπιμάνικα,
1720 3320 1814 3388 τάς

162 3415 485 3498 χειροπεδας
555 3428 649 3478 τοῦ
704 3419 889 3500 Κυρίου
932 3415 1256 3498 δοξάζουσιν,
1300 3418 1363 3483 ἃς
1420 3417 1557 3477 ἑκὼν
1610 3414 1812 3482 ὑπέστη

161 3503 246 3564 διὰ
303 3507 403 3575 τὴν
478 3508 741 3588 σωτηρίαν
811 3511 990 3585 ἡμῶν,
1075 3508 1213 3566 κατά
1299 3507 1580 3586 μαστιγίαν
1680 3506 1812 3586 πρὸς

163 3597 417 3676 Καϊάφαν
467 3596 753 3677 ἀγόμενος,
816 3599 893 3657 Τὰ
946 3595 1328 3677 ἐπιτραχήλια,
1388 3598 1448 3653 τὸ
1498 3593 1813 3676 φραγέλλιον

159 3686 221 3742 τὸ
245 3684 473 3743 ἑλκύσαν
529 3687 629 3754 τὴν
686 3686 829 3759 ζωὴν
901 3688 1034 3766 πρὸς
1104 3687 1194 3741 τὸν
1234 3684 1480 3747 θάνατον.
1540 3685 1617 3741 Τὰ
1678 3682 1815 3759 μετά

158 3777 438 3852 ποταμίων
466 3776 742 3857 στιχάρια,
773 3778 894 3842 τοὺς
923 3775 1169 3855 κρουνοὺς
1198 3780 1290 3830 τοῦ
1334 3772 1564 3850 αἵματος
1591 3774 1683 3830 καὶ
1721 3777 1814 3828 τοῦ

158 3863 374 3944 ὕδατος,
446 3865 569 3928 τοὺς
639 3864 700 3923 ἐκ
753 3868 853 3933 τῆς
908 3865 1047 3927 θείας
1106 3862 1333 3942 πλευρᾶς
1389 3859 1810 3927 ἀποστάξαντας,

160 3960 276 4012 Τῶν
307 3954 570 4033 γονατίων
597 3954 666 4011 τά
719 3953 1085 4034 ἐπιϐλήματα,
1114 3959 1205 4010 τοῦ
1246 3950 1446 4009 λεντίου
1504 3952 1565 4006 τὸ
1621 3949 1812 4030 ἔγχει-

160 4040 351 4122 ρίδιον,
383 4041 451 4100 δι’
482 4045 544 4102 οὗ
572 4044 692 4110 τοὺς
741 4043 908 4108 πόδας
965 4047 993 4102 ὁ
1070 4042 1257 4122 Κύριος
1326 4045 1433 4097 τῶι
1498 4037 1813 4098 ἀποστόλων

157 4131 465 4206 ἀπὲσμηξεν
541 4136 602 4192 Οἱ
649 4135 861 4214 σάκκοι,
917 4135 1017 4202 τὴν
1060 4131 1295 4214 χλαῖναν
1337 4133 1438 4197 τῆς
1480 4125 1701 4209 ὕϐρεως.
1736 4126 1813 4186 Τά

156 4221 463 4303 ὠμοφόρια,
506 4225 604 4291 τὴν
651 4224 712 4281 ἐκ
752 4224 845 4281 τοῦ
901 4222 1028 4298 ᾅδου
1081 4223 1213 4302 πρὸς
1268 4219 1486 4299 οὐρανὸν
1540 4226 1634 4276 τοῦ
1662 4239 1812 4296 πρω-

155 4310 460 4368 τοπλάστου
492 4310 805 4387 μετάϐασιν.
839 4314 916 4371 Τὰ
973 4310 1058 4369 διὰ
1104 4308 1497 4387 πολυσταυρίων
1540 4305 1808 4388 φαινόλια,

1973 3316 2328 3409 Sanctorum
2363 3318 2842 3409 patriarcharum
2904 3320 3263 3404 epimanica,
3308 3320 3548 3385 Domini

1898 3406 2156 3470 manicas
2186 3406 2511 3486 celebrant,
2548 3429 2693 3494 quas
2730 3412 2936 3476 volens
2963 3411 3243 3476 sustinuit
3271 3410 3348 3475 ob
3378 3415 3548 3476 salu-

1896 3501 2015 3585 tem
2050 3505 2340 3576 nostram,
2375 3518 2511 3562 cum
2540 3500 2729 3564 instar
2755 3500 3108 3566 verberonis
3125 3502 3199 3565 ad
3224 3500 3544 3585 Caiapham

1895 3582 2245 3651 duceretur.
2296 3587 2570 3666 Collaria,
2603 3590 2797 3654 lorum
2828 3590 3003 3668 illud,
3051 3591 3208 3673 quod
3257 3582 3440 3675 vitam
3468 3590 3546 3653 ad

1895 3684 2149 3737 mortem
2179 3677 2377 3740 traxit.
2399 3679 2642 3742 Tunica
2662 3679 2873 3759 ﬂuvios
2902 3676 3213 3759 habentes,
3239 3678 3547 3759 sanguinis

1896 3771 1956 3826 et
1982 3782 2154 3846 aqua
2183 3765 2366 3841 rivos,
2422 3768 2524 3851 qui
2569 3787 2641 3831 ex
2691 3767 2893 3832 divino
2925 3769 3113 3849 latere
3152 3766 3541 3849 distillarunt.

1896 3852 2168 3917 Genuum
2222 3854 2497 3931 amictus,
2532 3858 2663 3940 ejus
2708 3856 2878 3921 lintei
2925 3859 3375 3940 documentum,
3426 3875 3545 3939 quo

1898 3941 2084 4021 pedes
2159 3945 2565 4025 apostolorum
2642 3947 2937 4011 Dominus
3018 3946 3285 4010 extersit.
3342 3941 3543 4023 ,Sacci,

1898 4031 2146 4112 pallium
2175 4032 2321 4096 illud
2352 4036 2727 4100 contumelia
2745 4046 2927 4120 atque
2953 4034 3284 4119 opprobrii.
3316 4034 3546 4100 Humeo

1893 4120 2061 4197 ralia,
2096 4122 2380 4203 primitivi
2431 4126 2741 4187 transitum
2790 4125 2866 4187 ab
2917 4124 3129 4188 inferis
3182 4124 3258 4188 ad
3301 4125 3543 4190 calum.

1895 4209 2090 4273 Multis
2126 4211 2369 4291 ingnita
2399 4213 2679 4277 crucibus
2709 4215 2970 4298 penula,
3019 4213 3378 4279 veneranda
3406 4232 3548 4278 cru-

1894 4298 1983 4361 cis
2012 4300 2408 4389 universalem
2459 4303 2709 4384 gloriam
2757 4311 2935 4389 atque
2993 4308 3365 4385 potestatem.
3399 4300 3550 4377 Qua

154 4407 247 4458 τοῦ
275 4400 458 4475 τιμίου
513 4410 734 4481 σταυροῦ
790 4403 888 4471 τὴν
929 4402 1264 4481 παγκόσμιον
1319 4395 1469 4464 δόξαν
1526 4400 1613 4455 καὶ
1654 4394 1812 4453 δύνα-

1898 4397 2037 4481 sunt
2092 4388 2155 4451 in
2203 4390 2298 4481 his
2329 4389 2641 4474 triangula,
2677 4388 2943 4481 lapidem
2989 4392 3157 4456 illum
3200 4393 3547 4481 angularem

338 4462 348 4475 ,
645 4462 654 4481 ,
845 4462 857 4471 ,
1022 4462 1032 4481 ,
1142 4462 1153 4477 ,
1394 4462 1400 4464 ι

154 4512 268 4566 μιν.
308 4491 391 4548 Τά
421 4488 475 4546 ἐν
504 4491 708 4556 τούτοις
737 4474 1143 4571 τριγώνιαίτὸν
1200 4491 1588 4571 ἀκρογωνια”ον
1643 4486 1806 4561 λίθον,

1898 4476 2195 4571 Christum
2228 4478 2414 4571 Deum
2446 4462 2754 4556 nostrum:
2773 4481 2876 4564 qui
2891 4480 3190 4565 disjuncla
3212 4462 3544 4571 coitjunxit.

155 4582 391 4661 Χριστὸν
420 4583 511 4638 τὸν
556 4583 688 4639 Θεὸν
717 4584 894 4659 ἡμῶν,
928 4584 1021 4639 τὸν
1076 4582 1143 4639 τὰ
1185 4579 1443 4639 διεστῶτα
1483 4577 1808 4653 συνάψαντα.

158 4671 259 4728 Καὶ
293 4673 348 4728 αἱ
408 4669 583 4749 ῥάϐδοι
636 4673 728 4727 τὸν
782 4670 1046 4748 κάλαμον,
1117 4674 1209 4729 τὸν
1264 4672 1362 4739 τὴν
1418 4667 1682 4747 σωτηρίαν
1722 4676 1815 4726 τοῦ

160 4756 348 4838 γένους
434 4765 540 4817 τῶν
607 4760 894 4841 ἀνθρώπων
972 4759 1503 4841 καλλιγραφήσαντα.
1591 4757 1689 4816 Καὶ
1784 4758 1812 4812 ὁ

160 4848 360 4928 μάρτυς
407 4848 462 4905 ἐν
504 4853 709 4928 οὖρανῷ
754 4849 964 4914 πιστός.
1019 4848 1158 4907 ’Λπὸ
1200 4856 1323 4927 γοῦν
1367 4853 1470 4904 τῶν
1515 4844 1653 4903 ο’3τω
1718 4841 1812 4900 δε-

160 4933 491 5014 δοξασμένων
549 4938 851 5017 ἀγακλεῶς,
941 4940 1028 4996 καὶ
1098 4941 1172 5001 εἱς
1218 4938 1383 4996 τύπον
1438 4934 1813 4993 καταστάντων

161 5031 253 5082 τοῦ
282 5025 532 5093 ἀληθινοῦ
564 5034 788 5106 Χριστοῦ
815 5028 904 5086 καὶ
960 5034 1091 5085 Θεοῦ
1132 5029 1312 5103 ἡμῶν,
1370 5025 1529 5093 ποῖός
1557 5047 1637 5089 τις
1679 5020 1811 5080 τολ-

164 5115 364 5191 μητίας
392 5118 480 5173 καὶ
538 5115 909 5196 θρασυκάρδιος
992 5115 1251 5198 ἀφέληταί
1303 5137 1355 5171 τι
1422 5113 1622 5171 δικαιον
1664 5115 1811 5192 ἱερα-

162 5205 313 5261 τικὸν
369 5204 756 5277 ὁπωσδήποτεε
810 5207 1024 5271 Πάντως
1081 5205 1270 5270 οὐδείς.
1325 5204 1570 5263 Ἀκούσει
1612 5203 1712 5281 γὰρ
1753 5200 1817 5259 ἐκ

163 5303 259 5354 τοῦ
298 5295 614 5373 θεοπάτορος
650 5311 663 5326 '
721 5297 793 5353 Σὺ
836 5294 893 5353 δὶ
946 5296 1149 5353 ἀπώσω
1210 5297 1299 5354 καὶ
1342 5292 1689 5361 ἐξουδένωσας
1720 5292 1815 5347 τὸν

168 5384 393 5464 ξριστόν
448 5405 565 5457 σου,
622 5385 711 5441 καὶ
764 5386 826 5441 τὸ
894 5384 1129 5464 ἀγίασμα
1213 5386 1372 5442 αὐτοῦ
1449 5379 1808 5452 ἐϐεϐήλωσας.

176 5454 374 5550 1ἱὶσειτιιρ
400 5472 571 5530 τοίνυν
599 5476 695 5532 οὒκ
763 5472 927 5540 ἔξεστι
986 5480 1094 5532 τῶν
1166 5473 1416 5531 ἁπάντων
1485 5472 1586 5527 τινὶ
1642 5467 1816 5547 λέγειν

170 5560 304 5639 πηρὶ
344 5572 437 5621 τοῦ
478 5563 594 5626 ἑνὸς
626 5569 850 5642 Χριστοῦ
877 5564 966 5621 καὶ
996 5569 1127 5620 Θεοῦ
1191 5564 1370 5639 ἡμῶν,
1416 5558 1593 5624 ἄλλως
1623 5558 1722 5635 μὲν
1764 5557 1820 5614 ἐν

171 5646 309 5723 113:3:
376 5655 476 5718 τῆς
533 5650 845 5727 οἰκουμένης
898 5658 976 5727 τῷ
1029 5650 1244 5729 κλίματι
1301 5648 1663 5731 παρουσιάζειν
1733 5647 1823 5703 καὶ

175 5735 581 5821 μεγαλύνεσθαι,
652 5738 830 5806 ἄλλως
871 5738 916 5798 δ’
974 5739 1027 5800 ἐν
1099 5739 1282 5816 ἆκείνῳ
1337 5737 1658 5820 δοξάζεσθαι,
1728 5735 1822 5794 ἵνα

1892 4566 2120 4645 Baculi,
2169 4569 2530 4633 arundinem
2590 4571 2775 4643 illam,
2810 4588 2947 4653 qua
3003 4571 3254 4633 salutem
3309 4569 3549 4651 generis

1893 4656 2138 4720 humani
2178 4659 2417 4739 egregie
2471 4658 2766 4742 depinxit.
2820 4659 3016 4723 Testis
3044 4659 3108 4722 in
3135 4659 3285 4723 calo
3324 4658 3542 4721 ﬁdelis.

1893 4745 2250 4809 Patriarchis
2306 4768 2447 4833 ergo
2507 4758 2624 4811 tam
2678 4751 2965 4832 praclare
3013 4748 3363 4829 nobilitatis,
3395 4759 3458 4823 et
3485 4747 3549 4815 in

1894 4833 2279 4898 simulacrum
2318 4837 2442 4900 veri
2468 4834 2688 4902 Christi
2716 4857 2786 4900 ac
2826 4836 2936 4915 Dei
2966 4836 3153 4899 nostri
3183 4834 3548 4915 constitutis,

1895 4923 2027 5005 quis
2057 4924 2207 4986 adeo
2239 4926 2591 4989 temerarius
2640 4934 2701 4988 et
2743 4927 2934 4990 audax
2982 4925 3185 5011 fuerit,
3216 4932 3281 4988 ut
3300 4926 3403 5007 jus
3431 4923 3545 4987 ali-

1895 5013 2050 5095 quod
2077 5014 2446 5077 sacerdotale
2466 5033 2823 5098 quocunque
2846 5014 3024 5079 modo
3037 5012 3294 5077 adimat?
3304 5013 3549 5095 omnino

1897 5100 2096 5165 nullus
2130 5152 2144 5167 .
2178 5104 2395 5166 Audiet
2423 5105 2584 5167 enim
2613 5122 2648 5166 a
2677 5104 2895 5169 Christi
2948 5111 3115 5188 patre
3164 5102 3388 5175 Davide
3413 5122 3430 5164 :
3459 5103 3550 5166 Tu

1896 5201 2097 5254 autem
2144 5192 2416 5274 repulisti
2466 5202 2526 5256 et
2570 5193 2915 5257 annihilasti
2966 5200 3210 5259 unctum
3266 5198 3461 5277 tuum,
3492 5201 3553 5273 et

1895 5283 2421 5346 sanctiﬁcationem
2471 5284 2603 5364 ejus
2646 5283 2991 5368 profanasti.
3032 5280 3550 5357 Quemadmodum

1897 5390 2039 5453 ergo
2071 5371 2300 5435 nemini
2324 5372 2529 5435 dicere
2556 5374 2697 5436 licet
2741 5373 2816 5437 de
2874 5392 2993 5437 uno
3023 5371 3258 5437 Christo
3307 5371 3553 5459 Deoque

1902 5467 2131 5538 nostro,
2164 5462 2322 5544 quod
2348 5460 2526 5526 aliter
2546 5463 2609 5525 in
2639 5463 2755 5527 hoc
2780 5462 2944 5527 orbis
2968 5470 3167 5543 tractu
3190 5461 3271 5545 sit
3290 5462 3553 5547 praesens

1904 5558 1963 5613 et
1988 5549 2423 5631 magniﬁcetur,
2440 5553 2621 5617 aliter
2650 5553 2712 5616 in
2739 5552 2849 5617 illo
2872 5552 3263 5637 glorificetur;
3292 5570 3371 5637 ne
3386 5569 3555 5635 γοερ-

1903 5639 2020 5716 nia
2064 5650 2344 5705 extrema
2388 5660 2562 5707 reum
2613 5660 2681 5707 se
2728 5634 2927 5726 faciat,
2976 5651 3040 5707 et
3076 5641 3154 5706 ad
3180 5634 3550 5726 impietatem

1905 5728 2243 5801 exorbitet:
2276 5730 2362 5794 sic
2411 5730 2589 5805 etiam
2619 5730 2799 5811 nemo
2829 5731 3291 5823 patriarchalem
3312 5744 3553 5817 sacram
