4128 6426
539 459 681 533 1171

1921 459 1950 523 J
1960 462 2052 524 US
2093 451 2538 520 CANONICUM

3767 436 3915 503 1172

531 599 981 680 amplitudinem
1013 596 1196 658 dividi
1216 594 1438 658 debere
1469 593 1705 668 dixerit,
1740 601 1802 654 ut
1831 591 1925 653 vel
1956 591 2216 670 majora!

2394 585 2761 667 παραπληξίας
2817 584 3056 664 ἐσχάτης
3114 583 3424 659 κατοκριθῇ,
3479 579 3573 634 καί
3634 579 3766 656 πρὸς
3792 574 3912 632 δυσ-

534 664 650 751 νεῖ
675 687 908 749 minora
957 686 1172 748 habeat
1225 683 1556 766 privilegia.
1591 664 1960 763 Quapropter
2007 664 2185 741 etiam

2298 673 2477 732 λέϐειαν
2547 672 2926 751 μετακυλισθῇ,
2987 670 3153 736 οὕτως
3199 667 3314 726 οὒὸὲ
3371 670 3470 736 τὴν
3521 664 3914 745 πατριαρχικῆν

537 783 816 840 statutum
851 784 966 857 est,
1014 783 1078 836 ut
1107 774 1168 835 in
1203 754 1406 853 quavis
1439 754 1740 835 vecclesia-
1763 754 1893 851 Dei,
1943 769 2065 830 sive
2115 767 2188 829 ad

2301 765 2408 821 είαν
2468 762 2859 842 μεγαλειότητα
2913 760 3203 841 διαιρετέαν
3259 757 3406 815 εἰ’ποι
3463 780 3542 821 τις
3607 757 3780 828 εἶναι,
3834 754 3915 810 καὶ

539 870 924 950 Euphratem,
951 845 1076 930 sive
1107 866 1179 928 ad
1210 845 1458 946 rl‘igrim,
1491 867 1613 926 sive
1643 865 1716 926 ad
1739 845 1932 944 ipsum
1968 862 2186 942 pertin-

2298 855 2400 932 πρὸς
2450 853 2660 928 μείζονα
2704 853 2790 908 καὶ
2838 849 3097 907 ἐλάττονα
3139 849 3404 927 προνόμια
3462 845 3910 922 μεταπίπτουσαν.

539 966 636 1039 gat
664 956 990 1032 Oceanum,
1018 955 1384 1036 conjunctim
1418 973 1623 1016 eorum
1657 953 1900 1015 nomina
1923 950 2190 1013 referan-

2273 949 2360 1016 Τῷ
2387 965 2464 998 τοι
2518 943 2604 998 καὶ
2675 939 2914 998 δέδοκται
2986 939 3123 996 κατὰ
3182 943 3357 994 πᾶσαν
3416 934 3730 1008 ἐκκλησίαν,
3801 931 3916 1011 περί

541 1021 659 1111 ἴον.
693 1051 1074 1128 Acceperunt
1104 1021 1289 1121 enim,
1320 1044 1408 1106 uti
1448 1043 1734 1124 scriptum
1785 1041 2056 1119 legimus,
2087 1058 2190 1102 re-

2298 1033 2362 1087 ῖὸν
2406 1031 2703 1111 Εὖιρράτην,
2737 1031 2822 1086 καὶ
2855 1028 3108 1106 Τίγρητα,
3141 1028 3228 1082 καὶ
3299 1027 3453 1082 αὒτὸν
3502 1022 3809 1116 ’,διήκουσαν
3836 1021 3920 1078 τὸν

2298 1121 2304 1128 .
2454 1121 2464 1128 .
2565 1118 2602 1128 -.
2661 1117 2698 1128 -.
2843 1117 2857 1128 .
2934 1119 2945 1128 .
3059 1116 3071 1128 .
3203 1115 3212 1128 .
3311 1118 3332 1128 -
3642 1109 3672 1128 ο
3845 1111 3858 1127 κ

543 1137 758 1218 giones
787 1136 1076 1216 gentium;
1110 1143 1168 1198 et
1189 1153 1396 1196 eorum
1427 1133 1626 1195 throni
1656 1140 1792 1194 sunt
1821 1132 2010 1193 instar
2038 1132 2193 1193 lunaa

547 1225 845 1308 perfectae,
873 1243 941 1286 ac
970 1224 1112 1287 solis
1131 1224 1318 1286 instar
1339 1240 1537 1285 coram
1565 1240 1662 1284 me
1683 1229 1844 1285 sunt.

628 1405 748 1466 Sed
781 1403 940 1466 dicet
965 1401 1218 1483 aliquis:
1253 1402 1399 1465 Cum
1432 1399 1620 1462 divini
1647 1409 1706 1462 et
1734 1399 1890 1462 sacri
1935 1415 2196 1459 canones

547 1493 708 1556 velut
736 1491 1079 1573 arvipendio
1110 1490 1365 1572 quodam
1383 1489 1736 1570 patriarchis
1757 1498 2007 1570 quatuor
2036 1485 2199 1548 orbis

551 1591 752 1665 partes
778 1580 1214 1660 distribuerint,
1249 1579 1352 1661 qui
1381 1579 1467 1651 ﬁt,
1501 1589 1566 1639 ut
1608 1578 1736 1659 ipse
1767 1576 1952 1640 semel
1984 1582 2201 1638 statuta

548 1671 1017 1752 transgrediens,
1049 1670 1200 1732 velis
1251 1686 1352 1731 eas
1380 1668 1569 1730 instar
1595 1667 1776 1730 unius
1817 1666 2026 1728 haberi
2057 1683 2198 1746 pro-

551 1761 779 1837 vincite,
822 1779 1073 1843 quaeque
1123 1757 1314 1821 divisa
1364 1768 1530 1820 recte
1563 1765 1724 1832 sunt,
1759 1757 1912 1819 male
1943 1755 2198 1818 confun-

552 1851 698 1913 dere
717 1853 748 1912 ?
774 1849 867 1913 Ad
898 1850 1051 1911 hanc
1080 1847 1482 1929 objectionem
1530 1846 1995 1927 respondemus,
2027 1861 2198 1924 posse
2223 1876 2260 1925 Β

553 1939 775 2022 pariter
803 1947 860 2002 et
889 1940 1016 2001 haec
1036 1937 1153 2000 vim
1183 1955 1349 1998 suam
1373 1935 1666 2008 obtinere,
1693 1933 2198 2016 quemadmodum

553 2052 588 2095 a
609 2032 833 2096 sanctis
860 2030 1136 2095 Patribus
1155 2029 1381 2091 sancita
1393 2028 1598 2101 sint,et
1613 2036 1812 2091 tamen
1833 2027 2203 2090 identitatem

553 2122 794 2186 unionis
824 2140 942 2182 non
972 2119 1274 2183 confundi.
1309 2117 1522 2199 Opifex
1565 2118 1667 2179 ille
1715 2118 1894 2198 hujus
1943 2114 2206 2178 universi

555 2210 850 2292 Deus,qui
870 2210 1174 2272 hominem
1205 2226 1371 2270 suam
1403 2209 1475 2270 ad
1508 2207 1828 2284 imaginem
1862 2207 2076 2282 fixit,et
2103 2223 2205 2266 re-

556 2320 692 2381 gem
717 2299 1090 2362 terrestrium
1122 2296 1449 2370 constituit,
1483 2298 1584 2378 qui
1614 2295 1844 2359 coalitus
1873 2304 2203 2375 regeretur,

559 2389 912 2472 praedicatur
963 2387 1063 2450 ille
1121 2387 1362 2468 quidem
1425 2405 1560 2448 cum
1620 2393 1862 2466 propter
1911 2385 2203 2466 reliquam

559 2479 823 2558 ﬁgmenti
854 2478 1033 2557 hujus
1063 2476 1343 2538 eximiam
1373 2494 1718 2557 compagem
1750 2495 1766 2551 ;
1803 2483 1927 2535 tum
1959 2473 2116 2554 quod
2137 2491 2207 2534 ex

559 2567 884 2631 immortali
939 2566 1176 2646 partim,
1232 2565 1444 2646 partim
1497 2564 1729 2626 mortali
1780 2564 2049 2636 mistura,
2107 2580 2208 2624 vas

561 2657 708 2719 illud
740 2663 877 2738 apte
906 2655 1185 2717 ﬂuxerit:
1221 2653 1378 2734 quod
1411 2672 1556 2715 sane
1599 2672 1733 2715 cum
1782 2654 1908 2713 loco
1947 2653 2203 2714 circum-

563 2745 881 2818 scribatur,
917 2743 1152 2805 ratione
1181 2741 1476 2805 crassitit-i
1507 2740 1993 2816 carnalis,mente
2010 2751 2207 2803 tamen

564 2854 635 2898 ea
663 2841 912 2914 spectat,
944 2851 1076 2913 quae
1103 2832 1193 2893 vel
1224 2831 1383 2913 apud
1420 2831 1611 2895 Gades
1643 2831 1954 2892 exsistunt.
2003 2829 2210 2911 Neque

567 2923 762 2986 minus
793 2923 849 2985 ei
877 2921 1203 3003 majestatis
1225 2940 1293 2984 ex
1316 2939 1387 2982 eo
1413 2919 1874 3000 tribuitur,quod
1900 2919 2210 2981 hominum

563 3014 744 3078 vitam
778 3030 885 3094 per
931 3011 1195 3093 quinque
1241 3028 1454 3071 sensus
1495 3009 1620 3089 regi
1650 3008 1924 3083 voluerit,
1958 3027 2209 3089 quorum

567 3101 816 3184 quilibet
842 3101 960 3162 vim
990 3099 1102 3161 sibi
1136 3098 1499 3180 peculiarem
1530 3097 1882 3178 vindicaret,
1916 3117 2047 3160 cum
2067 3097 2213 3160 inte-

565 3195 682 3255 rim
714 3190 996 3254 societam
1029 3197 1291 3250 mutuam
1343 3207 1462 3249 non
1509 3187 1822 3267 abnegent.
1861 3187 2024 3250 Licet
2054 3186 2214 3250 enim

566 3278 1039 3363 aspectus,verbi
1061 3278 1496 3357 gratia,munus
1526 3277 1641 3339 sibi
1670 3276 1950 3339 divinitus
1979 3277 2216 3355 injunc-

570 3380 694 3433 tum
729 3370 908 3434 etiam
941 3387 1045 3449 pro
1077 3386 1186 3429 sua
1216 3375 1381 3449 parte
1409 3366 1695 3429 duntaxat
1735 3367 1929 3447 obeat,
1965 3384 2072 3428 ceu
2103 3364 2215 3428 de-

570 3459 756 3522 bitum
787 3457 1085 3540 quoddam
1114 3456 1546 3538 persolvens,in
1579 3475 1694 3536 quo
1729 3455 1973 3516 minime
2005 3472 2215 3534 cogna-

571 3550 646 3611 tis
675 3547 1012 3611 asensibus
1059 3546 1404 3628 impeditur,
1462 3563 1837 3626 nequaquam
1898 3553 2092 3606 tamen
2142 3541 2215 3604 ab

566 3639 781 3702 horum
831 3637 1116 3700 societate
1165 3634 1458 3711 avellitur,
1492 3635 1598 3696 sed
1626 3634 1750 3694 vult
1778 3651 1884 3695 eos
1914 3631 2218 3712 dignitatis

565 3748 689 3792 suae
717 3725 1039 3810 participes
1087 3742 1243 3800 esse,
1299 3731 1647 3804 mutuasque
1691 3723 1965 3785 conferre
1995 3738 2219 3810 operas

565 3809 754 3881 instar
809 3814 1062 3878 ﬁdarum
1117 3812 1600 3892 ancillarum,:ad
1632 3811 1958 3873 curandum
1988 3809 2048 3873 id
2079 3827 2216 3872 cor-

569 3927 700 3990 pus,
730 3906 828 3968 cui
857 3921 1070 3967 sensus
1118 3904 1181 3965 hi
1231 3901 1354 3966 dati
1402 3910 1559 3964 sunt.
1617 3904 1914 3964 Praeterea
1957 3908 2220 3961 meretur

568 3987 1046 4068 admirationem,
1072 3991 1230 4074 quod
1259 4009 1438 4074 quem
1472 3990 1614 4052 libet
1644 3991 1858 4051 horum
1888 3987 2221 4068 geminave-

569 4086 650 4148 rit
679 4105 695 4160 ;
721 4091 787 4146 ut
815 4082 1050 4146 tametsi
1081 4081 1278 4162 perire
1304 4078 1618 4156 contigerit
1650 4097 1859 4154 unum,
1889 4087 2086 4138 tamen
2115 4094 2224 4139 re-

570 4175 838 4256 reliquus
867 4171 1027 4233 illius
1056 4170 1235 4232 etiam
1265 4168 1455 4231 vicem
1486 4169 1754 4248 impleat,
1792 4186 1904 4230 nec
1934 4165 2223 4228 adversus

573 4255 715 4328 eum
746 4261 1113 4323 insolescant
1156 4277 1368 4321 sensus
1395 4257 1588 4320 adhuc
1619 4257 1860 4336 integri,
1895 4256 1997 4317 sed
2028 4255 2222 4336 potius

573 4353 632 4416 ei
684 4351 1063 4430 condoleant,
1099 4368 1175 4411 ne
1204 4348 1460 4411 ludibrio
1494 4346 1917 4429 paterfamilias
1954 4345 2220 4424 ipsorum

575 4442 885 4506 habeatur.
928 4439 1160 4520 Quippe
1198 4438 1250 4500 si
1280 4436 1596 4516 contigerit
1637 4436 1983 4497 alterutram
2013 4451 2220 4495 aurem

575 4531 851 4594 inutilem
881 4529 1077 4605 reddi,
1114 4547 1238 4619 non
1256 4525 1511 4607 amplius
1526 4526 2009 4619 _homo,creatum
2044 4522 2226 4619 longe
2248 4569 2290 4619 Β

576 4620 1071 4702 pulcherrimum,
1104 4616 1403 4698 perfectus
1434 4623 1491 4678 et
1521 4612 1863 4702 incolumis,
1897 4620 1956 4674 et
1983 4611 2224 4692 qualem

576 4699 733 4772 Deus
761 4707 1052 4783 condidit,
1105 4723 1236 4767 esse
1282 4703 1540 4784 dicitur;
1605 4701 1704 4764 sed
1769 4701 1955 4762 instar
1982 4699 2228 4762 abortus

578 4799 1000 4878 habetur,cum
1032 4815 1066 4858 a
1094 4795 1343 4876 reliquis
1373 4798 1634 4874 quatuor
1661 4788 2228 4878 sensibus,licetin-

573 4877 905 4952 incolumes
921 4884 1270 4961 sint,auxilii
1295 4882 1440 4945 nihil
1473 4877 2229 4953 habeat.Quemadmodum

579 4996 719 5058 ergo
751 4974 1019 5058 quolibet
1047 4992 1229 5036 sensu
1259 4989 1475 5034 munus
1523 4988 1696 5031 suum
1746 4967 2015 5058 implete,
2051 4972 2232 5028 cete-

577 5057 787 5128 rorum
828 5084 1002 5126 usum
1033 5082 1159 5125 non
1207 5061 1567 5135 inﬁciamur,
1603 5076 1716 5119 nec
1749 5057 2100 5118 damnamus
2131 5073 2235 5116 eos

582 5165 858 5235 tanquam
880 5153 1072 5216 foedos
1101 5161 1159 5214 et
1187 5151 1784 5231 inutiles,propterea
1815 5145 1975 5227 quod
1998 5143 2235 5225 gemina

577 5243 808 5306 ratione
840 5261 960 5304 non
989 5241 1108 5304 sint
1163 5241 1454 5314 efficaces,
1501 5237 2004 5319 quemadmodum
2063 5240 2234 5295 erant

581 5331 828 5408 conditi,
866 5330 972 5392 sed
1005 5330 1202 5412 potius
1233 5329 1321 5392 eis
1349 5325 1863 5407 favemuslquippe
1895 5322 1944 5385 si
1975 5341 2128 5384 unus
2159 5340 2232 5384 ex

582 5420 790 5497 eis,uti
821 5418 1046 5482 dictum
1071 5427 1182 5494 est,
1217 5418 1279 5480 in
1310 5420 1654 5479 universum
1681 5412 2008 5485 defecerit;
2045 5418 2232 5472 totum

581 5527 797 5591 corpus
853 5508 1062 5572 inutile
1117 5507 1411 5582 redditur,
1459 5515 1518 5568 et
1571 5503 1644 5565 ab
1702 5499 2046 5564 hominibus
2075 5497 2232 5591 haud

580 5587 755 5664 aliter
783 5597 1039 5661 habetur
1075 5604 1254 5679 atque
1301 5596 1353 5658 si
1400 5613 1520 5657 non
1551 5592 1911 5671 exsisteret),
1945 5591 2031 5679 sic
2054 5587 2232 5650 etiam

583 5686 893 5772 quinarius
940 5677 1410 5769 patriarcharum
1456 5691 1621 5772 recte
1651 5688 1827 5772 atque
1859 5677 2069 5772 ordine
2100 5694 2234 5772 sese

582 5764 773 5862 geret.-
804 5764 958 5840 Nam‘
977 5776 1231 5860 quilibet
1259 5775 1474 5839 horum
1503 5767 2087 5836 administrationem
2117 5764 2233 5828 sibi

2276 1121 2534 1200 ὠκεανὸν,
2565 1117 2744 1175 ἰλαδὸν
2803 1117 2990 1180 αὐτοὺς
3050 1115 3416 1195 ἀναφέρεσθαι.
3503 1109 3733 1171 "emam
3803 1111 3919 1189 γὰρ,

2277 1211 2428 1290 φησὶ,
2475 1208 2656 1290 χώρας
2687 1207 2870 1282 ἐθνῶν,
2904 1207 3065 1263 καὶοὶ
3106 1205 3280 1284 θρόνοι
3341 1205 3509 1260 αὐτῶν
3553 1201 3682 1258 ὡσεὶ
3725 1221 3922 1278 κατηρ-

2277 1300 2501 1374 τισμένη
2532 1297 2755 1370 σελήνη,
2787 1298 2874 1356 καὶ
2903 1299 2976 1360 ὡς
3015 1294 3162 1362 ἥλιός
3194 1295 3322 1349 εἰσιν
3355 1291 3582 1350 ἐναντίον
3615 1313 3744 1367 μου.

2361 1386 2510 1445 Ἀλλ’
2582 1387 2696 1467 ἐρεῖ
2761 1407 2839 1451 τις
2886 1401 2900 1416 ⁸
2965 1386 3064 1443 Καὶ
3123 1389 3237 1446 πῶς
3281 1389 3386 1439 τῶν
3440 1383 3590 1438 θείων
3636 1381 3726 1437 καὶ
3780 1381 3924 1456 ἱερῶν

2281 1477 2514 1535 κανόνων
2556 1479 2629 1540 ὡς
2701 1475 2756 1533 ἐν
2825 1475 3052 1555 σχοινίῳ
3106 1470 3450 1552 κληροδοσίας
3510 1468 3924 1549 ἐπιμερισάντων

2281 1580 2397 1631 τοῖς
2427 1567 2780 1645 πατριάρχαις
2837 1569 2937 1631 τῆς
3009 1561 3320 1638 οἰκουμένης
3375 1561 3474 1628 τὴν
3529 1557 3920 1638 τετραμέρειαν,

2283 1659 2437 1721 αὐτὸς
2478 1653 2799 1735 ὑπερϐαίνων
2825 1654 2890 1710 τὰ
2933 1651 3152 1718 δόξαντα
3209 1649 3376 1715 θέλεις
3445 1651 3518 1712 ὡς
3574 1650 3703 1724 μίαν
3731 1647 3921 1724 ἐνορίαν

2280 1745 2471 1808 ταύτας
2529 1734 2845 1821 λογξεσθαι,
2908 1744 2995 1797 καὶ
3079 1739 3329 1818 συγχέειν
3386 1744 3566 1800 κακῶς
3618 1737 3686 1792 τα
3735 1734 3923 1813 διαιρε-

2282 1833 2435 1890 θέντα
2463 1831 2682 1911 καλῶςς
2729 1829 2911 1905 Φαμὲν
2943 1828 3030 1885 οὖν
3059 1829 3188 1906 πρὸς
3262 1827 3360 1894 τὴν
3416 1825 3671 1892 τοιαύτην
3729 1824 3925 1880 ἀντίθε-

2284 1944 2389 2002 σιν,
2435 1923 2506 1986 ὡς
2539 1920 2646 1978 ’ἐστι
2677 1921 2763 1976 καὶ
2794 1925 2956 1974 ταῦτα
2985 1916 3205 1996 κρατεῖν
3251 1916 3422 1979 καθὼς
3477 1915 3579 1968 ὑπὸ
3639 1915 3744 1968 τῶν
3774 1911 3924 1988 ἁγίων

2286 2011 2529 2089 Πατέρων
2568 2008 2926 2080 τεθέσπιστλιι⁹
3000 2007 3086 2062 καὶ
3143 2009 3241 2071 τὴν
3295 2002 3596 2068 ταυτότητα
3641 2006 3743 2067 τῆς
3797 1999 3920 2055 ἐνώ-

2286 2085 2530 2175 σεως-μὴ
2588 2098 2926 2177 συγχέεσθαι.
2999 2085 3056 2153 εί.)
3105 2093 3441 2172 Δημιουργος
3498 2097 3606 2147 τῶν
3637 2089 3776 2146 ὅλων
3807 2090 3925 2151 Θεὸς

2287 2188 2403 2247 κάτ’
2463 2188 2658 2245 οἰκείαν
2715 2185 2891 2242 εἰκόνα
2968 2181 3412 2262 πλαστουργήσας
3488 2181 3580 2236 τὸν
3641 2177 3922 2256 ἄνθρωπον,

2287 2279 2375 2335 καὶ
2403 2275 2623 2354 βασιλέα
2673 2276 3012 2344 καταστήσας
3057 2279 3164 2328 τῶν
3215 2272 3300 2328 ἐπὶ
3350 2275 3452 2348 γῆς
3524 2267 3925 2345 βασιλευόμενον

2289 2369 2508 2440 ἄνωθεν,
2539 2367 2782 2441 ὑμνεῖται
2815 2363 2911 2439 μὲν
2959 2363 3046 2419 καὶ
3089 2362 3246 2441 χάριν
3305 2364 3402 2427 τῆς
3445 2356 3616 2424 ἄλλης
3645 2354 3924 2435 ὕπερφοοῦς

2290 2455 2541 2537 ἁρμονίας
2583 2461 2676 2511 τοῦ
2706 2451 3036 2528 πλάσματος,
3083 2452 3171 2506 καὶ
3199 2455 3313 2514 πῶς
3391 2446 3442 2512 ἐξ
3500 2445 3760 2503 ἀθανάτου
3804 2444 3928 2522 κρέ-

2292 2567 2457 2622 ματος
2489 2547 2574 2602 καὶ
2617 2545 2811 2610 θνητοῦ
2839 2544 2899 2598 τὸ
2943 2539 3187 2620 ἐφόλκιον
3260 2536 3620 2616 διωργάνωσε,
3668 2531 3762 2591 καὶ
3792 2532 3930 2605 τόπῳ

2289 2635 2740 2715 περιγραφόμενον
2769 2634 2846 2706 τῷ
2876 2629 3021 2709 λὸγῴ
3076 2633 3170 2696 τῆς
3229 2623 3527 2706 σαρκώδους
3587 2623 3916 2703 παχύτητος,

2291 2712 2482 2804 νοερῶς
2513 2712 2578 2780 τὰ
2619 2722 2760 2801 παρὰ
2817 2717 3075 2799 Γαδείρων
3118 2717 3539 2796 περιεργάζεται.
3602 2714 3720 2792 Οὐχ
3774 2712 3926 2776 ἦττον

2291 2813 2345 2871 δὲ
2375 2796 2748 2891 μεγαλύνεται,
2800 2809 2879 2866 ὅτι
2937 2796 3037 2876 την
3107 2809 3250 2878 ζωὴν
3310 2811 3417 2861 τῶν
3475 2801 3763 2880 ἀνθρώπων
3805 2796 3932 2856 εὐδό-

2294 2925 2426 2972 κησε
2495 2901 2579 2959 διὰ
2647 2901 2805 2958 πέντε
2875 2899 3166 2968 αἰσθήσεων
3233 2891 3579 2970 διεξάγεσθαι,
3653 2893 3930 2969 σφετεριζο-

2297 2995 2469 3070 μένων
2526 2992 2626 3060 τὴν
2679 2989 2976 3060 ἰδικότητα,
3050 2987 3138 3042 καὶ
3249 2984 3326 3059 μὴ
3381 2978 3790 3059 ἀπαρνουμένων
3842 2974 3929 3039 τὴν

2298 3067 2662 3144 ἆνακοίνωσιν,
2698 3081 2805 3138 Κᾶν
2837 3079 2938 3157 γὰρ
2967 3079 3001 3144 ἡ
3031 3075 3154 3152 ὄψις
3196 3075 3362 3153 τυχὸν
3420 3069 3611 3148 ἐνεργῇ
3666 3067 3753 3124 καὶ
3783 3085 3925 3157 μονα-ι

2299 3177 2472 3251 μερῶς
2527 3173 2590 3227 τὸ
2663 3152 3041 3246 ἀποκληρωθὲν
3134 3152 3300 3239 ταύτῃ
3388 3159 3754 3251 λειτουργημα
3803 3152 3926 3251 παρὰ

2235 3249 2274 3299 C
2301 3243 2455 3343 θεοῦ,
2527 3262 2659 3318 καθὰ
2729 3283 2779 3316 τι
2831 3243 3032 3315 δίκαιον
3087 3253 3326 3335 ὄφλημα,
3379 3251 3481 3343 ,μὴ
3553 3243 3929 3343 ἐμποδιζομέινη

2298 3353 2440 3431 παρὰ
2481 3357 2585 3408 τῶν
2638 3348 2937 3429 συντρόφων
2994 3347 3311 3422 αἰσθήσεων,
3369 3338 3506 3397 ἀλλὰ
3541 3343 3646 3405 τῆς
3677 3332 3930 3393 κοινωνίας

2299 3426 2470 3500 αὐτῶν
2501 3443 2560 3498 οὗ
2612 3426 2895 3519 χωρίζεται
2930 3454 2948 3472 ⁸
2993 3434 3130 3492 θέλει
3186 3430 3240 3488 δὲ
3298 3431 3489 3492 ταύτας
3547 3426 3798 3505 μετέχειν
3837 3427 3928 3477 τῶν

2301 3529 2602 3606 έξιωμάτων
2635 3531 2821 3601 αὐτῆς,
2853 3527 2940 3583 καὶ
3023 3523 3336 3602 συναρήγειν
3391 3521 3464 3582 εἰς
3523 3517 3582 3572 τὸ
3661 3514 3784 3573 αὐτὸ
3810 3508 3930 3568 κατὰ

2299 3618 2533 3684 δουλίδας
2604 3619 2817 3689 πιστὰς,
2877 3617 3006 3694 πρὸς
3064 3599 3340 3692 θεραπείαν
3407 3617 3500 3667 τοῦ
3553 3606 3749 3666 ταύτας
3779 3599 3933 3658 πλου-

2299 3711 2557 3780 τήσωτος
2627 3709 2898 3784 σώματος,
2979 3693 3109 3761 "Eri.
3167 3699 3506 3776 θαυμάζεται,
3568 3702 3688 3758 πῶς
3719 3691 3929 3754 ἑκάστην

2299 3800 2496 3856 τούτων
2565 3796 2951 3872 ἐδιπλασίασεν,
3041 3793 3130 3850 ἴνα
3186 3790 3285 3848 κᾶν
3341 3783 3518 3862 συμϐῇ
3560 3783 3931 3864 περιαιρεθῆναι

2300 3890 2396 3957 τὴν
2427 3889 2575 3964 μίαν,
2607 3890 2641 3955 ἡ
2712 3883 3107 3964 περιλειφθεϊσα
3162 3878 3412 3944 κακείνης
3471 3877 3561 3931 τὸν
3618 3875 3786 3930 τόπον
3812 3868 3928 3924 ἀνα·

2301 3977 2625 4057 πληρώσειε,
2679 3976 2767 4032 καὶ
2849 3974 2957 4049 μὴν
3027 3967 3542 4039 καταλαζονεύωνεαι
3619 3963 3811 4027 ταύτης
3888 3955 3930 4009 αἱ

2303 4068 2649 4147 ἀρτιόσωμοι,
2684 4068 2990 4140 συμπονῶσι
3038 4059 3092 4116 δὲ
3149 4055 3351 4134 μᾶλλον
3411 4058 3566 4147 unum,
3629 4055 3702 4118 ὡς
3757 4049 3812 4104 ἂν
3863 4043 3928 4118 μὴ

2304 4161 2331 4214 ὁ
2363 4154 2739 4222 οἰκοδεσπότης
2771 4153 2941 4210 αὒτών
2997 4145 3400 4228 θριαμϐεύηται.
3461 4134 3552 4207 Ὠς
3607 4141 3762 4217 εἴπερ
3789 4135 3928 4211 τύχοι

2301 4247 2391 4304 καὶ
2418 4247 2517 4314 τὴν
2559 4244 2777 4324 θατέραν
2832 4242 3189 4322 ἀχρειωθῆναι
3233 4241 3340 4292 τῶν
3409 4232 3608 4311 ἀκοῶν,
3684 4225 3849 4284 οὐκέτι
3876 4221 3927 4275 τὸ

2303 4334 2584 4393 κάλλιστον
2643 4319 2832 4414 χρημα
2989 4329 3285 4407 ἄνθρωπος,
3358 4320 3573 4388 ἐντελὴς
3642 4319 3926 4414 καὶ-*σωθῇ

2303 4427 2392 4483 καὶ
2416 4429 2532 4482 οἷον
2564 4399 2718 4482 αὔξον
2770 4423 2799 4480 ὁ
2856 4423 2983 4482 Θεὸς
3041 4417 3346 4498 εἰργάσατο,
3411 4411 3623 4490 λέγεται
3672 4426 3687 4441 ·
3732 4401 3842 4498 ἀλλ’⁷
3870 4399 3930 4460 ὡς

2309 4515 2554 4595 ἕκτρωμά
2609 4537 2657 4570 τι
2731 4510 3017 4591 λογίζεται,
3105 4508 3206 4562 ὑπὸ
3272 4507 3379 4560 τῶν
3433 4499 3636 4558 λοιπῶν
3691 4491 3927 4595 τεττάρων

2311 4605 2624 4682 αἰσθήσεων,
2679 4603 3018 4680 ὃγιαινυῠσῶν
3049 4600 3134 4655 καὶ
3177 4601 3364 4668 ταῦτα,
3425 4591 3504 4668 μὴ
3575 4585 3928 4680 βοηθούμενος.

2314 4685 2406 4757 Ὠς
2465 4678 2620 4772 γοῦν-
2661 4678 2890 4758 ἑκάστης
2949 4695 3053 4746 τῶν
3109 4686 3402 4754 αἰσθήσεων
3481 4678 3785 4757 πληρούσης
3813 4678 3929 4772 ’τὴν

2312 4784 2502 4840 οἰκείαν
2550 4780 2836 4859 ἐνέργειαν,
2883 4785 2989 4835 τῶν
3026 4776 3227 4833 λοιπιὶιν
3287 4775 3346 4828 τὸ
3391 4772 3660 4852 χρήσιμον
3691 4765 3779 4822 οὖκ
3805 4758 3929 4859 ἀπξ-

2313 4871 2618 4946 ναινόμεθα,
2676 4866 2789 4926 οὐδὲ
2858 4865 3332 4946 καταψηφιζόμεθα
3403 4860 3604 4917 τούτων
3635 4855 3932 4933 ὰσχημοτ)’

2315 4985 2411 5030 νην
2442 4963 2530 5019 καὶ
2573 4961 2924 5041 ἀχρειότητα,
2987 4957 3070 5014 διὰ
3129 4958 3189 5013 τὸ
3232 4956 3310 5031 μὴ
3352 4947 3660 5037 διπλοειδῷς
3691 4945 3927 5020 ἐνεργεῖν,

2315 5052 2486 5115 καθὼς
2545 5049 3097 5126 πεπλαστούργηνται,
3161 5043 3362 5123 μᾶλλον
3418 5040 3516 5117 μὲν
3573 5033 3661 5096 οὖν
3715 5033 3797 5090 καὶ
3823 5047 3931 5126 συγ-

2317 5141 2513 5220 ἀγομεν
2559 5143 2713 5220 (μιᾶς
2746 5141 2846 5218 γὰρ
2876 5139 3138 5204 έξαῦτὼν
3196 5132 3544 5215 σχολασάσης
3603 5126 3839 5220 τελείωςζ

2318 5231 2552 5310 εἴρηται,
2600 5229 2726 5287 ὅλον
2769 5231 2829 5286 τὸ
2864 5237 3018 5304 σῶμα
3068 5227 3382 5308 ἦχρείωται,
3455 5222 3541 5278 καὶ
3597 5222 3668 5285 ὡς
3724 5208 3847 5291 μηδὲ
3881 5204 3934 5302 ἓν

2315 5334 2430 5383 τοῖς
2463 5320 2757 5400 ἀνθρώποις
2802 5320 3112 5397 λογίζεται)⁸
3176 5316 3314 5374 οὕτω
3358 5313 3446 5370 καὶ
3485 5315 3588 5368 τῶν
3619 5313 3931 5382 πατριαρχων

2315 5413 2350 5480 ἦ
2421 5412 2635 5486 πεντὰς,
2712 5407 2923 5472 δικαίως
2981 5409 3068 5463 καὶ
3150 5403 3401 5486 ἀσφαλῶς
3459 5392 3929 5486 οἰκονομηθήσεξιιὶ

2337 5509 2573 5565 Εκαστος
2603 5500 2702 5579 γὰρ
2773 5498 2993 5577 τούτων,
3057 5497 3156 5567 τήν
3214 5495 3312 5572 μὲν
3367 5485 3790 5579 ἀπονεμηθεῖσαν
3816 5476 3936 5540 αὖτφ

2317 5587 2574 5656 διοίκησιν
2617 5567 2901 5667 ’ἐνεργήσει
2961 5567 3272 5662 μονοειδῶς,
3347 5581 3441 5637 ’ίνα
3497 5577 3576 5654 μὴ
3631 5567 3932 5656 συγχέωντςι

2319 5685 2424 5735 τῶν
2448 5679 2612 5756 ἁγίων
2666 5676 2978 5745 Εκκλησιῶν
3036 5677 3103 5731 τὰ
3158 5671 3423 5753 προνόμια
3457 5684 3470 5697 ⁸
3534 5671 3640 5722 τῶν
3693 5661 3744 5717 δὲ
3779 5667 3934 5756 ,τιμηξ

2317 5775 2408 5824 τοὺ
2479 5774 2609 5825 Θεοῦ
2677 5768 2766 5823 καὶ
2819 5766 2925 5824 τῶν
2999 5764 3248 5823 ἀνέκαθεν
3309 5756 3603 5836 δεδομένων
3659 5745 3855 5809 δικαίων
3879 5745 3934 5809 τῇ
