4128 6458
355 395 522 462 H73

1703 385 2419 460 GR/ECO-ROMANUM.

3594 381 3752 453 11η

342 537 707 612 πατριαρχικῇ
775 530 888 603 θείᾳ
960 529 1373 607 μεγαλειότητι,
1433 525 1597 592 οὐδεὶς
1667 525 2008 597 ἀποξενωθή-

2097 520 2376 612 tributam
2399 522 2586 586 obibit
2609 541 2715 606 pro
2737 531 2907 606 parte
2931 541 3060 600 sua,
3088 541 3166 586 ne
3194 526 3537 586 sanctarum
3561 522 3753 588 eccle-

358 641 528 680 σεται.
565 621 625 678 Et
668 620 767 699 γὰρ
803 618 1040 678 τοιοῦτόν
1090 641 1141 674 τι
1184 617 1426 696 γένηται,
1487 617 1576 674 καὶ
1631 617 1722 673 τὸν
1753 613 2004 682 Ἀλεξαν-

352 707 522 789 δρείας
596 709 764 789 τυχὸν
865 706 1234 783 εὑρισκόμενον
1313 706 1387 770 εἷς
1469 705 1570 772 τὴν
1639 707 1744 761 τῶν
1797 703 2006 763 πόλεων

352 797 755 877 βασιλεύουσαν,
799 803 904 854 τῶν
977 800 1383 875 πατριαρχικῶν
1465 794 1764 873 προνομίων
1820 793 1997 860 ἀποξεο

2087 611 2309 674 siarum
2333 612 2645 695 privilegia
2673 613 3135 678 confundantur:
3155 631 3266 675 nec
3292 619 3492 675 tamen
3512 612 3744 677 honore

2089 719 2377 764 concesso
2408 701 2713 779 divinitus,
2758 703 2952 766 dative
2995 701 3322 784 antiquitus
3371 699 3751 784 petriarcbali

2089 808 2277 853 sacrae
2305 791 2689 872 amplitudini
2710 791 2972 874 juribus,
3025 790 3321 874 quispiam
3371 789 3746 873 spoliabitur.

353 887 511 944 νώσει
541 910 645 962 τις,
679 884 761 943 ὅτι
790 885 926 942 κατὰ
977 884 1077 952 τὴν
1134 884 1328 942 οἰκείαν
1388 881 1589 963 ἐνορῖαν
1645 885 1704 940 ού
1732 883 2004 963 πάρεστιν,

2097 877 2322 961 Quippe
2350 879 2400 942 si
2431 881 2547 944 tale
2577 879 2719 962 quid
2754 883 3123 957 usuvenOrit,
3178 885 3238 944 et
3275 878 3748 944 Alexandrinum

349 976 636 1058 ἀχρειώσει
679 980 780 1043 τὴν
805 973 1046 1056 κεφαλὴν
1101 975 1176 1040 ὡς
1217 969 1583 1053 κωφεύουσαν.
1627 971 1662 1041 ἢ
1707 970 2003 1030 mmor)-

2097 968 2278 1058 {verbi
2309 970 2510 1058 causa)
2550 969 2612 1058 in
2645 968 2796 1058 urbe
2820 968 3220 1058 imperatrice
3249 974 3748 1058 commutantem,

352 1056 473 1138 σαν,
523 1063 618 1120 καί
685 1064 788 1120 ὑπὸ
843 1062 1130 1142 τεττάρων,
1188 1060 1224 1130 ἢ
1281 1061 1369 1116 καὶ
1423 1064 1581 1137 τριῶν
1631 1058 2005 1140 διεξαγομένην

2097 1056 2413 1138 privilegiis
2432 1057 2928 1139 patriarchalibus
2951 1066 3272 1141 propterea
3291 1057 3586 1140 quispiam
3605 1076 3751 1141 spo-

349 1154 664 1224 αἰσθήσεων.
699 1153 798 1210 Διὰ
840 1153 1042 1220 ταύτην
1084 1151 1184 1218 τὴν
1240 1149 1432 1223 αἰτίαν,
1492 1149 1566 1214 ὥς
1597 1147 1761 1223 ἔοικε,
1807 1170 2004 1230 προτε-

2097 1145 2342 1223 liaverit,
2377 1147 2535 1229 quod
2569 1167 2691 1210 non
2731 1147 2908 1228 degat
2953 1147 3018 1210 in
3070 1147 3375 1230 provincia
3401 1165 3544 1226 sua;
3575 1153 3754 1228 caput

351 1244 588 1300 τύπωται
643 1239 1033 1322 προϐάλλεσθαι
1136 1239 1270 1298 κατά
1358 1240 1421 1296 τὸ
1489 1238 1850 1318 ἀπαραίτητον
1921 1239 2009 1296 καὶ

2097 1235 2287 1316 ipsum
2320 1234 2531 1298 inutile
2553 1235 3083 1318 reddet,tanquam
3105 1235 3476 1314 surdum,vel
3498 1253 3750 1311 cacum,

349 1331 471 1394 τοὺς
529 1331 606 1406 μὴ
665 1329 894 1412 ἔχοντας
955 1349 1294 1409 πατριαρχας
1349 1328 1470 1391 τοὺς
1527 1325 2008 1408 ἀποκληρωθέντας

2097 1331 2156 1412 et
2183 1332 2566 1406 quatuor,aut
2588 1324 3076 1388 tribusduntaxat
3097 1323 3376 1388 sensibus
3407 1323 3750 1407 praeditum.

357 1424 540 1486 αὐτοῖς
570 1421 749 1500 ἁγίους
780 1420 1012 1500 θρόνους,
1083 1416 1170 1500 διὰ
1224 1415 1325 1484 τὴν
1355 1415 1646 1493 ἐπιδρομὴν
1688 1418 1794 1475 τῶν
1823 1416 2004 1497 ἐθνῶν,

2097 1411 2182 1476 Ob
2214 1414 2366 1475 hanc
2395 1413 2586 1494 ipsam
2620 1432 2882 1491 causam,
2917 1431 3028 1478 ceu
3059 1413 3228 1476 credi
3273 1431 3380 1496 par
3426 1420 3537 1489 est,
3585 1414 3751 1495 jam-

353 1511 449 1567 τὸν
492 1499 824 1591 Ἀντιοχείας
853 1509 943 1566 καὶ
985 1499 1076 1566 τὸν
1111 1499 1490 1587 Ἰεροσολύμων
1521 1506 1680 1586 φημί,

2097 1501 2318 1564 dudum
2376 1503 2672 1565 sancitum
2730 1510 2837 1579 est,
2901 1515 2968 1566 ut
3024 1503 3184 1566 haud
3241 1503 3423 1566 dubie
3475 1521 3582 1586 per
3621 1503 3754 1568 ele-

379 1597 639 1660 ctionem
670 1597 1055 1660 instituantur
1082 1594 1263 1659 etiam
1293 1594 1336 1657 ii
1367 1593 1738 1674 patriarchae,
1770 1594 1871 1677 qui
1901 1592 2224 1673 caeteroqui
2249 1610 2454 1655 sacros
2483 1592 2599 1655 sibi
2622 1592 2951 1657 destinatos
2977 1594 3246 1676 thronos,
3278 1592 3353 1656 ob
3385 1611 3750 1676 paganorum

358 1687 609 1750 hostiles
636 1685 935 1763 incursus,
968 1684 1127 1748 haud
1161 1683 1468 1766 possident
1500 1683 1970 1758 :Antiochenus,
2005 1680 2272 1762 inquam,
2307 1690 2365 1744 et
2390 1680 2988 1764 Hierosolymitanus.

441 1779 548 1836 Κᾶν
580 1778 680 1857 γὰρ
708 1768 1006 1844 ἐξώσθησαν
1061 1780 1158 1843 τῆς
1216 1773 1370 1843 δόξης
1440 1781 1547 1832 τῶν
1577 1775 1772 1852 θρόνων
1808 1776 1998 1845 αὐτῶν,

2167 1769 2382 1842 Quavis
2419 1770 2579 1834 enim
2611 1770 2797 1851 gloria
2824 1772 3177 1835 thronorum
3218 1789 3464 1836 suorum
3495 1790 3604 1855 per
3630 1771 3752 1836 vim

355 1865 473 1924 ἀλλ’
501 1869 536 1935 ἡ
601 1865 936 1944 πνευματικὰ
1006 1865 1191 1944 χάρις,
1237 1865 1372 1921 κατά
1413 1865 1503 1921 τὸν
1553 1860 1733 1940 Δαϐὶδ,
1785 1867 1844 1923 οὔ
1895 1885 2008 1921 πα-

357 1954 740 2025 λαιωθήσεται.
772 1943 934 2019 ιἨξει
967 1943 1045 2008 δὶί
1073 1943 1278 2028 μᾶλλον
1321 1955 1348 2010 ὁ
1404 1955 1535 2016 Θεὸς
1563 1954 1722 2028 ἡμῶν
1764 1952 2010 2034 ἐμφανῶς

358 2043 452 2101 καί
485 2048 545 2104 ού
616 2043 1088 2123 παρασιωπήσεται
1125 2088 1139 2102 .
1187 2043 1260 2106 ὡς
1329 2042 1602 2120 συναγάγῃ
1687 2046 1830 2117 αύτῷ
1887 2044 2008 2108 τοὺς

363 2135 534 2197 ὁσίους
585 2137 762 2206 αὑτοῦ,
824 2131 946 2194 τοὺς
1012 2129 1400 2208 διατιθεμένους
1455 2131 1555 2200 τὴν
1596 2128 1851 2201 διαθήκην
1905 2131 2007 2188 αὑ-

359 2232 476 2282 τοῦ.
536 2219 961 2302 Φιλοφρονητέον
1003 2219 1172 2277 τοίνυν
1241 2221 1362 2286 τοὺς
1417 2218 1838 2286 ἀποξενωθέντας
1895 2243 2006 2277 πα·-

361 2310 622 2390 τριάρχας
680 2309 740 2367 ἐκ
806 2315 912 2366 τῶν
954 2308 1269 2388 ἁγιωτάτων
1311 2306 1611 2376 ἐκκλησιῶν
1668 2308 1864 2384 αὑτῶν,
1921 2309 2009 2365 καὶ

361 2397 662 2478 ὑπερορίους
715 2396 1045 2473 καθημένους
1120 2398 1194 2462 εἰς
1293 2396 1468 2476 ἑτέρου
1535 2397 1867 2478 πατριάρχου
1923 2395 2008 2453 δι-

362 2487 595 2560 οίκησιν,
627 2487 714 2543 καὶ
744 2485 820 2561 μὴ
873 2484 1211 2562 ἀτιμαστέον.
1284 2487 1661 2544 Κεκανόνισται
1713 2487 1812 2564 γὰρ
1841 2507 2012 2564 παρα-

366 2575 643 2635 καλεῖσθαι
739 2575 977 2648 τούτους,
1077 2575 1166 2631 καὶ
1259 2575 1438 2641 πάσης
1535 2573 1837 2651 ἐπιμελείας
1924 2574 2013 2631 καὶ

365 2661 640 2743 ὑποδοχῆς
683 2660 968 2736 ἀξιοῦσθαι,
1014 2664 1074 2720 ού
1113 2663 1222 2739 μὴν
1271 2660 1556 2742 ὑϐρίζεσθαι
1625 2659 1709 2718 διὰ
1764 2663 1864 2730 τὴν
1905 2667 2012 2719 τῶν

368 2754 696 2833 πραγμάτων
770 2751 1104 2829 ἀνωμαλίαν,
1153 2753 1360 2832 θρήνων
1431 2751 1577 2818 ἀξίαν
1672 2752 1855 2826 οὖσαν,
1926 2753 2014 2808 καὶ

375 2844 454 2919 μὴ
485 2842 787 2915 ἀλαζονείας
827 2842 1159 2921 γεννήτριαν.
1209 2841 1348 2898 Εἶτα
1397 2844 1500 2898 τῶν
1556 2841 1708 2898 θείων
1736 2842 1823 2898 καὶ
1852 2841 2014 2922 ἁγίων

371 2939 588 3014 Γραφῶν
649 2933 737 2988 καὶ
807 2937 912 2988 τῶν
983 2931 1256 3008 Πατρικῶν
1313 2927 1652 3014 παραδόσεων
1706 2952 2014 3007 κατονομαο

370 3029 569 3093 ζουσῶν
603 3021 789 3078 Πάπαν
842 3022 933 3077 τὸν
987 3019 1275 3078 ἐπίσκοπον
1327 3008 1564 3096 Ῥώμης,
1627 3019 1876 3084 ὡσαύτως
1927 3021 2015 3076 καὶ

363 3110 454 3165 τὸν
487 3107 875 3188 Ἀλεξανδρείας
911 3128 925 3144 ⁸
973 3107 1111 3165 ἀλλά
1167 3107 1275 3182 μήν
1317 3108 1407 3164 καὶ
1447 3108 1538 3164 τὸν
1583 3117 2015 3166 Κωνσταντινου-

366 3197 599 3278 πόλεως,
644 3199 732 3255 καὶ
775 3200 866 3254 τὸν
931 3189 1327 3277 Ἰεροσολύμων,
1377 3195 1830 3277 ἀρχιεπισκόπους
1867 3213 1882 3228 ⁸
1919 3197 2015 3274 μό·-

368 3311 452 3345 νον
495 3286 551 3344 δὲ
605 3290 696 3344 τὸν
753 3285 1111 3367 Ἀντιοχείας,
1151 3286 1512 3367 πατριάρχην.
1561 3293 1682 3350 Πῶς
1727 3293 1834 3343 τῶν
1881 3285 2012 3344 Ἀν-

370 3376 602 3457 τιοχέων
668 3379 701 3444 ἡ
759 3375 1014 3444 ἐκκλησία
1083 3376 1186 3455 οὑχ
1263 3372 1595 3456 ὑϐριοπαθεϊ,
1681 3376 2014 3452 μανθάνουσα

370 3468 458 3523 καὶ
500 3466 620 3530 τοὺς
677 3464 917 3540 λοιποὺς,
964 3465 1300 3545 πατριάρχας
1348 3465 1791 3544 ἀνακηρύττεσθαι
1823 3481 1840 3539 ;
1870 3466 2015 3522 πάν-

369 3577 474 3621 τως
519 3554 605 3612 διὰ
645 3559 742 3624 τὴν
792 3557 1091 3622 ταυτότητα
1145 3554 1241 3623 τῆς
1296 3555 1482 3630 τιμῆς,
1535 3556 1621 3612 καὶ
1670 3551 1754 3613 διὰ
1809 3556 1869 3611 τὸ
1924 3555 2017 3612 ἐπ-

296 3695 297 3703 χ
371 3645 518 3726 ἐχειν
548 3645 669 3709 τοὺς
726 3666 882 3702 πεντε
928 3644 1262 3724 πατριάρχας
1314 3643 1476 3701 τόπον
1530 3648 1629 3712 τῆς
1684 3649 1810 3719 μιᾶς
1840 3665 2012 3725 κεφα-

368 3737 464 3805 λῆς
493 3743 586 3792 τοῦ
615 3735 882 3812 σώματος,
937 3732 1142 3804 δηλαδὴ
1180 3739 1285 3790 τῶν
1344 3734 1508 3813 ἁγίων
1537 3731 1873 3802 Ἐκκλησιῶν
1922 3742 2015 3791 τοὺ

370 3833 521 3889 Θεοῦ.

450 3914 597 3974 Ἐπεὶ
639 3915 694 3973 δέ
749 3938 887 3979 τινες
944 3913 1154 3992 λέγουσι
1198 3910 1369 3990 μηδὲν
1427 3912 1570 3969 εἶναι
1627 3913 1689 3970 τὸ
1743 3911 2012 3994 ἐμποδὼν,

372 4007 460 4063 καὶ
527 4006 647 4068 τοὺς
703 4007 982 4084 ἑκασταχῆ
1038 4002 1510 4082 ἀρχιερατεύοντας
1579 4000 1716 4058 οὕτω
1769 4006 2016 4079 τιμᾶσθαι

370 4097 457 4152 καὶ
556 4093 955 4173 μεγαλύνεσθαι.
1030 4094 1127 4150 Καὶ
1232 4092 1374 4148 οὗτοι
1457 4091 1559 4170 γὰρ
1644 4088 2016 4148 διδασκαλικοῦ

367 4182 663 4259 ἀξιώματος
692 4181 1062 4252 κατηξίωνται,
1113 4181 1200 4236 καὶ
1241 4180 1377 4236 κατὰ
1420 4178 1614 4237 Μωσέα
1671 4180 1783 4255 καὶ,
1828 4181 2016 4260 Ααρὼν

369 4275 442 4336 εἷς
485 4273 552 4329 τὰ
578 4273 705 4352 ἅγια
753 4275 860 4329 τῶν
901 4269 1066 4350 ἁγίων
1115 4269 1392 4346 ἑστήκασι,
1424 4269 1513 4326 καὶ
1561 4269 1658 4337 τὴν
1689 4269 2014 4346 ἀναίμακτον

365 4362 546 4419 θυσίαν
575 4362 946 4443 προσφέρουσι.
979 4359 1185 4439 Φαμὲν,
1246 4360 1320 4422 ὡς
1389 4358 1495 4414 ἀπὸ
1551 4365 1659 4416 τῶν
1715 4359 1865 4415 θείων
1925 4368 2015 4422 καὶ

363 4453 516 4530 ἱερῶν
545 4452 782 4508 κανόνων
833 4451 1014 4527 μόνοις
1071 4463 1190 4514 τοῖς
1248 4448 1604 4530 πατριάρχαις
1650 4447 2012 4529 πεφιλοτίμη-

367 4564 452 4597 ται
504 4547 603 4608 τῆς
661 4540 972 4617 οἰκουμένης
1055 4539 1120 4594 τὰ
1219 4537 1468 4613 κλίματα,
1553 4539 1840 4597 Κάντεῦθεν
1899 4539 2015 4596 οὑδὲ

365 4631 483 4711 ἔχει
525 4653 608 4694 τις
650 4630 825 4710 ἕτερος
855 4631 1031 4704 οἰκείῳ
1081 4626 1264 4701 δικαίῳ
1305 4626 1530 4706 ἐνορίαν,
1585 4627 1622 4696 ἢ
1678 4626 1808 4684 ἄλλο
1851 4651 1900 4685 τι
1931 4626 2011 4684 δί-

366 4742 518 4777 καιον
547 4721 807 4800 ἱερατικόν
840 4735 853 4748 ·
892 4715 1010 4775 ἀλλ’
1068 4717 1244 4774 ἐκεῖνο
1273 4719 1360 4772 καὶ
1403 4715 1564 4791 μόνον
1621 4717 1682 4772 τὸ
1725 4715 1882 4796 μέρος
1911 4719 2012 4784 τῆς

367 4807 679 4881 διοικήσεως
750 4812 1026 4889 ἱερατικῶς
1099 4808 1326 4886 ἐνεργεῖ,
1386 4807 1447 4861 τὸ
1503 4805 1648 4862 δοθὲν
1703 4809 1846 4889 αιξτῷ
1873 4808 2014 4886 παρὰ

365 4901 464 4967 τῆς
523 4880 918 4980 πατριαρχίκῆς
991 4899 1130 4962 θείας
1186 4880 1660 4974 ’μεγαλειότητος
1743 4880 1882 4953 ’ὅθεν
1940 4880 2015 4962 ὧς

365 4987 815 5065 ἀποστελλόμενοι
882 4986 1024 5066 παρὰ
1085 4984 1456 5064 πατριαρχῶν,
1498 4985 1586 5041 καὶ
1641 4983 2012 5064 ἀναπληροῦν-

363 5099 450 5142 τες
481 5079 570 5134 τὸν
601 5077 762 5134 τόπον
794 5083 897 5133 τῶν
948 5075 1098 5132 θείων
1150 5075 1239 5131 καὶ
1299 5074 1461 5152 ἁγίων
1514 5072 1849 5148 ἀποστόλων,
1883 5073 2014 5130 ἀπο-

363 5165 626 5224 στολικῶν
696 5167 794 5242 μὲν
863 5165 1162 5244 προνομίων
1237 5160 1482 5230 ἠξίωνται
1568 5161 1836 5242 (δεσμοὺσι
1914 5165 2012 5242 γὰρ

364 5257 452 5312 καὶ
482 5253 659 5311 λύουσι
709 5252 828 5312 κατ’
882 5253 1067 5318 αὑτοὺς
1123 5253 1210 5308 καὶ
1275 5252 1604 5331 χειροτονίας
1661 5257 1892 5326 ποιοῦσι,
1926 5253 2012 5309 καὶ

361 5345 461 5412 τὴν
531 5345 854 5421 ἀναίμακτον
904 5343 1101 5416 θυσίαν,
1192 5340 1538 5421 προσάγουσι)
1609 5346 2010 5421 πατριαρχικῶν

367 5431 420 5489 δὲ
451 5431 664 5492 δικαίων
693 5435 752 5492 οὗ
805 5430 1178 5499 κατηξίωνται,
1239 5429 1370 5488 Οῧτε
1440 5431 1539 5510 γὰρ
1597 5430 1845 5505 σάκκους,
1894 5429 2010 5487 οὔτε

369 5521 723 5604 πολυσταύρια
753 5521 1130 5581 ἐνδιδύσκονται
1163 5537 1178 5551 ⁸
1217 5518 1333 5578 οὔτε
1365 5521 1500 5595 μετὰ
1554 5520 1654 5599 γὰρ
1682 5520 2009 5598 γραμμάτων

367 5615 454 5670 καὶ
479 5615 769 5695 τριγωνίων
799 5615 1072 5694 στιχάρια.
1129 5618 1304 5671 Ταῦτα
1373 5609 1428 5667 δὲ
1485 5609 1622 5669 οῧτω
1675 5611 1898 5692 γίνεται,
1929 5609 2010 5667 ὅτι

365 5705 452 5760 καὶ
495 5710 599 5760 τῶν
655 5705 817 5782 ἁγίων
872 5701 1184 5761 ἀποστόλων
1239 5702 1274 5768 ἡ
1326 5700 1437 5757 θεία
1491 5701 1750 5780 ὁμήγυρις
1809 5701 1870 5756 τὸ
1918 5707 2011 5758 τοῦ

2093 1859 2468 1938 exciderunt,
2529 1868 2728 1924 tamen
2787 1860 3110 1942 spiritualis
3156 1859 3369 1941 gratia,
3409 1859 3747 1926 secundum

2091 1947 2401 2025 Davidem,
2435 1968 2557 2012 non
2589 1949 2916 2012 exolescet.
2947 1949 3076 2012 Imo
3127 1953 3322 2032 potius
3371 1949 3562 2013 veniet
3589 1949 3751 2015 Deus

2092 2048 2294 2100 noster
2325 2039 2667 2114 manifesto,
2721 2057 2836 2102 nec
2867 2037 3187 2117 silebitur;
3231 2046 3302 2103 ut
3343 2039 3583 2121 colligat
3631 2038 3751 2103 sibi

2091 2135 2328 2190 sanctos
2359 2146 2520 2205 suos,
2556 2128 2657 2210 qui
2690 2135 3106 2192 testamentum
3153 2128 3344 2210 ipsius
3398 2128 3746 2212 disponunt.

2091 2215 2298 2298 Itaque
2331 2217 2776 2300 complectendi
2824 2226 2964 2281 sunt
2997 2227 3270 2282 amanter
3295 2217 3340 2280 ii
3368 2219 3746 2298 patriarcha),

2093 2306 2193 2387 qui
2241 2306 2637 2369 sanctissimis
2687 2307 2959 2371 ecclesiis
3017 2307 3144 2370 suis
3201 2307 3437 2391 spoliati
3494 2315 3655 2387 sunt,
3689 2314 3752 2375 et

2093 2396 2328 2458 exsules
2357 2396 2419 2458 in
2447 2396 2695 2459 alterius
2717 2397 3076 2479 patriarchae
3089 2397 3317 2462 diocesi
3351 2399 3598 2477 degunt,
3630 2397 3748 2462 mi-

2094 2484 2374 2567 nimeque
2405 2485 2786 2549 contumeliis
2814 2485 3141 2551 afﬁciendi.
3174 2486 3407 2570 Quippe
3453 2487 3746 2552 sancitum

2096 2573 2426 2637 canonibus
2478 2581 2592 2652 est,
2644 2583 2712 2638 ut
2757 2594 2859 2639 eos
2883 2575 3287 2654 consolemur,
3321 2584 3381 2641 et
3408 2576 3576 2639 omni
3600 2594 3750 2640 cura

2093 2663 2592 2746 susceptioneque
2623 2664 2979 2747 dignemur;
3012 2684 3134 2727 non
3157 2664 3396 2746 injuriis
3424 2666 3752 2729 afﬁciamus

2095 2751 2170 2814 ob
2199 2771 2400 2814 rerum
2443 2755 2840 2817 humanarum
2870 2755 3356 2831 inconstantiam,
3383 2773 3516 2837 qua:
3541 2755 3749 2838 lacry-

2099 2841 2209 2903 mis
2242 2842 2434 2923 potius
2464 2850 2556 2905 est
2583 2843 2790 2926 digna,
2821 2860 3004 2926 quam
3034 2851 3102 2906 ut
3129 2844 3508 2908 insolentiam
3537 2845 3749 2926 gigne-

2096 2948 2163 2992 re
2192 2930 2429 2994 debeat.
2464 2932 2756 2995 Caeterum
2789 2951 2927 2994 cum
2958 2950 3143 2995 sacrae
3170 2932 3434 3008 Litterae,
3465 2931 3749 2995 Patrum-

2032 3066 2072 3118 ο
2096 3038 2212 3102 que
2266 3019 2638 3118 traditiones,
2676 3021 3028 3118 episcopum
3075 3023 3409 3118 Romanum
3448 3021 3754 3105 appellent

2097 3127 2336 3191 papam;
2356 3109 2684 3193 itidemque
2704 3109 3266 3190 Alexandrinum,et
3284 3111 3480 3194 ipsum
3509 3129 3754 3194 quoque

2097 3198 2843 3281 Constantinopolitanum,
2875 3217 2945 3262 ac
2973 3199 3606 3284 Hierosolymitanum,
3641 3217 3752 3264 ar-

2097 3287 2554 3370 chiepiscopos;
2588 3288 2781 3352 solum
2829 3307 2967 3353 vero
3017 3289 3454 3353 Antiochenam
3494 3290 3754 3373 patriar-

2097 3377 2268 3439 cham
2302 3397 2316 3438 :
2353 3377 2454 3458 qui
2485 3378 2614 3440 ﬁeri
2644 3379 3324 3460 potest,utAntiocbena
3353 3380 3610 3445 ecclesia
3630 3398 3754 3444 non

2099 3467 2357 3548 patiatur
2386 3466 2695 3547 injuriam,
2732 3486 2862 3550 qua;
2888 3467 3200 3550 intelligat,
3255 3469 3522 3553 reliquos
3569 3469 3754 3534 etiam

2099 3554 2340 3637 publice
2370 3555 2490 3618 dici
2520 3557 2926 3638 patriarchas?
2951 3556 3211 3623 Omnino
3260 3559 3326 3622 ﬁt
3366 3559 3481 3622 hoc
3510 3567 3756 3642 propter

2097 3643 2469 3706 identitatem
2499 3644 2768 3721 honoris,
2796 3653 2855 3709 et
2881 3646 3038 3729 quod
3091 3647 3152 3709 hi
3203 3647 3471 3730 quinque
3494 3645 3754 3728 patriar-

2099 3733 2228 3795 chae
2255 3733 2445 3795 vicem
2495 3734 2673 3796 unius
2719 3734 2934 3817 capitis
2984 3735 3247 3801 universi
3289 3735 3559 3818 corporis
3585 3733 3748 3799 obti-

2097 3831 2301 3898 neant,
2337 3831 2676 3885 sanctarum
2704 3823 2979 3887 videlicet
3004 3824 3405 3889 Ecclesiarum
3433 3824 3565 3889 Dei.

2177 3911 2324 3985 Quia
2353 3929 2494 3975 vero
2525 3913 2766 3994 quidam
2797 3913 3295 3996 perhibent,nihil
3325 3933 3460 3979 esse
3483 3913 3746 3998 impedi-

2103 4011 2336 4079 mento,
2395 4002 2720 4082 quominus
2777 4002 2969 4068 ubivis
3043 4004 3350 4068 constituti
3405 4003 3746 4088 pontiﬁces,

2099 4093 2311 4153 eodem
2369 4111 2507 4154 cum
2567 4091 2919 4173 patriarchis
2958 4094 3190 4158 honore
3237 4093 3755 4177 amplitudineqne

2098 4181 2393 4259 fruantur,
2448 4201 2583 4244 cum
2637 4189 2697 4246 et
2740 4182 2854 4264 ipsi
2909 4183 3165 4247 docendi
3206 4183 3553 4266 dignitatem
3592 4183 3754 4248 nacti

2097 4278 2258 4352 sunt,
2285 4279 2342 4333 et
2368 4271 2641 4352 exemplo
2675 4271 2854 4334 Mosis
2883 4283 2944 4334 et
2970 4273 3230 4337 Aaronis
3258 4274 3321 4336 in
3351 4273 3574 4338 sanctis
3603 4291 3751 4338 san-

2038 4405 2082 4455 D
2103 4373 2332 4422 ctorum
2357 4360 2708 4455 consistant,
2741 4360 3235 4455 incruentamque
3262 4363 3566 4427 victimam
3597 4363 3752 4427 οσο-

2099 4459 2252 4512 rant:
2269 4450 2706 4532 respondemus
2732 4468 2840 4532 per
2867 4451 3101 4517 divinos
3123 4470 3443 4536 sacrosque
3462 4470 3747 4532 canones,

2097 4539 2240 4600 solis
2298 4539 2655 4620 patriarchis
2697 4558 2832 4602 esse
2891 4559 3210 4605 concessas
3257 4541 3424 4605 orbis
3454 4549 3750 4606 terrarum

2097 4627 2520 4693 tractus.Unde
2549 4628 2704 4705 ﬁt,ut
2735 4630 2885 4691 alius
2931 4630 3225 4712 quispiam
3269 4649 3376 4694 suo
3416 4631 3749 4714 jurepro-

2097 4716 2350 4779 vinciam
2368 4736 2484 4779 non
2513 4716 2757 4793 habeat,
2775 4718 2865 4780 vel
2890 4718 3052 4782 aliud
3073 4719 3397 4802 quodpiam
3410 4720 3514 4801 jus
3540 4737 3748 4784 sacer-

2097 4805 2314 4870 dotale:
2349 4807 2454 4868 sed
2486 4806 2547 4868 in
2578 4824 2649 4869 ea
2678 4807 2962 4870 duntaxat
2993 4817 3156 4890 parte
3186 4809 3464 4874 dicacesis
3496 4827 3749 4875 munere

2095 4894 2451 4958 sacerdotali
2481 4895 2767 4976 fungitur,
2803 4915 2936 4978 quae
2962 4897 3079 4980 ipsi
3111 4916 3147 4960 a
3173 4916 3344 4963 sacra
3366 4898 3748 4980 patriarchali

2096 4983 2487 5065 amplitudine
2515 5003 2801 5048 concessa
2835 4993 2945 5050 est.
2976 4985 3151 5052 Unde
3179 4987 3358 5052 veluti
3389 4987 3490 5070 qui
3511 4987 3748 5053 mittan-

2098 5082 2194 5136 tur
2213 5092 2247 5134 a
2264 5072 2639 5155 patriarchis,
2652 5081 2712 5137 et
2727 5074 2918 5140 vicem
2932 5076 3267 5140 divinorum
3285 5084 3747 5162 sanctorumque

2097 5162 2493 5243 apostolorum
2509 5162 2588 5224 im
2596 5163 3152 5247 pleant,apostolica
3171 5166 3416 5250 quidem
3441 5166 3751 5250 privilegia

2097 5251 2399 5314 consecuti
2422 5263 2564 5314 sunt
2608 5250 2859 5333 (lingant
2886 5255 3047 5318 enim
3079 5264 3139 5320 et
3158 5257 3394 5321 solvunt
3421 5274 3529 5338 per
3555 5274 3645 5334 se,
3676 5275 3750 5324 ac

2095 5339 2509 5405 ordinationes
2531 5341 2778 5420 faciunt,
2809 5351 2871 5408 et
2899 5343 3275 5410 incruentam
3305 5345 3560 5410 hostiam
3591 5346 3749 5413 οσο-

2095 5437 2352 5507 runtl,at
2401 5430 2818 5511 patriarchalia
2855 5433 2994 5513 jura
3024 5454 3144 5498 non
3174 5435 3587 5500 obtinuerunt.
3621 5435 3747 5502 Nec

2094 5522 2252 5583 enim
2278 5517 2369 5608 vel
2392 5520 2718 5596 saccos,vel
2744 5523 2991 5603 penulas
3013 5525 3214 5589 multis
3228 5525 3538 5608 insignitas
3556 5527 3748 5592 cruci-

2093 5609 2203 5672 bus
2227 5607 2624 5697 induunt,nec
2659 5610 2892 5674 tunicas
2920 5611 3219 5696 frequenti
3259 5607 3458 5679 littera
3484 5633 3743 5697 gamma,

2096 5695 2528 5779 triangulisque
2556 5696 2845 5779 depictas.
2869 5701 3007 5768 Haec
3032 5695 3234 5771 autem
3255 5704 3337 5769 ita
3378 5695 3554 5783 ﬁunt,
3584 5705 3745 5790 quod
