  <div class='ocr_page' id='page_1' title='image "/cluster/home/n/w/nwhite01/storage/ocr_20150623/119:no.2/coo.31924054870237/599.png"; bbox 0 0 4120 6408; ppageno 0'>
   <div class='ocr_carea' id='block_1_1' title="bbox 437 332 2079 403">
    <p class='ocr_par' dir='ltr' id='par_1_1' title="bbox 437 332 2078 403">
     <span class='ocr_line' id='line_1_1' title="bbox 437 332 2078 403; baseline 0.002 -5"><span class='ocrx_word' id='word_1_1' title='bbox 437 332 596 398; x_wconf 80' lang='grc'><strong>1175</strong></span> <span class='ocrx_word' id='word_1_2' title='bbox 1811 338 1944 403; x_wconf 81' lang='lat' dir='ltr'><strong>JUS</strong></span> <span class='ocrx_word' id='word_1_3' title='bbox 1985 338 2078 401; x_wconf 79' lang='lat' dir='ltr'><strong>CA</strong></span> 
     </span>
    </p>
   </div>
   <div class='ocr_carea' id='block_1_2' title="bbox 2168 332 3826 403">
    <p class='ocr_par' dir='ltr' id='par_1_2' title="bbox 2168 333 3826 401">
     <span class='ocr_line' id='line_1_2' title="bbox 2168 333 3826 401; baseline 0 -3"><span class='ocrx_word' id='word_1_4' title='bbox 2168 334 2432 400; x_wconf 78' lang='lat' dir='ltr'><strong>lNIGUM</strong></span> <span class='ocrx_word' id='word_1_5' title='bbox 3671 335 3699 397; x_wconf 82' lang='grc'><strong><em>1</em></strong></span> <span class='ocrx_word' id='word_1_6' title='bbox 3722 333 3826 401; x_wconf 75' lang='grc'><strong>176</strong></span> 
     </span>
    </p>
   </div>
   <div class='ocr_carea' id='block_1_3' title="bbox 415 465 2079 554">
    <p class='ocr_par' dir='ltr' id='par_1_3' title="bbox 415 465 2079 554">
     <span class='ocr_line' id='line_1_3' title="bbox 415 465 2079 554; baseline 0.004 -28"><span class='ocrx_word' id='word_1_7' title='bbox 415 470 762 554; x_wconf 78' lang='lat' dir='ltr'><strong>sanctorum</strong></span> <span class='ocrx_word' id='word_1_8' title='bbox 785 465 1191 546; x_wconf 73' lang='lat' dir='ltr'><strong>apostolorum</strong></span> <span class='ocrx_word' id='word_1_9' title='bbox 1212 466 1449 528; x_wconf 84' lang='lat' dir='ltr'><strong>divinus</strong></span> <span class='ocrx_word' id='word_1_10' title='bbox 1473 474 1676 529; x_wconf 59' lang='lat' dir='ltr'><strong>coitus</strong></span> <span class='ocrx_word' id='word_1_11' title='bbox 1701 469 1961 549; x_wconf 71' lang='lat' dir='ltr'><strong>martyrii</strong></span> <span class='ocrx_word' id='word_1_12' title='bbox 1985 479 2079 532; x_wconf 83' lang='lat' dir='ltr'><strong>sta</strong></span> 
     </span>
    </p>
   </div>
   <div class='ocr_carea' id='block_1_4' title="bbox 2168 465 3828 554">
    <p class='ocr_par' dir='ltr' id='par_1_4' title="bbox 2183 471 3828 554">
     <span class='ocr_line' id='line_1_4' title="bbox 2183 471 3828 554; baseline -0.003 -23"><span class='ocrx_word' id='word_1_13' title='bbox 2183 475 2464 552; x_wconf 76' lang='grc' dir='ltr'>μἰρτυρίου</span> <span class='ocrx_word' id='word_1_14' title='bbox 2510 472 2713 532; x_wconf 82' lang='grc' dir='ltr'>στέδιον</span> <span class='ocrx_word' id='word_1_15' title='bbox 2792 474 3080 554; x_wconf 81' lang='grc' dir='ltr'>τρέχουσα,</span> <span class='ocrx_word' id='word_1_16' title='bbox 3169 471 3505 554; x_wconf 82' lang='grc' dir='ltr'>χειροπὲδαις</span> <span class='ocrx_word' id='word_1_17' title='bbox 3595 474 3693 548; x_wconf 80' lang='grc' dir='ltr'>μὲν</span> <span class='ocrx_word' id='word_1_18' title='bbox 3747 480 3828 536; x_wconf 79' lang='grc' dir='ltr'>καὶ</span> 
     </span>
    </p>
   </div>
   <div class='ocr_carea' id='block_1_5' title="bbox 413 551 2079 643">
    <p class='ocr_par' dir='ltr' id='par_1_5' title="bbox 413 551 2079 643">
     <span class='ocr_line' id='line_1_5' title="bbox 413 551 2079 643; baseline 0.004 -29"><span class='ocrx_word' id='word_1_19' title='bbox 413 551 580 643; x_wconf 78' lang='lat' dir='ltr'><strong>dium</strong></span> <span class='ocrx_word' id='word_1_20' title='bbox 614 552 1236 634; x_wconf 85' lang='lat' dir='ltr'><strong>decurrens,mauicis</strong></span> <span class='ocrx_word' id='word_1_21' title='bbox 1259 555 1504 636; x_wconf 86' lang='lat' dir='ltr'><strong>quidem</strong></span> <span class='ocrx_word' id='word_1_22' title='bbox 1522 573 1590 616; x_wconf 91' lang='lat' dir='ltr'><strong>ac</strong></span> <span class='ocrx_word' id='word_1_23' title='bbox 1624 555 1758 617; x_wconf 93' lang='lat' dir='ltr'><strong>loro</strong></span> <span class='ocrx_word' id='word_1_24' title='bbox 1790 557 2079 638; x_wconf 84' lang='lat' dir='ltr'><strong>subjectu:</strong></span> 
     </span>
    </p>
   </div>
   <div class='ocr_carea' id='block_1_6' title="bbox 2168 551 3826 643">
    <p class='ocr_par' dir='ltr' id='par_1_6' title="bbox 2184 551 3826 643">
     <span class='ocr_line' id='line_1_6' title="bbox 2184 551 3826 643; baseline -0.002 -25"><span class='ocrx_word' id='word_1_25' title='bbox 2184 551 2482 640; x_wconf 76' lang='grc' dir='ltr'>φραγγελίῳ</span> <span class='ocrx_word' id='word_1_26' title='bbox 2533 551 3016 643; x_wconf 68' lang='grc' dir='ltr'>καθυποϐέϐληται,</span> <span class='ocrx_word' id='word_1_27' title='bbox 3065 551 3210 620; x_wconf 33' lang='grc' dir='ltr'>’καὶη</span> <span class='ocrx_word' id='word_1_28' title='bbox 3230 551 3395 627; x_wconf 83' lang='grc' dir='ltr'>πόδας</span> <span class='ocrx_word' id='word_1_29' title='bbox 3455 561 3710 638; x_wconf 76' lang='grc' dir='ltr'><strong>μαθητῶν</strong></span> <span class='ocrx_word' id='word_1_30' title='bbox 3750 558 3826 615; x_wconf 76' lang='grc' dir='ltr'><strong>διὰ</strong></span> 
     </span>
    </p>
   </div>
   <div class='ocr_carea' id='block_1_7' title="bbox 428 639 2079 731">
    <p class='ocr_par' dir='ltr' id='par_1_7' title="bbox 428 639 2072 725">
     <span class='ocr_line' id='line_1_7' title="bbox 428 639 2072 725; baseline 0.004 -22"><span class='ocrx_word' id='word_1_31' title='bbox 428 639 634 717; x_wconf 78' lang='lat' dir='ltr'><strong>fuerit,</strong></span> <span class='ocrx_word' id='word_1_32' title='bbox 672 649 730 704; x_wconf 93' lang='lat' dir='ltr'><strong>et</strong></span> <span class='ocrx_word' id='word_1_33' title='bbox 762 643 1197 724; x_wconf 90' lang='lat' dir='ltr'><strong>discipulorum</strong></span> <span class='ocrx_word' id='word_1_34' title='bbox 1249 645 1434 725; x_wconf 86' lang='lat' dir='ltr'><strong>pedes</strong></span> <span class='ocrx_word' id='word_1_35' title='bbox 1489 644 1842 707; x_wconf 89' lang='lat' dir='ltr'><strong>absterserit</strong></span> <span class='ocrx_word' id='word_1_36' title='bbox 1890 647 2072 710; x_wconf 90' lang='lat' dir='ltr'><strong>linteo</strong></span> 
     </span>
    </p>
   </div>
   <div class='ocr_carea' id='block_1_8' title="bbox 2168 639 3826 731">
    <p class='ocr_par' dir='ltr' id='par_1_8' title="bbox 2183 639 3826 731">
     <span class='ocr_line' id='line_1_8' title="bbox 2183 639 3826 731; baseline -0.001 -27"><span class='ocrx_word' id='word_1_37' title='bbox 2183 639 2386 708; x_wconf 84' lang='grc' dir='ltr'>λεντίου</span> <span class='ocrx_word' id='word_1_38' title='bbox 2453 651 2750 731; x_wconf 80' lang='grc' dir='ltr'>ἀπὲσμηξε,</span> <span class='ocrx_word' id='word_1_39' title='bbox 2822 654 2909 708; x_wconf 84' lang='grc' dir='ltr'><strong>καὶ</strong></span> <span class='ocrx_word' id='word_1_40' title='bbox 2989 650 3338 708; x_wconf 70' lang='grc' dir='ltr'><strong>ἐνεδιδύσκετο</strong></span> <span class='ocrx_word' id='word_1_41' title='bbox 3418 652 3558 708; x_wconf 76' lang='grc' dir='ltr'>κατὰ</span> <span class='ocrx_word' id='word_1_42' title='bbox 3630 651 3826 728; x_wconf 81' lang='grc' dir='ltr'>Ἀαρὼν</span> 
     </span>
    </p>
   </div>
   <div class='ocr_carea' id='block_1_9' title="bbox 428 731 2080 814">
    <p class='ocr_par' dir='ltr' id='par_1_9' title="bbox 428 731 2080 814">
     <span class='ocr_line' id='line_1_9' title="bbox 428 731 2080 814; baseline 0.003 -20"><span class='ocrx_word' id='word_1_43' title='bbox 428 737 608 812; x_wconf 86' lang='lat' dir='ltr'><strong>atque</strong></span> <span class='ocrx_word' id='word_1_44' title='bbox 639 731 889 795; x_wconf 88' lang='lat' dir='ltr'><strong>Aaronis</strong></span> <span class='ocrx_word' id='word_1_45' title='bbox 919 733 1195 814; x_wconf 88' lang='lat' dir='ltr'><strong>exemplo</strong></span> <span class='ocrx_word' id='word_1_46' title='bbox 1231 734 1498 796; x_wconf 83' lang='lat' dir='ltr'><strong>induerit</strong></span> <span class='ocrx_word' id='word_1_47' title='bbox 1545 735 1878 810; x_wconf 86' lang='lat' dir='ltr'><strong>hnmerale,</strong></span> <span class='ocrx_word' id='word_1_48' title='bbox 1915 739 2080 799; x_wconf 85' lang='lat' dir='ltr'><strong>tuni-</strong></span> 
     </span>
    </p>
   </div>
   <div class='ocr_carea' id='block_1_10' title="bbox 430 821 2077 905">
    <p class='ocr_par' dir='ltr' id='par_1_10' title="bbox 430 821 2077 905">
     <span class='ocr_line' id='line_1_10' title="bbox 430 821 2077 905; baseline 0.003 -22"><span class='ocrx_word' id='word_1_49' title='bbox 430 838 560 884; x_wconf 81' lang='lat' dir='ltr'><strong>cam</strong></span> <span class='ocrx_word' id='word_1_50' title='bbox 603 821 1341 903; x_wconf 89' lang='lat' dir='ltr'><strong>talarem.Ephnd,qnibus</strong></span> <span class='ocrx_word' id='word_1_51' title='bbox 1373 823 1472 883; x_wconf 77' lang='lat' dir='ltr'><strong>illa</strong></span> <span class='ocrx_word' id='word_1_52' title='bbox 1501 823 1694 904; x_wconf 91' lang='lat' dir='ltr'><strong>prisca</strong></span> <span class='ocrx_word' id='word_1_53' title='bbox 1724 825 1898 905; x_wconf 89' lang='lat' dir='ltr'><strong>pellis</strong></span> <span class='ocrx_word' id='word_1_54' title='bbox 1920 828 2077 888; x_wconf 79' lang='lat' dir='ltr'><strong>Ada—</strong></span> 
     </span>
    </p>
   </div>
   <div class='ocr_carea' id='block_1_11' title="bbox 429 909 2084 997">
    <p class='ocr_par' dir='ltr' id='par_1_11' title="bbox 429 909 2084 997">
     <span class='ocr_line' id='line_1_11' title="bbox 429 909 2084 997; baseline 0.003 -25"><span class='ocrx_word' id='word_1_55' title='bbox 429 909 619 972; x_wconf 64' lang='lat' dir='ltr'><strong>miwa:</strong></span> <span class='ocrx_word' id='word_1_56' title='bbox 649 929 859 972; x_wconf 72' lang='lat' dir='ltr'><strong>massae</strong></span> <span class='ocrx_word' id='word_1_57' title='bbox 887 910 1318 973; x_wconf 87' lang='lat' dir='ltr'><strong>denotabatur:</strong></span> <span class='ocrx_word' id='word_1_58' title='bbox 1360 930 1569 974; x_wconf 90' lang='lat' dir='ltr'><strong>verum</strong></span> <span class='ocrx_word' id='word_1_59' title='bbox 1593 913 1830 990; x_wconf 83' lang='lat' dir='ltr'><strong>sanguis</strong></span> <span class='ocrx_word' id='word_1_60' title='bbox 1853 924 1908 978; x_wconf 83' lang='lat' dir='ltr'><strong>et</strong></span> <span class='ocrx_word' id='word_1_61' title='bbox 1932 935 2084 997; x_wconf 89' lang='lat' dir='ltr'><strong>aqua</strong></span> 
     </span>
    </p>
   </div>
   <div class='ocr_carea' id='block_1_12' title="bbox 428 1000 2055 1084">
    <p class='ocr_par' dir='ltr' id='par_1_12' title="bbox 428 1000 2055 1084">
     <span class='ocr_line' id='line_1_12' title="bbox 428 1000 2055 1084; baseline 0.002 -22"><span class='ocrx_word' id='word_1_62' title='bbox 428 1017 498 1062; x_wconf 82' lang='lat' dir='ltr'><strong>ex</strong></span> <span class='ocrx_word' id='word_1_63' title='bbox 530 1018 739 1062; x_wconf 87' lang='lat' dir='ltr'><strong>eorum</strong></span> <span class='ocrx_word' id='word_1_64' title='bbox 773 1001 958 1063; x_wconf 89' lang='lat' dir='ltr'><strong>latere</strong></span> <span class='ocrx_word' id='word_1_65' title='bbox 989 1019 1108 1063; x_wconf 88' lang='lat' dir='ltr'><strong>non</strong></span> <span class='ocrx_word' id='word_1_66' title='bbox 1139 1000 1670 1082; x_wconf 69' lang='lat' dir='ltr'><strong>deﬂuxit,quorum</strong></span> <span class='ocrx_word' id='word_1_67' title='bbox 1708 1002 1896 1064; x_wconf 86' lang='lat' dir='ltr'><strong>vicem</strong></span> <span class='ocrx_word' id='word_1_68' title='bbox 1923 1025 2055 1084; x_wconf 79' lang='lat' dir='ltr'><strong>gem</strong></span> 
     </span>
    </p>
   </div>
   <div class='ocr_carea' id='block_1_13' title="bbox 428 1089 2085 1172">
    <p class='ocr_par' dir='ltr' id='par_1_13' title="bbox 428 1089 2085 1172">
     <span class='ocr_line' id='line_1_13' title="bbox 428 1089 2085 1172; baseline 0.004 -22"><span class='ocrx_word' id='word_1_69' title='bbox 428 1090 607 1151; x_wconf 85' lang='lat' dir='ltr'><strong>matia</strong></span> <span class='ocrx_word' id='word_1_70' title='bbox 635 1091 764 1171; x_wconf 83' lang='lat'>(59)</span> <span class='ocrx_word' id='word_1_71' title='bbox 813 1089 1149 1152; x_wconf 83' lang='lat' dir='ltr'><strong>tunicarum</strong></span> <span class='ocrx_word' id='word_1_72' title='bbox 1203 1090 1476 1172; x_wconf 89' lang='lat' dir='ltr'><strong>implent.</strong></span> <span class='ocrx_word' id='word_1_73' title='bbox 1527 1092 1652 1154; x_wconf 87' lang='lat' dir='ltr'><strong>Nec</strong></span> <span class='ocrx_word' id='word_1_74' title='bbox 1709 1095 2085 1157; x_wconf 63' lang='lat' dir='ltr'><strong>contumelia:</strong></span> 
     </span>
    </p>
   </div>
   <div class='ocr_carea' id='block_1_14' title="bbox 426 1178 2080 1263">
    <p class='ocr_par' dir='ltr' id='par_1_14' title="bbox 426 1178 2080 1263">
     <span class='ocr_line' id='line_1_14' title="bbox 426 1178 2080 1263; baseline 0.004 -23"><span class='ocrx_word' id='word_1_75' title='bbox 426 1178 674 1260; x_wconf 85' lang='lat' dir='ltr'><strong>pallium</strong></span> <span class='ocrx_word' id='word_1_76' title='bbox 705 1178 1186 1242; x_wconf 88' lang='lat' dir='ltr'><strong>induerunt.Nec</strong></span> <span class='ocrx_word' id='word_1_77' title='bbox 1223 1198 1427 1242; x_wconf 91' lang='lat' dir='ltr'><strong>eorum</strong></span> <span class='ocrx_word' id='word_1_78' title='bbox 1460 1181 1772 1262; x_wconf 88' lang='lat' dir='ltr'><strong>quisquam</strong></span> <span class='ocrx_word' id='word_1_79' title='bbox 1808 1183 1956 1263; x_wconf 86' lang='lat' dir='ltr'><strong>lapis</strong></span> <span class='ocrx_word' id='word_1_80' title='bbox 1980 1204 2080 1246; x_wconf 91' lang='lat' dir='ltr'><strong>an-</strong></span> 
     </span>
    </p>
   </div>
   <div class='ocr_carea' id='block_1_15' title="bbox 427 1267 2085 1354">
    <p class='ocr_par' dir='ltr' id='par_1_15' title="bbox 427 1267 2085 1354">
     <span class='ocr_line' id='line_1_15' title="bbox 427 1267 2085 1354; baseline 0.004 -25"><span class='ocrx_word' id='word_1_81' title='bbox 427 1267 654 1344; x_wconf 76' lang='lat' dir='ltr'><strong>gularia</strong></span> <span class='ocrx_word' id='word_1_82' title='bbox 683 1275 923 1331; x_wconf 89' lang='lat' dir='ltr'><strong>vocatus</strong></span> <span class='ocrx_word' id='word_1_83' title='bbox 952 1269 1084 1345; x_wconf 83' lang='lat' dir='ltr'><strong>fuit,</strong></span> <span class='ocrx_word' id='word_1_84' title='bbox 1123 1269 1274 1331; x_wconf 83' lang='lat' dir='ltr'><strong>sicut</strong></span> <span class='ocrx_word' id='word_1_85' title='bbox 1322 1269 1613 1331; x_wconf 88' lang='lat' dir='ltr'><strong>Dominus</strong></span> <span class='ocrx_word' id='word_1_86' title='bbox 1662 1270 1759 1330; x_wconf 87' lang='lat' dir='ltr'><strong>ille</strong></span> <span class='ocrx_word' id='word_1_87' title='bbox 1809 1271 2085 1354; x_wconf 91' lang='lat' dir='ltr'><strong>Deusque</strong></span> 
     </span>
    </p>
   </div>
   <div class='ocr_carea' id='block_1_16' title="bbox 427 1356 2084 1439">
    <p class='ocr_par' dir='ltr' id='par_1_16' title="bbox 427 1356 2084 1439">
     <span class='ocr_line' id='line_1_16' title="bbox 427 1356 2084 1439; baseline 0.004 -21"><span class='ocrx_word' id='word_1_88' title='bbox 427 1364 655 1419; x_wconf 88' lang='lat' dir='ltr'><strong>noster.</strong></span> <span class='ocrx_word' id='word_1_89' title='bbox 689 1356 811 1420; x_wconf 86' lang='lat' dir='ltr'><strong>Nec</strong></span> <span class='ocrx_word' id='word_1_90' title='bbox 844 1357 983 1420; x_wconf 81' lang='lat' dir='ltr'><strong>ﬁdei</strong></span> <span class='ocrx_word' id='word_1_91' title='bbox 1016 1358 1298 1420; x_wconf 87' lang='lat' dir='ltr'><strong>talentum</strong></span> <span class='ocrx_word' id='word_1_92' title='bbox 1328 1376 1432 1439; x_wconf 92' lang='lat' dir='ltr'><strong>per</strong></span> <span class='ocrx_word' id='word_1_93' title='bbox 1459 1358 1789 1439; x_wconf 72' lang='lat' dir='ltr'><strong>quemlibet</strong></span> <span class='ocrx_word' id='word_1_94' title='bbox 1822 1364 2084 1438; x_wconf 91' lang='lat' dir='ltr'><strong>ipsorum</strong></span> 
     </span>
    </p>
   </div>
   <div class='ocr_carea' id='block_1_17' title="bbox 427 1446 2083 1526">
    <p class='ocr_par' dir='ltr' id='par_1_17' title="bbox 427 1446 2083 1526">
     <span class='ocr_line' id='line_1_17' title="bbox 427 1446 2083 1526; baseline 0.005 -19"><span class='ocrx_word' id='word_1_95' title='bbox 427 1446 490 1507; x_wconf 91' lang='lat' dir='ltr'><strong>in</strong></span> <span class='ocrx_word' id='word_1_96' title='bbox 523 1447 866 1509; x_wconf 89' lang='lat' dir='ltr'><strong>universum</strong></span> <span class='ocrx_word' id='word_1_97' title='bbox 901 1447 1107 1509; x_wconf 92' lang='lat' dir='ltr'><strong>orbem</strong></span> <span class='ocrx_word' id='word_1_98' title='bbox 1142 1457 1432 1510; x_wconf 88' lang='lat' dir='ltr'><strong>terrarum</strong></span> <span class='ocrx_word' id='word_1_99' title='bbox 1470 1448 1775 1510; x_wconf 80' lang='lat' dir='ltr'><strong>dilatatum</strong></span> <span class='ocrx_word' id='word_1_100' title='bbox 1815 1451 1945 1526; x_wconf 89' lang='lat' dir='ltr'><strong>fuit,</strong></span> <span class='ocrx_word' id='word_1_101' title='bbox 1980 1453 2083 1515; x_wconf 92' lang='lat' dir='ltr'><strong>sed</strong></span> 
     </span>
    </p>
   </div>
   <div class='ocr_carea' id='block_1_18' title="bbox 428 1535 2080 1611">
    <p class='ocr_par' dir='ltr' id='par_1_18' title="bbox 428 1535 2080 1611">
     <span class='ocr_line' id='line_1_18' title="bbox 428 1535 2080 1611; baseline 0.004 -14"><span class='ocrx_word' id='word_1_102' title='bbox 428 1535 529 1598; x_wconf 87' lang='lat' dir='ltr'><strong>hic</strong></span> <span class='ocrx_word' id='word_1_103' title='bbox 563 1539 836 1610; x_wconf 82' lang='lat' dir='ltr'><strong>Romam,</strong></span> <span class='ocrx_word' id='word_1_104' title='bbox 868 1536 970 1598; x_wconf 92' lang='lat' dir='ltr'><strong>ille</strong></span> <span class='ocrx_word' id='word_1_105' title='bbox 1002 1537 1072 1597; x_wconf 90' lang='lat' dir='ltr'><strong>ad</strong></span> <span class='ocrx_word' id='word_1_106' title='bbox 1108 1535 1286 1598; x_wconf 89' lang='lat' dir='ltr'><strong>Indos</strong></span> <span class='ocrx_word' id='word_1_107' title='bbox 1321 1537 1408 1598; x_wconf 83' lang='lat' dir='ltr'><strong>vel</strong></span> <span class='ocrx_word' id='word_1_108' title='bbox 1441 1537 1782 1611; x_wconf 85' lang='lat' dir='ltr'><strong>Britannos,</strong></span> <span class='ocrx_word' id='word_1_109' title='bbox 1833 1540 1981 1602; x_wconf 91' lang='lat' dir='ltr'><strong>alius</strong></span> <span class='ocrx_word' id='word_1_110' title='bbox 2011 1549 2080 1603; x_wconf 80' lang='lat' dir='ltr'><strong>ad</strong></span> 
     </span>
    </p>
   </div>
   <div class='ocr_carea' id='block_1_19' title="bbox 427 1623 2080 1692">
    <p class='ocr_par' dir='ltr' id='par_1_19' title="bbox 427 1623 2080 1692">
     <span class='ocr_line' id='line_1_19' title="bbox 427 1623 2080 1692; baseline 0.002 -4"><span class='ocrx_word' id='word_1_111' title='bbox 427 1623 628 1688; x_wconf 91' lang='lat' dir='ltr'><strong>Gallos</strong></span> <span class='ocrx_word' id='word_1_112' title='bbox 653 1625 940 1687; x_wconf 61' lang='lat' dir='ltr'><strong>doctrinae</strong></span> <span class='ocrx_word' id='word_1_113' title='bbox 971 1625 1175 1688; x_wconf 85' lang='lat' dir='ltr'><strong>latices</strong></span> <span class='ocrx_word' id='word_1_114' title='bbox 1205 1624 1510 1688; x_wconf 85' lang='lat' dir='ltr'><strong>derivavit.</strong></span> <span class='ocrx_word' id='word_1_115' title='bbox 1547 1625 1722 1688; x_wconf 91' lang='lat' dir='ltr'><strong>Solus</strong></span> <span class='ocrx_word' id='word_1_116' title='bbox 1751 1627 1851 1689; x_wconf 91' lang='lat' dir='ltr'><strong>ille</strong></span> <span class='ocrx_word' id='word_1_117' title='bbox 1872 1630 2080 1692; x_wconf 89' lang='lat' dir='ltr'><strong>Chris-</strong></span> 
     </span>
    </p>
   </div>
   <div class='ocr_carea' id='block_1_20' title="bbox 430 1714 2086 1798">
    <p class='ocr_par' dir='ltr' id='par_1_20' title="bbox 430 1714 2086 1798">
     <span class='ocr_line' id='line_1_20' title="bbox 430 1714 2086 1798; baseline 0.003 -22"><span class='ocrx_word' id='word_1_118' title='bbox 430 1723 524 1777; x_wconf 86' lang='lat' dir='ltr'><strong>tus</strong></span> <span class='ocrx_word' id='word_1_119' title='bbox 544 1733 613 1776; x_wconf 87' lang='lat' dir='ltr'><strong>ac</strong></span> <span class='ocrx_word' id='word_1_120' title='bbox 643 1714 799 1777; x_wconf 88' lang='lat' dir='ltr'><strong>Dens</strong></span> <span class='ocrx_word' id='word_1_121' title='bbox 834 1723 1037 1776; x_wconf 91' lang='lat' dir='ltr'><strong>noster</strong></span> <span class='ocrx_word' id='word_1_122' title='bbox 1059 1716 1262 1777; x_wconf 89' lang='lat' dir='ltr'><strong>aderat</strong></span> <span class='ocrx_word' id='word_1_123' title='bbox 1288 1715 1533 1796; x_wconf 87' lang='lat' dir='ltr'><strong>ubique,</strong></span> <span class='ocrx_word' id='word_1_124' title='bbox 1581 1726 1755 1798; x_wconf 83' lang='lat' dir='ltr'><strong>atque</strong></span> <span class='ocrx_word' id='word_1_125' title='bbox 1806 1719 2086 1781; x_wconf 88' lang='lat' dir='ltr'><strong>universa</strong></span> 
     </span>
    </p>
   </div>
   <div class='ocr_carea' id='block_1_21' title="bbox 427 1803 2084 1887">
    <p class='ocr_par' dir='ltr' id='par_1_21' title="bbox 427 1803 2084 1887">
     <span class='ocr_line' id='line_1_21' title="bbox 427 1803 2084 1887; baseline 0.002 -21"><span class='ocrx_word' id='word_1_126' title='bbox 427 1803 640 1884; x_wconf 86' lang='lat' dir='ltr'><strong>gaudio</strong></span> <span class='ocrx_word' id='word_1_127' title='bbox 673 1803 981 1884; x_wconf 89' lang='lat' dir='ltr'><strong>implebat.</strong></span> <span class='ocrx_word' id='word_1_128' title='bbox 1009 1803 1180 1867; x_wconf 88' lang='lat' dir='ltr'><strong>Unde</strong></span> <span class='ocrx_word' id='word_1_129' title='bbox 1211 1805 1298 1885; x_wconf 84' lang='lat' dir='ltr'><strong>ﬁt,</strong></span> <span class='ocrx_word' id='word_1_130' title='bbox 1331 1811 1393 1865; x_wconf 90' lang='lat' dir='ltr'><strong>ut</strong></span> <span class='ocrx_word' id='word_1_131' title='bbox 1442 1805 1799 1866; x_wconf 80' lang='lat' dir='ltr'><strong>sanctissimi</strong></span> <span class='ocrx_word' id='word_1_132' title='bbox 1835 1808 2084 1887; x_wconf 86' lang='lat' dir='ltr'><strong>patriar-</strong></span> 
     </span>
    </p>
   </div>
   <div class='ocr_carea' id='block_1_22' title="bbox 433 1893 2082 1974">
    <p class='ocr_par' dir='ltr' id='par_1_22' title="bbox 433 1893 2082 1974">
     <span class='ocr_line' id='line_1_22' title="bbox 433 1893 2082 1974; baseline 0.002 -20"><span class='ocrx_word' id='word_1_133' title='bbox 433 1893 582 1961; x_wconf 67' lang='lat' dir='ltr'><strong>chae.</strong></span> <span class='ocrx_word' id='word_1_134' title='bbox 610 1893 710 1974; x_wconf 90' lang='lat' dir='ltr'><strong>qui</strong></span> <span class='ocrx_word' id='word_1_135' title='bbox 743 1905 1080 1955; x_wconf 84' lang='lat' dir='ltr'><strong>sanctarum</strong></span> <span class='ocrx_word' id='word_1_136' title='bbox 1107 1895 1493 1955; x_wconf 83' lang='lat' dir='ltr'><strong>ecclesiarum</strong></span> <span class='ocrx_word' id='word_1_137' title='bbox 1519 1894 1730 1974; x_wconf 86' lang='lat' dir='ltr'><strong>capitis</strong></span> <span class='ocrx_word' id='word_1_138' title='bbox 1761 1894 1866 1957; x_wconf 89' lang='lat' dir='ltr'><strong>Dei</strong></span> <span class='ocrx_word' id='word_1_139' title='bbox 1898 1899 2082 1961; x_wconf 87' lang='lat' dir='ltr'><strong>vicem</strong></span> 
     </span>
    </p>
   </div>
   <div class='ocr_carea' id='block_1_23' title="bbox 425 1981 2086 2064">
    <p class='ocr_par' dir='ltr' id='par_1_23' title="bbox 425 1981 2086 2064">
     <span class='ocr_line' id='line_1_23' title="bbox 425 1981 2086 2064; baseline 0.002 -20"><span class='ocrx_word' id='word_1_140' title='bbox 425 1981 706 2062; x_wconf 88' lang='lat' dir='ltr'><strong>implent,</strong></span> <span class='ocrx_word' id='word_1_141' title='bbox 741 2001 949 2045; x_wconf 87' lang='lat' dir='ltr'><strong>saceos</strong></span> <span class='ocrx_word' id='word_1_142' title='bbox 978 1983 1608 2064; x_wconf 87' lang='lat' dir='ltr'><strong>iuduant,lunicasque</strong></span> <span class='ocrx_word' id='word_1_143' title='bbox 1639 1984 1832 2046; x_wconf 86' lang='lat' dir='ltr'><strong>ﬂuviis</strong></span> <span class='ocrx_word' id='word_1_144' title='bbox 1862 2005 1929 2048; x_wconf 90' lang='lat' dir='ltr'><strong>ac</strong></span> <span class='ocrx_word' id='word_1_145' title='bbox 1974 1988 2086 2048; x_wconf 93' lang='lat' dir='ltr'><strong>tri-</strong></span> 
     </span>
    </p>
   </div>
   <div class='ocr_carea' id='block_1_24' title="bbox 427 2072 2082 2155">
    <p class='ocr_par' dir='ltr' id='par_1_24' title="bbox 427 2072 2082 2155">
     <span class='ocr_line' id='line_1_24' title="bbox 427 2072 2082 2155; baseline 0.002 -21"><span class='ocrx_word' id='word_1_146' title='bbox 427 2072 685 2151; x_wconf 89' lang='lat' dir='ltr'><strong>angulis,</strong></span> <span class='ocrx_word' id='word_1_147' title='bbox 713 2073 961 2153; x_wconf 89' lang='lat' dir='ltr'><strong>penulas</strong></span> <span class='ocrx_word' id='word_1_148' title='bbox 981 2073 1182 2134; x_wconf 90' lang='lat' dir='ltr'><strong>multis</strong></span> <span class='ocrx_word' id='word_1_149' title='bbox 1203 2072 1482 2134; x_wconf 87' lang='lat' dir='ltr'><strong>crucibus</strong></span> <span class='ocrx_word' id='word_1_150' title='bbox 1512 2073 1801 2152; x_wconf 88' lang='lat' dir='ltr'><strong>depictas;</strong></span> <span class='ocrx_word' id='word_1_151' title='bbox 1828 2093 1897 2136; x_wconf 91' lang='lat' dir='ltr'><strong>ac</strong></span> <span class='ocrx_word' id='word_1_152' title='bbox 1923 2077 2082 2155; x_wconf 84' lang='lat' dir='ltr'><strong>pari-</strong></span> 
     </span>
    </p>
   </div>
   <div class='ocr_carea' id='block_1_25' title="bbox 432 2161 2081 2230">
    <p class='ocr_par' dir='ltr' id='par_1_25' title="bbox 432 2161 2081 2230">
     <span class='ocr_line' id='line_1_25' title="bbox 432 2161 2081 2230; baseline 0.004 -8"><span class='ocrx_word' id='word_1_153' title='bbox 432 2164 525 2222; x_wconf 80' lang='lat' dir='ltr'><strong>ter</strong></span> <span class='ocrx_word' id='word_1_154' title='bbox 553 2161 616 2222; x_wconf 93' lang='lat' dir='ltr'><strong>in</strong></span> <span class='ocrx_word' id='word_1_155' title='bbox 646 2161 924 2223; x_wconf 87' lang='lat' dir='ltr'><strong>omnibus</strong></span> <span class='ocrx_word' id='word_1_156' title='bbox 969 2161 1258 2223; x_wconf 83' lang='lat' dir='ltr'><strong>Ecelesiis</strong></span> <span class='ocrx_word' id='word_1_157' title='bbox 1311 2161 1666 2222; x_wconf 89' lang='lat' dir='ltr'><strong>nominatim</strong></span> <span class='ocrx_word' id='word_1_158' title='bbox 1725 2162 2081 2230; x_wconf 82' lang='lat' dir='ltr'><strong>referantur.</strong></span> 
     </span>
    </p>
   </div>
   <div class='ocr_carea' id='block_1_26' title="bbox 427 2247 2082 2335">
    <p class='ocr_par' dir='ltr' id='par_1_26' title="bbox 427 2247 2082 2335">
     <span class='ocr_line' id='line_1_26' title="bbox 427 2247 2082 2335; baseline 0.002 -23"><span class='ocrx_word' id='word_1_159' title='bbox 427 2247 592 2312; x_wconf 87' lang='lat' dir='ltr'><strong>Idem</strong></span> <span class='ocrx_word' id='word_1_160' title='bbox 609 2249 1106 2331; x_wconf 83' lang='lat' dir='ltr'><strong>bacnlo,perinde</strong></span> <span class='ocrx_word' id='word_1_161' title='bbox 1119 2270 1187 2312; x_wconf 87' lang='lat' dir='ltr'><strong>ac</strong></span> <span class='ocrx_word' id='word_1_162' title='bbox 1209 2251 1501 2312; x_wconf 87' lang='lat' dir='ltr'><strong>arundine</strong></span> <span class='ocrx_word' id='word_1_163' title='bbox 1524 2251 1790 2312; x_wconf 88' lang='lat' dir='ltr'><strong>Christus</strong></span> <span class='ocrx_word' id='word_1_164' title='bbox 1809 2255 2082 2335; x_wconf 88' lang='lat' dir='ltr'><strong>Deusque</strong></span> 
     </span>
    </p>
   </div>
   <div class='ocr_carea' id='block_1_27' title="bbox 427 2340 2083 2421">
    <p class='ocr_par' dir='ltr' id='par_1_27' title="bbox 427 2340 2083 2421">
     <span class='ocr_line' id='line_1_27' title="bbox 427 2340 2083 2421; baseline 0.003 -20"><span class='ocrx_word' id='word_1_165' title='bbox 427 2347 650 2414; x_wconf 92' lang='lat' dir='ltr'><strong>noster,</strong></span> <span class='ocrx_word' id='word_1_166' title='bbox 683 2340 1040 2421; x_wconf 87' lang='lat' dir='ltr'><strong>spectabiles</strong></span> <span class='ocrx_word' id='word_1_167' title='bbox 1072 2359 1204 2402; x_wconf 87' lang='lat' dir='ltr'><strong>sese</strong></span> <span class='ocrx_word' id='word_1_168' title='bbox 1235 2340 1738 2404; x_wconf 75' lang='lat' dir='ltr'><strong>reddunt.Czeteri</strong></span> <span class='ocrx_word' id='word_1_169' title='bbox 1773 2343 2083 2420; x_wconf 67' lang='lat' dir='ltr'><strong>pontiiicvs</strong></span> 
     </span>
    </p>
   </div>
   <div class='ocr_carea' id='block_1_28' title="bbox 430 2429 2084 2510">
    <p class='ocr_par' dir='ltr' id='par_1_28' title="bbox 430 2429 2084 2510">
     <span class='ocr_line' id='line_1_28' title="bbox 430 2429 2084 2510; baseline 0.002 -19"><span class='ocrx_word' id='word_1_170' title='bbox 430 2437 489 2491; x_wconf 90' lang='lat' dir='ltr'><strong>et</strong></span> <span class='ocrx_word' id='word_1_171' title='bbox 509 2429 827 2510; x_wconf 87' lang='lat' dir='ltr'><strong>antistites,</strong></span> <span class='ocrx_word' id='word_1_172' title='bbox 854 2429 1106 2510; x_wconf 88' lang='lat' dir='ltr'><strong>perinde</strong></span> <span class='ocrx_word' id='word_1_173' title='bbox 1135 2449 1204 2491; x_wconf 91' lang='lat' dir='ltr'><strong>ac</strong></span> <span class='ocrx_word' id='word_1_174' title='bbox 1234 2429 1434 2492; x_wconf 85' lang='lat' dir='ltr'><strong>Aaron</strong></span> <span class='ocrx_word' id='word_1_175' title='bbox 1468 2429 1568 2490; x_wconf 88' lang='lat' dir='ltr'><strong>illa</strong></span> <span class='ocrx_word' id='word_1_176' title='bbox 1597 2430 1779 2507; x_wconf 79' lang='lat' dir='ltr'><strong>virga,</strong></span> <span class='ocrx_word' id='word_1_177' title='bbox 1803 2451 1933 2510; x_wconf 66' lang='lat' dir='ltr'><strong>qua}</strong></span> <span class='ocrx_word' id='word_1_178' title='bbox 1964 2453 2084 2494; x_wconf 86' lang='lat' dir='ltr'><strong>ma-</strong></span> 
     </span>
    </p>
   </div>
   <div class='ocr_carea' id='block_1_29' title="bbox 427 2517 2084 2599">
    <p class='ocr_par' dir='ltr' id='par_1_29' title="bbox 427 2517 2084 2599">
     <span class='ocr_line' id='line_1_29' title="bbox 427 2517 2084 2599; baseline 0.002 -19"><span class='ocrx_word' id='word_1_179' title='bbox 427 2517 528 2598; x_wconf 89' lang='lat' dir='ltr'><strong>gni</strong></span> <span class='ocrx_word' id='word_1_180' title='bbox 560 2520 823 2599; x_wconf 77' lang='lat' dir='ltr'><strong>mysterii</strong></span> <span class='ocrx_word' id='word_1_181' title='bbox 853 2519 1224 2597; x_wconf 84' lang='lat' dir='ltr'><strong>signiﬁcandi</strong></span> <span class='ocrx_word' id='word_1_182' title='bbox 1270 2537 1449 2580; x_wconf 91' lang='lat' dir='ltr'><strong>causa</strong></span> <span class='ocrx_word' id='word_1_183' title='bbox 1503 2519 1725 2592; x_wconf 86' lang='lat' dir='ltr'><strong>ﬂoruit,</strong></span> <span class='ocrx_word' id='word_1_184' title='bbox 1757 2520 1844 2580; x_wconf 87' lang='lat' dir='ltr'><strong>vel</strong></span> <span class='ocrx_word' id='word_1_185' title='bbox 1893 2520 2084 2584; x_wconf 83' lang='lat' dir='ltr'><strong>instar</strong></span> 
     </span>
    </p>
   </div>
   <div class='ocr_carea' id='block_1_30' title="bbox 429 2607 2078 2688">
    <p class='ocr_par' dir='ltr' id='par_1_30' title="bbox 429 2607 2078 2688">
     <span class='ocr_line' id='line_1_30' title="bbox 429 2607 2078 2688; baseline 0.002 -19"><span class='ocrx_word' id='word_1_186' title='bbox 429 2608 627 2686; x_wconf 83' lang='lat' dir='ltr'><strong>magni</strong></span> <span class='ocrx_word' id='word_1_187' title='bbox 662 2607 821 2670; x_wconf 87' lang='lat' dir='ltr'><strong>illius</strong></span> <span class='ocrx_word' id='word_1_188' title='bbox 851 2607 1101 2688; x_wconf 89' lang='lat' dir='ltr'><strong>apostoli</strong></span> <span class='ocrx_word' id='word_1_189' title='bbox 1132 2607 1311 2682; x_wconf 86' lang='lat' dir='ltr'><strong>Petri,</strong></span> <span class='ocrx_word' id='word_1_190' title='bbox 1345 2607 1446 2688; x_wconf 90' lang='lat' dir='ltr'><strong>qui</strong></span> <span class='ocrx_word' id='word_1_191' title='bbox 1479 2626 1546 2669; x_wconf 90' lang='lat' dir='ltr'><strong>ex</strong></span> <span class='ocrx_word' id='word_1_192' title='bbox 1581 2607 1710 2686; x_wconf 93' lang='lat' dir='ltr'><strong>ipso</strong></span> <span class='ocrx_word' id='word_1_193' title='bbox 1750 2612 1870 2671; x_wconf 87' lang='lat' dir='ltr'><strong>Deo</strong></span> <span class='ocrx_word' id='word_1_194' title='bbox 1903 2612 2078 2672; x_wconf 87' lang='lat' dir='ltr'><strong>andi-</strong></span> 
     </span>
    </p>
   </div>
   <div class='ocr_carea' id='block_1_31' title="bbox 426 2696 2076 2777">
    <p class='ocr_par' dir='ltr' id='par_1_31' title="bbox 426 2696 2076 2777">
     <span class='ocr_line' id='line_1_31' title="bbox 426 2696 2076 2777; baseline 0.002 -19"><span class='ocrx_word' id='word_1_195' title='bbox 426 2697 530 2772; x_wconf 90' lang='lat' dir='ltr'><strong>vit,</strong></span> <span class='ocrx_word' id='word_1_196' title='bbox 560 2699 745 2759; x_wconf 90' lang='lat' dir='ltr'><strong>Pasce</strong></span> <span class='ocrx_word' id='word_1_197' title='bbox 770 2716 908 2758; x_wconf 90' lang='lat' dir='ltr'><strong>oves</strong></span> <span class='ocrx_word' id='word_1_198' title='bbox 939 2717 1129 2760; x_wconf 88' lang='lat' dir='ltr'><strong>meas.</strong></span> <span class='ocrx_word' id='word_1_199' title='bbox 1159 2696 1226 2757; x_wconf 92' lang='lat' dir='ltr'><strong>Et</strong></span> <span class='ocrx_word' id='word_1_200' title='bbox 1251 2697 1527 2777; x_wconf 91' lang='lat' dir='ltr'><strong>quoniam</strong></span> <span class='ocrx_word' id='word_1_201' title='bbox 1561 2716 1703 2758; x_wconf 90' lang='lat' dir='ltr'><strong>vero</strong></span> <span class='ocrx_word' id='word_1_202' title='bbox 1734 2707 1826 2760; x_wconf 90' lang='lat' dir='ltr'><strong>est</strong></span> <span class='ocrx_word' id='word_1_203' title='bbox 1857 2700 2076 2777; x_wconf 86' lang='lat' dir='ltr'><strong>simile,</strong></span> 
     </span>
    </p>
   </div>
   <div class='ocr_carea' id='block_1_32' title="bbox 429 2785 2077 2870">
    <p class='ocr_par' dir='ltr' id='par_1_32' title="bbox 429 2785 2077 2870">
     <span class='ocr_line' id='line_1_32' title="bbox 429 2785 2077 2870; baseline 0.002 -23"><span class='ocrx_word' id='word_1_204' title='bbox 429 2786 770 2868; x_wconf 90' lang='lat' dir='ltr'><strong>quempiam</strong></span> <span class='ocrx_word' id='word_1_205' title='bbox 823 2787 1214 2864; x_wconf 76' lang='lat' dir='ltr'><strong>interrogare,</strong></span> <span class='ocrx_word' id='word_1_206' title='bbox 1247 2804 1378 2866; x_wconf 82' lang='lat' dir='ltr'><strong>quae</strong></span> <span class='ocrx_word' id='word_1_207' title='bbox 1402 2785 1670 2847; x_wconf 87' lang='lat' dir='ltr'><strong>vocabuli</strong></span> <span class='ocrx_word' id='word_1_208' title='bbox 1706 2805 1855 2867; x_wconf 88' lang='lat' dir='ltr'><strong>papa</strong></span> <span class='ocrx_word' id='word_1_209' title='bbox 1885 2789 2077 2870; x_wconf 89' lang='lat' dir='ltr'><strong>signi-</strong></span> 
     </span>
    </p>
   </div>
   <div class='ocr_carea' id='block_1_33' title="bbox 427 2878 2082 2962">
    <p class='ocr_par' dir='ltr' id='par_1_33' title="bbox 427 2878 2082 2962">
     <span class='ocr_line' id='line_1_33' title="bbox 427 2878 2082 2962; baseline 0.002 -19"><span class='ocrx_word' id='word_1_210' title='bbox 427 2881 580 2943; x_wconf 84' lang='lat' dir='ltr'><strong>catio</strong></span> <span class='ocrx_word' id='word_1_211' title='bbox 611 2878 706 2953; x_wconf 88' lang='lat' dir='ltr'><strong>sit,</strong></span> <span class='ocrx_word' id='word_1_212' title='bbox 757 2897 888 2959; x_wconf 58' lang='lat' dir='ltr'><strong>quae</strong></span> <span class='ocrx_word' id='word_1_213' title='bbox 919 2879 1297 2958; x_wconf 62' lang='lat' dir='ltr'><strong>patriarcha},</strong></span> <span class='ocrx_word' id='word_1_214' title='bbox 1331 2897 1462 2958; x_wconf 57' lang='lat' dir='ltr'><strong>quae</strong></span> <span class='ocrx_word' id='word_1_215' title='bbox 1516 2878 1950 2962; x_wconf 77' lang='lat' dir='ltr'><strong>archiepiscopi</strong></span> <span class='ocrx_word' id='word_1_216' title='bbox 1980 2905 1994 2958; x_wconf 91' lang='lat'><strong>;</strong></span> <span class='ocrx_word' id='word_1_217' title='bbox 2023 2894 2082 2946; x_wconf 85' lang='lat' dir='ltr'><strong>et</strong></span> 
     </span>
    </p>
   </div>
   <div class='ocr_carea' id='block_1_34' title="bbox 428 2966 2082 3049">
    <p class='ocr_par' dir='ltr' id='par_1_34' title="bbox 428 2966 2082 3049">
     <span class='ocr_line' id='line_1_34' title="bbox 428 2966 2082 3049; baseline 0.003 -20"><span class='ocrx_word' id='word_1_218' title='bbox 428 2967 815 3049; x_wconf 83' lang='lat' dir='ltr'><strong>quamobrem</strong></span> <span class='ocrx_word' id='word_1_219' title='bbox 877 2968 1087 3029; x_wconf 92' lang='lat' dir='ltr'><strong>horum</strong></span> <span class='ocrx_word' id='word_1_220' title='bbox 1164 2966 1426 3049; x_wconf 90' lang='lat' dir='ltr'><strong>quinque</strong></span> <span class='ocrx_word' id='word_1_221' title='bbox 1504 2968 1763 3048; x_wconf 85' lang='lat' dir='ltr'><strong>capitum</strong></span> <span class='ocrx_word' id='word_1_222' title='bbox 1840 2970 2082 3034; x_wconf 84' lang='lat' dir='ltr'><strong>facultas</strong></span> 
     </span>
    </p>
   </div>
   <div class='ocr_carea' id='block_1_35' title="bbox 431 3055 2078 3138">
    <p class='ocr_par' dir='ltr' id='par_1_35' title="bbox 431 3055 2078 3138">
     <span class='ocr_line' id='line_1_35' title="bbox 431 3055 2078 3138; baseline 0.002 -20"><span class='ocrx_word' id='word_1_223' title='bbox 431 3064 608 3137; x_wconf 88' lang='lat' dir='ltr'><strong>atque</strong></span> <span class='ocrx_word' id='word_1_224' title='bbox 641 3055 949 3137; x_wconf 89' lang='lat' dir='ltr'><strong>privilegia</strong></span> <span class='ocrx_word' id='word_1_225' title='bbox 997 3056 1114 3118; x_wconf 87' lang='lat' dir='ltr'><strong>sint</strong></span> <span class='ocrx_word' id='word_1_226' title='bbox 1162 3055 1396 3127; x_wconf 88' lang='lat' dir='ltr'><strong>eadem,</strong></span> <span class='ocrx_word' id='word_1_227' title='bbox 1430 3055 1514 3117; x_wconf 91' lang='lat' dir='ltr'><strong>uti</strong></span> <span class='ocrx_word' id='word_1_228' title='bbox 1555 3056 1919 3120; x_wconf 81' lang='lat' dir='ltr'><strong>declaratum</strong></span> <span class='ocrx_word' id='word_1_229' title='bbox 1950 3063 2078 3138; x_wconf 78' lang='lat' dir='ltr'><strong>fuit,</strong></span> 
     </span>
    </p>
   </div>
   <div class='ocr_carea' id='block_1_36' title="bbox 2183 738 3827 820">
    <p class='ocr_par' dir='ltr' id='par_1_36' title="bbox 2183 738 3827 820">
     <span class='ocr_line' id='line_1_36' title="bbox 2183 738 3827 820; baseline 0 -26"><span class='ocrx_word' id='word_1_230' title='bbox 2183 739 2283 806; x_wconf 78' lang='grc' dir='ltr'><strong>τὴν</strong></span> <span class='ocrx_word' id='word_1_231' title='bbox 2326 739 2586 816; x_wconf 80' lang='grc' dir='ltr'>ἐπωμίδα,</span> <span class='ocrx_word' id='word_1_232' title='bbox 2619 743 2705 797; x_wconf 84' lang='grc' dir='ltr'><strong>καὶ</strong></span> <span class='ocrx_word' id='word_1_233' title='bbox 2748 743 2838 796; x_wconf 80' lang='grc' dir='ltr'>τὸν</span> <span class='ocrx_word' id='word_1_234' title='bbox 2881 739 3110 820; x_wconf 79' lang='grc' dir='ltr'>ποδήρη,</span> <span class='ocrx_word' id='word_1_235' title='bbox 3181 743 3268 797; x_wconf 87' lang='grc' dir='ltr'><strong>καὶ</strong></span> <span class='ocrx_word' id='word_1_236' title='bbox 3321 742 3382 796; x_wconf 86' lang='grc' dir='ltr'>τὸ</span> <span class='ocrx_word' id='word_1_237' title='bbox 3437 738 3615 820; x_wconf 73' lang='grc' dir='ltr'>ἐφοὺδ,</span> <span class='ocrx_word' id='word_1_238' title='bbox 3673 740 3737 796; x_wconf 72' lang='grc' dir='ltr'>τὰ</span> <span class='ocrx_word' id='word_1_239' title='bbox 3771 739 3827 794; x_wconf 81' lang='grc' dir='ltr'>τὸ</span> 
     </span>
    </p>
   </div>
   <div class='ocr_carea' id='block_1_37' title="bbox 2166 827 3810 910">
    <p class='ocr_par' dir='ltr' id='par_1_37' title="bbox 2166 827 3810 910">
     <span class='ocr_line' id='line_1_37' title="bbox 2166 827 3810 910; baseline 0.001 -28"><span class='ocrx_word' id='word_1_240' title='bbox 2166 827 2398 908; x_wconf 76' lang='grc' dir='ltr'>ἀρχαῖον</span> <span class='ocrx_word' id='word_1_241' title='bbox 2427 831 2752 905; x_wconf 72' lang='grc' dir='ltr'>σημαίνοντα</span> <span class='ocrx_word' id='word_1_242' title='bbox 2808 827 3000 887; x_wconf 81' lang='grc' dir='ltr'>κώδιον</span> <span class='ocrx_word' id='word_1_243' title='bbox 3049 835 3143 885; x_wconf 85' lang='grc' dir='ltr'><strong>τοῦ</strong></span> <span class='ocrx_word' id='word_1_244' title='bbox 3198 827 3506 902; x_wconf 82' lang='grc' dir='ltr'>Ἀδαμιαίου</span> <span class='ocrx_word' id='word_1_245' title='bbox 3566 830 3810 910; x_wconf 78' lang='grc' dir='ltr'>φυράμα-</span> 
     </span>
    </p>
   </div>
   <div class='ocr_carea' id='block_1_38' title="bbox 2166 915 3810 998">
    <p class='ocr_par' dir='ltr' id='par_1_38' title="bbox 2166 915 3810 998">
     <span class='ocr_line' id='line_1_38' title="bbox 2166 915 3810 998; baseline 0.001 -24"><span class='ocrx_word' id='word_1_246' title='bbox 2166 941 2255 982; x_wconf 85' lang='grc' dir='ltr'><strong>τος</strong></span> <span class='ocrx_word' id='word_1_247' title='bbox 2291 937 2304 952; x_wconf 80' lang='grc'>⁶</span> <span class='ocrx_word' id='word_1_248' title='bbox 2352 923 2490 994; x_wconf 83' lang='grc' dir='ltr'>αἷμα</span> <span class='ocrx_word' id='word_1_249' title='bbox 2547 915 2600 974; x_wconf 73' lang='grc' dir='ltr'><em>δὲ</em></span> <span class='ocrx_word' id='word_1_250' title='bbox 2654 921 2740 975; x_wconf 84' lang='grc' dir='ltr'><strong>καὶ</strong></span> <span class='ocrx_word' id='word_1_251' title='bbox 2794 917 2929 997; x_wconf 75' lang='grc' dir='ltr'>ὕδωρ</span> <span class='ocrx_word' id='word_1_252' title='bbox 2994 919 3055 975; x_wconf 71' lang='grc' dir='ltr'>ἐκ</span> <span class='ocrx_word' id='word_1_253' title='bbox 3110 923 3208 985; x_wconf 75' lang='grc' dir='ltr'><strong>τῆς</strong></span> <span class='ocrx_word' id='word_1_254' title='bbox 3265 916 3490 998; x_wconf 83' lang='grc' dir='ltr'>πλευρᾶς</span> <span class='ocrx_word' id='word_1_255' title='bbox 3553 920 3726 975; x_wconf 65' lang='grc' dir='ltr'>αὒτῶν</span> <span class='ocrx_word' id='word_1_256' title='bbox 3754 921 3810 976; x_wconf 73' lang='grc' dir='ltr'>οὗ</span> 
     </span>
    </p>
   </div>
   <div class='ocr_carea' id='block_1_39' title="bbox 2167 1005 3811 1086">
    <p class='ocr_par' dir='ltr' id='par_1_39' title="bbox 2167 1005 3811 1086">
     <span class='ocr_line' id='line_1_39' title="bbox 2167 1005 3811 1086; baseline -0.001 -24"><span class='ocrx_word' id='word_1_257' title='bbox 2167 1005 2524 1086; x_wconf 80' lang='grc' dir='ltr'>κατέῤῥευσεν,</span> <span class='ocrx_word' id='word_1_258' title='bbox 2559 1010 2632 1063; x_wconf 82' lang='grc' dir='ltr'>ὧν</span> <span class='ocrx_word' id='word_1_259' title='bbox 2682 1006 3044 1086; x_wconf 70' lang='grc' dir='ltr'><strong>ἀναπληροῦσι</strong></span> <span class='ocrx_word' id='word_1_260' title='bbox 3099 1009 3263 1064; x_wconf 87' lang='grc' dir='ltr'>τόπον</span> <span class='ocrx_word' id='word_1_261' title='bbox 3321 1008 3388 1064; x_wconf 75' lang='grc' dir='ltr'>τὰ</span> <span class='ocrx_word' id='word_1_262' title='bbox 3441 1008 3547 1064; x_wconf 80' lang='grc' dir='ltr'>τῶν</span> <span class='ocrx_word' id='word_1_263' title='bbox 3617 1029 3811 1086; x_wconf 83' lang='grc' dir='ltr'>στιχα·</span> 
     </span>
    </p>
   </div>
   <div class='ocr_carea' id='block_1_40' title="bbox 2168 1093 3808 1176">
    <p class='ocr_par' dir='ltr' id='par_1_40' title="bbox 2168 1093 3808 1176">
     <span class='ocr_line' id='line_1_40' title="bbox 2168 1093 3808 1176; baseline -0.001 -26"><span class='ocrx_word' id='word_1_264' title='bbox 2168 1095 2292 1175; x_wconf 89' lang='grc' dir='ltr'>ρίων</span> <span class='ocrx_word' id='word_1_265' title='bbox 2323 1097 2622 1174; x_wconf 81' lang='grc' dir='ltr'>γαμμάτια,</span> <span class='ocrx_word' id='word_1_266' title='bbox 2685 1094 2814 1155; x_wconf 73' lang='grc' dir='ltr'><strong>Οὐδὲ</strong></span> <span class='ocrx_word' id='word_1_267' title='bbox 2873 1097 2972 1164; x_wconf 74' lang='grc' dir='ltr'><strong>τὴν</strong></span> <span class='ocrx_word' id='word_1_268' title='bbox 3028 1095 3262 1176; x_wconf 80' lang='grc' dir='ltr'>χλαῖναν</span> <span class='ocrx_word' id='word_1_269' title='bbox 3331 1099 3430 1163; x_wconf 76' lang='grc' dir='ltr'>τῆς</span> <span class='ocrx_word' id='word_1_270' title='bbox 3485 1093 3685 1174; x_wconf 66' lang='grc' dir='ltr'>ῧϐρεως</span> <span class='ocrx_word' id='word_1_271' title='bbox 3725 1095 3808 1151; x_wconf 84' lang='grc' dir='ltr'><strong>ἐν-</strong></span> 
     </span>
    </p>
   </div>
   <div class='ocr_carea' id='block_1_41' title="bbox 2166 1183 3824 1264">
    <p class='ocr_par' dir='ltr' id='par_1_41' title="bbox 2166 1183 3824 1264">
     <span class='ocr_line' id='line_1_41' title="bbox 2166 1183 3824 1264; baseline 0 -24"><span class='ocrx_word' id='word_1_272' title='bbox 2166 1183 2432 1248; x_wconf 84' lang='grc' dir='ltr'>εδύσαντο,</span> <span class='ocrx_word' id='word_1_273' title='bbox 2467 1183 2596 1242; x_wconf 66' lang='grc' dir='ltr'><strong>0οόδέ</strong></span> <span class='ocrx_word' id='word_1_274' title='bbox 2637 1208 2716 1248; x_wconf 92' lang='grc' dir='ltr'><strong>τις</strong></span> <span class='ocrx_word' id='word_1_275' title='bbox 2750 1185 2922 1241; x_wconf 72' lang='grc' dir='ltr'>αὖτῶν</span> <span class='ocrx_word' id='word_1_276' title='bbox 2975 1183 3116 1250; x_wconf 87' lang='grc' dir='ltr'>λίθος</span> <span class='ocrx_word' id='word_1_277' title='bbox 3174 1185 3562 1264; x_wconf 79' lang='grc' dir='ltr'>ἀκρογωνιατος</span> <span class='ocrx_word' id='word_1_278' title='bbox 3621 1184 3824 1259; x_wconf 81' lang='grc' dir='ltr'>ὠνόμα-</span> 
     </span>
    </p>
   </div>
   <div class='ocr_carea' id='block_1_42' title="bbox 2169 1272 3820 1354">
    <p class='ocr_par' dir='ltr' id='par_1_42' title="bbox 2169 1272 3820 1354">
     <span class='ocr_line' id='line_1_42' title="bbox 2169 1272 3820 1354; baseline -0.001 -24"><span class='ocrx_word' id='word_1_279' title='bbox 2169 1297 2309 1354; x_wconf 79' lang='grc' dir='ltr'>σται,</span> <span class='ocrx_word' id='word_1_280' title='bbox 2345 1277 2415 1340; x_wconf 86' lang='grc' dir='ltr'>ὡς</span> <span class='ocrx_word' id='word_1_281' title='bbox 2487 1277 2516 1331; x_wconf 98' lang='lat'><strong>6</strong></span> <span class='ocrx_word' id='word_1_282' title='bbox 2577 1275 2762 1354; x_wconf 85' lang='grc' dir='ltr'>Κύριος</span> <span class='ocrx_word' id='word_1_283' title='bbox 2833 1276 2923 1332; x_wconf 87' lang='grc' dir='ltr'><strong>καὶ</strong></span> <span class='ocrx_word' id='word_1_284' title='bbox 2979 1276 3106 1337; x_wconf 80' lang='grc' dir='ltr'>Θεὸς</span> <span class='ocrx_word' id='word_1_285' title='bbox 3163 1276 3342 1349; x_wconf 72' lang='grc' dir='ltr'>ἡμῶν.</span> <span class='ocrx_word' id='word_1_286' title='bbox 3415 1272 3544 1331; x_wconf 74' lang='grc' dir='ltr'><strong>Οὐδὲ</strong></span> <span class='ocrx_word' id='word_1_287' title='bbox 3601 1275 3663 1329; x_wconf 72' lang='grc' dir='ltr'>τὸ</span> <span class='ocrx_word' id='word_1_288' title='bbox 3730 1273 3820 1340; x_wconf 74' lang='grc' dir='ltr'>τῆς</span> 
     </span>
    </p>
   </div>
   <div class='ocr_carea' id='block_1_43' title="bbox 2169 1361 3823 1427">
    <p class='ocr_par' dir='ltr' id='par_1_43' title="bbox 2169 1361 3823 1427">
     <span class='ocr_line' id='line_1_43' title="bbox 2169 1361 3823 1427; baseline -0.002 -7"><span class='ocrx_word' id='word_1_289' title='bbox 2169 1365 2398 1427; x_wconf 85' lang='grc' dir='ltr'>πίστεως</span> <span class='ocrx_word' id='word_1_290' title='bbox 2462 1362 2717 1420; x_wconf 80' lang='grc' dir='ltr'>τάλαντον</span> <span class='ocrx_word' id='word_1_291' title='bbox 2762 1361 2828 1418; x_wconf 84' lang='grc' dir='ltr'><strong>δι’</strong></span> <span class='ocrx_word' id='word_1_292' title='bbox 2891 1363 3116 1422; x_wconf 77' lang='grc' dir='ltr'>ἑκάστου</span> <span class='ocrx_word' id='word_1_293' title='bbox 3176 1363 3348 1419; x_wconf 70' lang='grc' dir='ltr'>αὒτῶν</span> <span class='ocrx_word' id='word_1_294' title='bbox 3398 1363 3471 1426; x_wconf 79' lang='grc' dir='ltr'>εἰς</span> <span class='ocrx_word' id='word_1_295' title='bbox 3527 1369 3705 1419; x_wconf 81' lang='grc' dir='ltr'>πᾶσαν</span> <span class='ocrx_word' id='word_1_296' title='bbox 3727 1364 3823 1422; x_wconf 65' lang='grc' dir='ltr'>τὴν</span> 
     </span>
    </p>
   </div>
   <div class='ocr_carea' id='block_1_44' title="bbox 2169 1442 3819 1532">
    <p class='ocr_par' dir='ltr' id='par_1_44' title="bbox 2169 1442 3819 1532">
     <span class='ocr_line' id='line_1_44' title="bbox 2169 1442 3819 1532; baseline -0.002 -22"><span class='ocrx_word' id='word_1_297' title='bbox 2169 1452 2482 1528; x_wconf 72' lang='grc' dir='ltr'>οἰκουμένην</span> <span class='ocrx_word' id='word_1_298' title='bbox 2513 1450 2850 1532; x_wconf 76' lang='grc' dir='ltr'>ἐφήπλωται,</span> <span class='ocrx_word' id='word_1_299' title='bbox 2886 1451 3004 1508; x_wconf 76' lang='grc' dir='ltr'>ἄλλ’</span> <span class='ocrx_word' id='word_1_300' title='bbox 3037 1455 3064 1509; x_wconf 87' lang='lat'><strong>6</strong></span> <span class='ocrx_word' id='word_1_301' title='bbox 3113 1452 3210 1527; x_wconf 79' lang='grc' dir='ltr'>μὲν</span> <span class='ocrx_word' id='word_1_302' title='bbox 3253 1452 3308 1508; x_wconf 83' lang='grc' dir='ltr'>ὲν</span> <span class='ocrx_word' id='word_1_303' title='bbox 3375 1442 3582 1532; x_wconf 75' lang='grc' dir='ltr'>Ῥώμῃ,</span> <span class='ocrx_word' id='word_1_304' title='bbox 3629 1454 3658 1507; x_wconf 97' lang='lat'><strong>6</strong></span> <span class='ocrx_word' id='word_1_305' title='bbox 3686 1449 3739 1506; x_wconf 76' lang='grc' dir='ltr'><strong>δὲ</strong></span> <span class='ocrx_word' id='word_1_306' title='bbox 3769 1449 3819 1507; x_wconf 81' lang='grc' dir='ltr'>ἐν</span> 
     </span>
    </p>
   </div>
   <div class='ocr_carea' id='block_1_45' title="bbox 2170 1538 3821 1618">
    <p class='ocr_par' dir='ltr' id='par_1_45' title="bbox 2170 1538 3821 1618">
     <span class='ocr_line' id='line_1_45' title="bbox 2170 1538 3821 1618; baseline -0.002 -19"><span class='ocrx_word' id='word_1_307' title='bbox 2170 1541 2355 1606; x_wconf 78' lang='grc' dir='ltr'><strong>Ἰνδοῖς</strong></span> <span class='ocrx_word' id='word_1_308' title='bbox 2400 1543 2436 1611; x_wconf 77' lang='grc' dir='ltr'>ἢ</span> <span class='ocrx_word' id='word_1_309' title='bbox 2483 1550 2821 1618; x_wconf 73' lang='grc' dir='ltr'><strong>Βρεττανοῖς,</strong></span> <span class='ocrx_word' id='word_1_310' title='bbox 2855 1543 2882 1598; x_wconf 92' lang='lat'><strong>6</strong></span> <span class='ocrx_word' id='word_1_311' title='bbox 2913 1540 2968 1597; x_wconf 79' lang='grc' dir='ltr'><strong>δὲ</strong></span> <span class='ocrx_word' id='word_1_312' title='bbox 2995 1541 3049 1596; x_wconf 84' lang='grc' dir='ltr'>ἐν</span> <span class='ocrx_word' id='word_1_313' title='bbox 3089 1540 3349 1604; x_wconf 78' lang='grc' dir='ltr'><strong>Γαλάταις</strong></span> <span class='ocrx_word' id='word_1_314' title='bbox 3393 1543 3514 1604; x_wconf 78' lang='grc' dir='ltr'>τοὺς</span> <span class='ocrx_word' id='word_1_315' title='bbox 3558 1547 3659 1608; x_wconf 81' lang='grc' dir='ltr'>τῆς</span> <span class='ocrx_word' id='word_1_316' title='bbox 3689 1538 3821 1597; x_wconf 81' lang='grc' dir='ltr'>διδα-</span> 
     </span>
    </p>
   </div>
   <div class='ocr_carea' id='block_1_46' title="bbox 2169 1628 3820 1710">
    <p class='ocr_par' dir='ltr' id='par_1_46' title="bbox 2169 1628 3820 1710">
     <span class='ocr_line' id='line_1_46' title="bbox 2169 1628 3820 1710; baseline -0.002 -22"><span class='ocrx_word' id='word_1_317' title='bbox 2169 1630 2386 1695; x_wconf 87' lang='grc' dir='ltr'>σκαλίας</span> <span class='ocrx_word' id='word_1_318' title='bbox 2419 1631 2730 1710; x_wconf 85' lang='grc' dir='ltr'>μετώχευσε</span> <span class='ocrx_word' id='word_1_319' title='bbox 2773 1628 3022 1693; x_wconf 87' lang='grc' dir='ltr'>πίδακας,</span> <span class='ocrx_word' id='word_1_320' title='bbox 3069 1631 3240 1692; x_wconf 82' lang='grc' dir='ltr'>Μόνος</span> <span class='ocrx_word' id='word_1_321' title='bbox 3285 1628 3338 1684; x_wconf 75' lang='grc' dir='ltr'><strong>δὲ</strong></span> <span class='ocrx_word' id='word_1_322' title='bbox 3382 1633 3410 1686; x_wconf 84' lang='lat'><strong>6</strong></span> <span class='ocrx_word' id='word_1_323' title='bbox 3455 1631 3680 1709; x_wconf 80' lang='grc' dir='ltr'>Χριστὸς</span> <span class='ocrx_word' id='word_1_324' title='bbox 3735 1631 3820 1685; x_wconf 86' lang='grc' dir='ltr'><strong>καὶ</strong></span> 
     </span>
    </p>
   </div>
   <div class='ocr_carea' id='block_1_47' title="bbox 2169 1719 3819 1799">
    <p class='ocr_par' dir='ltr' id='par_1_47' title="bbox 2169 1719 3819 1799">
     <span class='ocr_line' id='line_1_47' title="bbox 2169 1719 3819 1799; baseline -0.002 -23"><span class='ocrx_word' id='word_1_325' title='bbox 2169 1723 2296 1784; x_wconf 84' lang='grc' dir='ltr'>Θεὸς</span> <span class='ocrx_word' id='word_1_326' title='bbox 2341 1723 2496 1796; x_wconf 67' lang='grc' dir='ltr'>ἡμῶν</span> <span class='ocrx_word' id='word_1_327' title='bbox 2547 1728 2826 1799; x_wconf 62' lang='grc' dir='ltr'>πανταχοῦ</span> <span class='ocrx_word' id='word_1_328' title='bbox 2879 1725 3078 1799; x_wconf 76' lang='grc' dir='ltr'>παρῆν,</span> <span class='ocrx_word' id='word_1_329' title='bbox 3149 1719 3243 1776; x_wconf 76' lang='grc' dir='ltr'>καὶ</span> <span class='ocrx_word' id='word_1_330' title='bbox 3301 1726 3475 1799; x_wconf 80' lang='grc' dir='ltr'>χαρᾶς</span> <span class='ocrx_word' id='word_1_331' title='bbox 3531 1719 3598 1774; x_wconf 77' lang='grc' dir='ltr'>τὰ</span> <span class='ocrx_word' id='word_1_332' title='bbox 3654 1719 3819 1774; x_wconf 79' lang='grc' dir='ltr'>πάντα</span> 
     </span>
    </p>
   </div>
   <div class='ocr_carea' id='block_1_48' title="bbox 2170 1799 3817 1888">
    <p class='ocr_par' dir='ltr' id='par_1_48' title="bbox 2170 1799 3817 1888">
     <span class='ocr_line' id='line_1_48' title="bbox 2170 1799 3817 1888; baseline -0.002 -22"><span class='ocrx_word' id='word_1_333' title='bbox 2170 1810 2500 1888; x_wconf 73' lang='grc' dir='ltr'>ἐπλήρωσεν,</span> <span class='ocrx_word' id='word_1_334' title='bbox 2562 1799 2728 1867; x_wconf 75' lang='grc' dir='ltr'><strong>υΟθεν</strong></span> <span class='ocrx_word' id='word_1_335' title='bbox 2771 1811 2860 1866; x_wconf 84' lang='grc' dir='ltr'><strong>καὶ</strong></span> <span class='ocrx_word' id='word_1_336' title='bbox 2902 1813 2950 1866; x_wconf 80' lang='grc' dir='ltr'>οἱ</span> <span class='ocrx_word' id='word_1_337' title='bbox 3019 1809 3301 1888; x_wconf 83' lang='grc' dir='ltr'>ἁγιώτατοι</span> <span class='ocrx_word' id='word_1_338' title='bbox 3347 1809 3699 1888; x_wconf 84' lang='grc' dir='ltr'>πατριάρχαι,</span> <span class='ocrx_word' id='word_1_339' title='bbox 3726 1809 3817 1863; x_wconf 82' lang='grc' dir='ltr'><strong>τὸ-</strong></span> 
     </span>
    </p>
   </div>
   <div class='ocr_carea' id='block_1_49' title="bbox 2168 1895 3815 1979">
    <p class='ocr_par' dir='ltr' id='par_1_49' title="bbox 2168 1895 3815 1979">
     <span class='ocr_line' id='line_1_49' title="bbox 2168 1895 3815 1979; baseline -0.001 -26"><span class='ocrx_word' id='word_1_340' title='bbox 2168 1921 2269 1954; x_wconf 87' lang='grc' dir='ltr'><strong>πον</strong></span> <span class='ocrx_word' id='word_1_341' title='bbox 2297 1897 2722 1978; x_wconf 82' lang='grc' dir='ltr'>ἀναπληροῦντες</span> <span class='ocrx_word' id='word_1_342' title='bbox 2778 1902 2873 1960; x_wconf 66' lang='grc' dir='ltr'>τῆς</span> <span class='ocrx_word' id='word_1_343' title='bbox 2931 1899 3169 1979; x_wconf 67' lang='grc' dir='ltr'>κεφαλῆς</span> <span class='ocrx_word' id='word_1_344' title='bbox 3216 1904 3322 1954; x_wconf 84' lang='grc' dir='ltr'><strong>τῶν</strong></span> <span class='ocrx_word' id='word_1_345' title='bbox 3366 1899 3530 1976; x_wconf 78' lang='grc' dir='ltr'>ἁγίων</span> <span class='ocrx_word' id='word_1_346' title='bbox 3583 1895 3815 1962; x_wconf 85' lang='grc' dir='ltr'>Ἐκκλη-</span> 
     </span>
    </p>
   </div>
   <div class='ocr_carea' id='block_1_50' title="bbox 2169 1985 3818 2068">
    <p class='ocr_par' dir='ltr' id='par_1_50' title="bbox 2169 1985 3818 2068">
     <span class='ocr_line' id='line_1_50' title="bbox 2169 1985 3818 2068; baseline -0.001 -25"><span class='ocrx_word' id='word_1_347' title='bbox 2169 1995 2296 2044; x_wconf 86' lang='grc' dir='ltr'>σιῶν</span> <span class='ocrx_word' id='word_1_348' title='bbox 2365 1998 2456 2047; x_wconf 90' lang='grc' dir='ltr'><strong>τοῦ</strong></span> <span class='ocrx_word' id='word_1_349' title='bbox 2515 1996 2669 2068; x_wconf 89' lang='grc' dir='ltr'>Θεοῦ,</span> <span class='ocrx_word' id='word_1_350' title='bbox 2751 1985 3131 2044; x_wconf 68' lang='grc' dir='ltr'>ἐνδιδύσκονται</span> <span class='ocrx_word' id='word_1_351' title='bbox 3204 1987 3455 2060; x_wconf 79' lang='grc' dir='ltr'>σάκκους,</span> <span class='ocrx_word' id='word_1_352' title='bbox 3527 1989 3618 2043; x_wconf 84' lang='grc' dir='ltr'><strong>καὶ</strong></span> <span class='ocrx_word' id='word_1_353' title='bbox 3689 1986 3818 2062; x_wconf 81' lang='grc' dir='ltr'>μετὰ</span> 
     </span>
    </p>
   </div>
   <div class='ocr_carea' id='block_1_51' title="bbox 2167 2073 3817 2156">
    <p class='ocr_par' dir='ltr' id='par_1_51' title="bbox 2167 2073 3817 2156">
     <span class='ocr_line' id='line_1_51' title="bbox 2167 2073 3817 2156; baseline -0.001 -24"><span class='ocrx_word' id='word_1_354' title='bbox 2167 2079 2444 2152; x_wconf 84' lang='grc' dir='ltr'>ποταμίων</span> <span class='ocrx_word' id='word_1_355' title='bbox 2487 2078 2575 2133; x_wconf 85' lang='grc' dir='ltr'><strong>καὶ</strong></span> <span class='ocrx_word' id='word_1_356' title='bbox 2601 2077 2891 2155; x_wconf 87' lang='grc' dir='ltr'>τριγωνίων</span> <span class='ocrx_word' id='word_1_357' title='bbox 2937 2077 3212 2156; x_wconf 81' lang='grc' dir='ltr'>στιχάρια,</span> <span class='ocrx_word' id='word_1_358' title='bbox 3272 2077 3360 2131; x_wconf 88' lang='grc' dir='ltr'><strong>καὶ</strong></span> <span class='ocrx_word' id='word_1_359' title='bbox 3415 2073 3498 2131; x_wconf 78' lang='grc' dir='ltr'>δια</span> <span class='ocrx_word' id='word_1_360' title='bbox 3532 2074 3817 2132; x_wconf 86' lang='grc' dir='ltr'>πολυσταυ-</span> 
     </span>
    </p>
   </div>
   <div class='ocr_carea' id='block_1_52' title="bbox 2168 2163 3813 2244">
    <p class='ocr_par' dir='ltr' id='par_1_52' title="bbox 2168 2163 3813 2244">
     <span class='ocr_line' id='line_1_52' title="bbox 2168 2163 3813 2244; baseline -0.001 -24"><span class='ocrx_word' id='word_1_361' title='bbox 2168 2166 2298 2244; x_wconf 86' lang='grc' dir='ltr'>ρίων</span> <span class='ocrx_word' id='word_1_362' title='bbox 2338 2164 2608 2244; x_wconf 79' lang='grc' dir='ltr'>φαινόλια,</span> <span class='ocrx_word' id='word_1_363' title='bbox 2673 2166 2761 2220; x_wconf 88' lang='grc' dir='ltr'><strong>καὶ</strong></span> <span class='ocrx_word' id='word_1_364' title='bbox 2810 2167 2882 2229; x_wconf 79' lang='grc' dir='ltr'>εἰς</span> <span class='ocrx_word' id='word_1_365' title='bbox 2936 2166 3107 2228; x_wconf 82' lang='grc' dir='ltr'>πάσας</span> <span class='ocrx_word' id='word_1_366' title='bbox 3162 2166 3255 2230; x_wconf 80' lang='grc' dir='ltr'><strong>τὰς</strong></span> <span class='ocrx_word' id='word_1_367' title='bbox 3299 2163 3624 2231; x_wconf 82' lang='grc' dir='ltr'>Ἐκκλησίας</span> <span class='ocrx_word' id='word_1_368' title='bbox 3683 2165 3813 2221; x_wconf 78' lang='grc' dir='ltr'>κατὰ</span> 
     </span>
    </p>
   </div>
   <div class='ocr_carea' id='block_1_53' title="bbox 2167 2251 3820 2335">
    <p class='ocr_par' dir='ltr' id='par_1_53' title="bbox 2167 2251 3820 2335">
     <span class='ocr_line' id='line_1_53' title="bbox 2167 2251 3820 2335; baseline -0.002 -23"><span class='ocrx_word' id='word_1_369' title='bbox 2167 2257 2356 2314; x_wconf 65' lang='grc' dir='ltr'>ταῦτ-ὸν</span> <span class='ocrx_word' id='word_1_370' title='bbox 2388 2254 2755 2335; x_wconf 75' lang='grc' dir='ltr'>ἀναφέρονται.</span> <span class='ocrx_word' id='word_1_371' title='bbox 2804 2261 2882 2331; x_wconf 81' lang='grc' dir='ltr'><strong>Τῇ</strong></span> <span class='ocrx_word' id='word_1_372' title='bbox 2924 2252 2976 2310; x_wconf 73' lang='grc' dir='ltr'><strong>δὲ</strong></span> <span class='ocrx_word' id='word_1_373' title='bbox 3007 2251 3204 2331; x_wconf 67' lang='grc' dir='ltr'><strong>ῥάϐδῳ,</strong></span> <span class='ocrx_word' id='word_1_374' title='bbox 3259 2256 3331 2318; x_wconf 80' lang='grc' dir='ltr'>ὡς</span> <span class='ocrx_word' id='word_1_375' title='bbox 3392 2257 3419 2310; x_wconf 90' lang='lat'><strong>6</strong></span> <span class='ocrx_word' id='word_1_376' title='bbox 3463 2257 3691 2332; x_wconf 77' lang='grc' dir='ltr'>Χριστὸς</span> <span class='ocrx_word' id='word_1_377' title='bbox 3736 2254 3820 2309; x_wconf 84' lang='grc' dir='ltr'><strong>καὶ</strong></span> 
     </span>
    </p>
   </div>
   <div class='ocr_carea' id='block_1_54' title="bbox 2167 2340 3809 2422">
    <p class='ocr_par' dir='ltr' id='par_1_54' title="bbox 2167 2340 3809 2422">
     <span class='ocr_line' id='line_1_54' title="bbox 2167 2340 3809 2422; baseline 0.001 -22"><span class='ocrx_word' id='word_1_378' title='bbox 2167 2346 2298 2406; x_wconf 83' lang='grc' dir='ltr'>Θεὸς</span> <span class='ocrx_word' id='word_1_379' title='bbox 2342 2345 2496 2419; x_wconf 77' lang='grc' dir='ltr'>ἡμῶν</span> <span class='ocrx_word' id='word_1_380' title='bbox 2526 2350 2602 2417; x_wconf 82' lang='grc' dir='ltr'>τῷ</span> <span class='ocrx_word' id='word_1_381' title='bbox 2630 2341 2858 2417; x_wconf 73' lang='grc' dir='ltr'>καλάμῳ</span> <span class='ocrx_word' id='word_1_382' title='bbox 2913 2348 3010 2410; x_wconf 72' lang='grc' dir='ltr'>τῆς</span> <span class='ocrx_word' id='word_1_383' title='bbox 3067 2340 3288 2422; x_wconf 58' lang='grc' dir='ltr'>ὕϐρεως,</span> <span class='ocrx_word' id='word_1_384' title='bbox 3334 2343 3809 2419; x_wconf 79' lang='grc' dir='ltr'>ἀποσεμνύνονται.</span> 
     </span>
    </p>
   </div>
   <div class='ocr_carea' id='block_1_55' title="bbox 2165 2432 3819 2511">
    <p class='ocr_par' dir='ltr' id='par_1_55' title="bbox 2165 2432 3819 2511">
     <span class='ocr_line' id='line_1_55' title="bbox 2165 2432 3819 2511; baseline -0.002 -22"><span class='ocrx_word' id='word_1_385' title='bbox 2165 2437 2224 2490; x_wconf 76' lang='grc' dir='ltr'><strong>υἱ</strong></span> <span class='ocrx_word' id='word_1_386' title='bbox 2268 2432 2445 2489; x_wconf 81' lang='grc' dir='ltr'>λοιποὶ</span> <span class='ocrx_word' id='word_1_387' title='bbox 2501 2432 2774 2511; x_wconf 75' lang='grc' dir='ltr'>ἀρχιερεῖς</span> <span class='ocrx_word' id='word_1_388' title='bbox 2845 2433 2932 2488; x_wconf 86' lang='grc' dir='ltr'><strong>καὶ</strong></span> <span class='ocrx_word' id='word_1_389' title='bbox 3001 2432 3312 2509; x_wconf 76' lang='grc' dir='ltr'>ἡγούμενοι,</span> <span class='ocrx_word' id='word_1_390' title='bbox 3387 2435 3460 2496; x_wconf 86' lang='grc' dir='ltr'>ὡς</span> <span class='ocrx_word' id='word_1_391' title='bbox 3534 2436 3562 2489; x_wconf 88' lang='lat'><strong>6</strong></span> <span class='ocrx_word' id='word_1_392' title='bbox 3616 2432 3819 2510; x_wconf 85' lang='grc' dir='ltr'>Ἀαρὼν</span> 
     </span>
    </p>
   </div>
   <div class='ocr_carea' id='block_1_56' title="bbox 2163 2521 3809 2601">
    <p class='ocr_par' dir='ltr' id='par_1_56' title="bbox 2163 2521 3809 2601">
     <span class='ocr_line' id='line_1_56' title="bbox 2163 2521 3809 2601; baseline -0.001 -23"><span class='ocrx_word' id='word_1_393' title='bbox 2163 2528 2231 2599; x_wconf 76' lang='grc' dir='ltr'>τῇ</span> <span class='ocrx_word' id='word_1_394' title='bbox 2259 2521 2432 2600; x_wconf 64' lang='grc' dir='ltr'><strong>ῥάξδῳ</strong></span> <span class='ocrx_word' id='word_1_395' title='bbox 2474 2521 2650 2598; x_wconf 79' lang='grc' dir='ltr'>ἐκείνῃ</span> <span class='ocrx_word' id='word_1_396' title='bbox 2707 2527 2774 2597; x_wconf 78' lang='grc' dir='ltr'>τῇ</span> <span class='ocrx_word' id='word_1_397' title='bbox 2832 2521 3178 2598; x_wconf 72' lang='grc' dir='ltr'>βλαστησάσῃ</span> <span class='ocrx_word' id='word_1_398' title='bbox 3234 2522 3369 2578; x_wconf 82' lang='grc' dir='ltr'>κατὰ</span> <span class='ocrx_word' id='word_1_399' title='bbox 3439 2521 3676 2601; x_wconf 76' lang='grc' dir='ltr'>μεγάλου</span> <span class='ocrx_word' id='word_1_400' title='bbox 3707 2545 3809 2597; x_wconf 91' lang='grc' dir='ltr'>μυ-</span> 
     </span>
    </p>
   </div>
   <div class='ocr_carea' id='block_1_57' title="bbox 2162 2609 3814 2692">
    <p class='ocr_par' dir='ltr' id='par_1_57' title="bbox 2162 2609 3814 2692">
     <span class='ocr_line' id='line_1_57' title="bbox 2162 2609 3814 2692; baseline -0.001 -25"><span class='ocrx_word' id='word_1_401' title='bbox 2162 2613 2376 2692; x_wconf 73' lang='grc' dir='ltr'>στηρίου</span> <span class='ocrx_word' id='word_1_402' title='bbox 2415 2609 2771 2690; x_wconf 67' lang='grc' dir='ltr'>προδήλωσιν,</span> <span class='ocrx_word' id='word_1_403' title='bbox 2835 2610 2870 2678; x_wconf 74' lang='grc' dir='ltr'><strong>ἢ</strong></span> <span class='ocrx_word' id='word_1_404' title='bbox 2939 2613 3013 2674; x_wconf 83' lang='grc' dir='ltr'>ὡς</span> <span class='ocrx_word' id='word_1_405' title='bbox 3067 2613 3094 2666; x_wconf 90' lang='lat'><strong>6</strong></span> <span class='ocrx_word' id='word_1_406' title='bbox 3149 2610 3314 2689; x_wconf 82' lang='grc' dir='ltr'>μέγας</span> <span class='ocrx_word' id='word_1_407' title='bbox 3388 2610 3686 2674; x_wconf 81' lang='grc' dir='ltr'>ἀπόστολος</span> <span class='ocrx_word' id='word_1_408' title='bbox 3721 2610 3814 2665; x_wconf 85' lang='grc' dir='ltr'><strong>1Ιέ-</strong></span> 
     </span>
    </p>
   </div>
   <div class='ocr_carea' id='block_1_58' title="bbox 2161 2699 3808 2782">
    <p class='ocr_par' dir='ltr' id='par_1_58' title="bbox 2161 2699 3808 2782">
     <span class='ocr_line' id='line_1_58' title="bbox 2161 2699 3808 2782; baseline -0.001 -26"><span class='ocrx_word' id='word_1_409' title='bbox 2161 2723 2306 2782; x_wconf 82' lang='grc' dir='ltr'>τρος,</span> <span class='ocrx_word' id='word_1_410' title='bbox 2367 2703 2394 2758; x_wconf 89' lang='lat'><strong>6</strong></span> <span class='ocrx_word' id='word_1_411' title='bbox 2452 2700 2679 2763; x_wconf 75' lang='grc' dir='ltr'>ἀκούσας</span> <span class='ocrx_word' id='word_1_412' title='bbox 2749 2702 2890 2778; x_wconf 77' lang='grc' dir='ltr'>παρὰ</span> <span class='ocrx_word' id='word_1_413' title='bbox 2949 2707 3102 2780; x_wconf 86' lang='grc' dir='ltr'>Θεοῦ,</span> <span class='ocrx_word' id='word_1_414' title='bbox 3178 2702 3407 2776; x_wconf 83' lang='grc' dir='ltr'>Ποίμανε</span> <span class='ocrx_word' id='word_1_415' title='bbox 3454 2702 3520 2757; x_wconf 76' lang='grc' dir='ltr'><strong>τὰ</strong></span> <span class='ocrx_word' id='word_1_416' title='bbox 3579 2699 3808 2780; x_wconf 77' lang='grc' dir='ltr'>πρόϐατα</span> 
     </span>
    </p>
   </div>
   <div class='ocr_carea' id='block_1_59' title="bbox 2164 2787 3810 2870">
    <p class='ocr_par' dir='ltr' id='par_1_59' title="bbox 2164 2787 3810 2870">
     <span class='ocr_line' id='line_1_59' title="bbox 2164 2787 3810 2870; baseline -0.002 -23"><span class='ocrx_word' id='word_1_417' title='bbox 2164 2812 2286 2866; x_wconf 88' lang='grc' dir='ltr'>μου,</span> <span class='ocrx_word' id='word_1_418' title='bbox 2334 2788 2483 2847; x_wconf 85' lang='grc' dir='ltr'>Ἐπεὶ</span> <span class='ocrx_word' id='word_1_419' title='bbox 2512 2787 2568 2845; x_wconf 74' lang='grc' dir='ltr'><em>δὲ</em></span> <span class='ocrx_word' id='word_1_420' title='bbox 2624 2794 2729 2845; x_wconf 72' lang='grc' dir='ltr'>τῦν</span> <span class='ocrx_word' id='word_1_421' title='bbox 2788 2789 3004 2845; x_wconf 76' lang='grc' dir='ltr'>εἰκότων</span> <span class='ocrx_word' id='word_1_422' title='bbox 3057 2789 3195 2847; x_wconf 79' lang='grc' dir='ltr'>ἐστὶν</span> <span class='ocrx_word' id='word_1_423' title='bbox 3267 2789 3531 2870; x_wconf 80' lang='grc' dir='ltr'>ἐρωτῆσαί</span> <span class='ocrx_word' id='word_1_424' title='bbox 3562 2813 3704 2864; x_wconf 84' lang='grc' dir='ltr'>τινα,</span> <span class='ocrx_word' id='word_1_425' title='bbox 3738 2791 3810 2853; x_wconf 80' lang='grc' dir='ltr'><strong>τίς</strong></span> 
     </span>
    </p>
   </div>
   <div class='ocr_carea' id='block_1_60' title="bbox 2163 2879 3810 2960">
    <p class='ocr_par' dir='ltr' id='par_1_60' title="bbox 2163 2879 3810 2960">
     <span class='ocr_line' id='line_1_60' title="bbox 2163 2879 3810 2960; baseline -0.001 -24"><span class='ocrx_word' id='word_1_426' title='bbox 2163 2882 2198 2947; x_wconf 75' lang='grc' dir='ltr'>ἡ</span> <span class='ocrx_word' id='word_1_427' title='bbox 2227 2879 2319 2936; x_wconf 72' lang='grc' dir='ltr'><strong>τοῦ</strong></span> <span class='ocrx_word' id='word_1_428' title='bbox 2346 2880 2497 2936; x_wconf 89' lang='grc' dir='ltr'>πάπα</span> <span class='ocrx_word' id='word_1_429' title='bbox 2539 2879 2802 2953; x_wconf 88' lang='grc' dir='ltr'>σημασία,</span> <span class='ocrx_word' id='word_1_430' title='bbox 2849 2880 2936 2934; x_wconf 86' lang='grc' dir='ltr'><strong>καὶ</strong></span> <span class='ocrx_word' id='word_1_431' title='bbox 2965 2879 3042 2942; x_wconf 81' lang='grc' dir='ltr'><strong>τίς</strong></span> <span class='ocrx_word' id='word_1_432' title='bbox 3089 2881 3123 2947; x_wconf 80' lang='grc' dir='ltr'>ἡ</span> <span class='ocrx_word' id='word_1_433' title='bbox 3167 2887 3260 2936; x_wconf 85' lang='grc' dir='ltr'><strong>τοῦ</strong></span> <span class='ocrx_word' id='word_1_434' title='bbox 3303 2881 3639 2960; x_wconf 78' lang='grc' dir='ltr'>πατριάρχου</span> <span class='ocrx_word' id='word_1_435' title='bbox 3683 2880 3810 2957; x_wconf 82' lang='grc' dir='ltr'>ἐστὶ,</span> 
     </span>
    </p>
   </div>
   <div class='ocr_carea' id='block_1_61' title="bbox 2164 2967 3811 3047">
    <p class='ocr_par' dir='ltr' id='par_1_61' title="bbox 2164 2967 3811 3047">
     <span class='ocr_line' id='line_1_61' title="bbox 2164 2967 3811 3047; baseline -0.002 -21"><span class='ocrx_word' id='word_1_436' title='bbox 2164 2970 2250 3026; x_wconf 84' lang='grc' dir='ltr'><strong>καὶ</strong></span> <span class='ocrx_word' id='word_1_437' title='bbox 2279 2970 2356 3032; x_wconf 88' lang='grc' dir='ltr'><strong>τίς</strong></span> <span class='ocrx_word' id='word_1_438' title='bbox 2497 2973 2588 3024; x_wconf 85' lang='grc' dir='ltr'><strong>τοῦ</strong></span> <span class='ocrx_word' id='word_1_439' title='bbox 2630 2967 3078 3047; x_wconf 79' lang='grc' dir='ltr'>ἆρχιεπισκόπου,</span> <span class='ocrx_word' id='word_1_440' title='bbox 3150 2971 3236 3025; x_wconf 88' lang='grc' dir='ltr'><strong>καὶ</strong></span> <span class='ocrx_word' id='word_1_441' title='bbox 3304 2967 3441 3025; x_wconf 81' lang='grc' dir='ltr'>διατί</span> <span class='ocrx_word' id='word_1_442' title='bbox 3495 2977 3604 3026; x_wconf 82' lang='grc' dir='ltr'><strong>τῶν</strong></span> <span class='ocrx_word' id='word_1_443' title='bbox 3662 2967 3811 3024; x_wconf 78' lang='grc' dir='ltr'>πέντε</span> 
     </span>
    </p>
   </div>
   <div class='ocr_carea' id='block_1_62' title="bbox 2163 3055 3808 3138">
    <p class='ocr_par' dir='ltr' id='par_1_62' title="bbox 2163 3055 3808 3138">
     <span class='ocr_line' id='line_1_62' title="bbox 2163 3055 3808 3138; baseline -0.002 -24"><span class='ocrx_word' id='word_1_444' title='bbox 2163 3056 2407 3138; x_wconf 67' lang='grc' dir='ltr'>κεφαλῶν</span> <span class='ocrx_word' id='word_1_445' title='bbox 2443 3058 2477 3124; x_wconf 75' lang='grc' dir='ltr'><strong>ἡ</strong></span> <span class='ocrx_word' id='word_1_446' title='bbox 2522 3055 2618 3122; x_wconf 80' lang='grc' dir='ltr'><strong>μὲν</strong></span> <span class='ocrx_word' id='word_1_447' title='bbox 2681 3055 2913 3134; x_wconf 78' lang='grc' dir='ltr'>ἐνέργεια</span> <span class='ocrx_word' id='word_1_448' title='bbox 2955 3057 3043 3113; x_wconf 87' lang='grc' dir='ltr'><strong>καὶ</strong></span> <span class='ocrx_word' id='word_1_449' title='bbox 3099 3057 3165 3112; x_wconf 80' lang='grc' dir='ltr'>τὰ</span> <span class='ocrx_word' id='word_1_450' title='bbox 3219 3057 3482 3136; x_wconf 86' lang='grc' dir='ltr'>προνόμια</span> <span class='ocrx_word' id='word_1_451' title='bbox 3539 3059 3808 3129; x_wconf 77' lang='grc' dir='ltr'>ταυτίζον-</span> 
     </span>
    </p>
   </div>
   <div class='ocr_carea' id='block_1_63' title="bbox 430 3143 2079 3233">
    <p class='ocr_par' dir='ltr' id='par_1_63' title="bbox 430 3144 2079 3213">
     <span class='ocr_line' id='line_1_63' title="bbox 430 3144 2079 3213; baseline 0.004 -6"><span class='ocrx_word' id='word_1_452' title='bbox 430 3163 565 3208; x_wconf 90' lang='lat' dir='ltr'><strong>cum</strong></span> <span class='ocrx_word' id='word_1_453' title='bbox 609 3145 960 3208; x_wconf 90' lang='lat' dir='ltr'><strong>eorumdem</strong></span> <span class='ocrx_word' id='word_1_454' title='bbox 1013 3145 1259 3208; x_wconf 89' lang='lat' dir='ltr'><strong>nomina</strong></span> <span class='ocrx_word' id='word_1_455' title='bbox 1302 3144 1422 3207; x_wconf 92' lang='lat' dir='ltr'><strong>sint</strong></span> <span class='ocrx_word' id='word_1_456' title='bbox 1479 3146 1713 3208; x_wconf 90' lang='lat' dir='ltr'><strong>diversa</strong></span> <span class='ocrx_word' id='word_1_457' title='bbox 1748 3165 1760 3208; x_wconf 94' lang='lat'><strong>:</strong></span> <span class='ocrx_word' id='word_1_458' title='bbox 1797 3167 2079 3213; x_wconf 90' lang='lat' dir='ltr'><strong>necessa—</strong></span> 
     </span>
    </p>
   </div>
   <div class='ocr_carea' id='block_1_64' title="bbox 2168 3143 3810 3233">
    <p class='ocr_par' dir='ltr' id='par_1_64' title="bbox 2168 3143 3810 3223">
     <span class='ocr_line' id='line_1_64' title="bbox 2168 3143 3810 3223; baseline -0.001 -21"><span class='ocrx_word' id='word_1_459' title='bbox 2168 3169 2274 3220; x_wconf 85' lang='grc' dir='ltr'>ται,</span> <span class='ocrx_word' id='word_1_460' title='bbox 2328 3145 2502 3210; x_wconf 83' lang='grc' dir='ltr'>καθὼς</span> <span class='ocrx_word' id='word_1_461' title='bbox 2560 3143 2880 3216; x_wconf 77' lang='grc' dir='ltr'>διείληπται,</span> <span class='ocrx_word' id='word_1_462' title='bbox 2953 3147 3018 3202; x_wconf 81' lang='grc' dir='ltr'>τὰ</span> <span class='ocrx_word' id='word_1_463' title='bbox 3073 3144 3128 3202; x_wconf 72' lang='grc' dir='ltr'>δὲ</span> <span class='ocrx_word' id='word_1_464' title='bbox 3189 3148 3424 3223; x_wconf 77' lang='grc' dir='ltr'>ὀνόματα</span> <span class='ocrx_word' id='word_1_465' title='bbox 3481 3149 3686 3204; x_wconf 88' lang='grc' dir='ltr'>τούτων</span> <span class='ocrx_word' id='word_1_466' title='bbox 3719 3149 3810 3202; x_wconf 78' lang='grc' dir='ltr'>εἶσὶ</span> 
     </span>
    </p>
   </div>
   <div class='ocr_carea' id='block_1_65' title="bbox 424 3232 2079 3320">
    <p class='ocr_par' dir='ltr' id='par_1_65' title="bbox 424 3237 2079 3320">
     <span class='ocr_line' id='line_1_65' title="bbox 424 3237 2079 3320; baseline 0.003 -20"><span class='ocrx_word' id='word_1_467' title='bbox 424 3237 516 3300; x_wconf 89' lang='lat' dir='ltr'><strong>rio</strong></span> <span class='ocrx_word' id='word_1_468' title='bbox 549 3239 882 3320; x_wconf 87' lang='lat' dir='ltr'><strong>putavimus</strong></span> <span class='ocrx_word' id='word_1_469' title='bbox 914 3239 1127 3302; x_wconf 91' lang='lat' dir='ltr'><strong>horum</strong></span> <span class='ocrx_word' id='word_1_470' title='bbox 1173 3255 1407 3320; x_wconf 82' lang='lat' dir='ltr'><strong>quoque</strong></span> <span class='ocrx_word' id='word_1_471' title='bbox 1453 3238 1612 3300; x_wconf 88' lang='lat' dir='ltr'><strong>velut</strong></span> <span class='ocrx_word' id='word_1_472' title='bbox 1660 3239 1890 3319; x_wconf 89' lang='lat' dir='ltr'><strong>apicem</strong></span> <span class='ocrx_word' id='word_1_473' title='bbox 1945 3251 2079 3305; x_wconf 88' lang='lat' dir='ltr'><strong>tau-</strong></span> 
     </span>
    </p>
   </div>
   <div class='ocr_carea' id='block_1_66' title="bbox 2168 3232 3817 3320">
    <p class='ocr_par' dir='ltr' id='par_1_66' title="bbox 2168 3232 3817 3316">
     <span class='ocr_line' id='line_1_66' title="bbox 2168 3232 3817 3316; baseline 0.001 -25"><span class='ocrx_word' id='word_1_474' title='bbox 2168 3235 2409 3316; x_wconf 74' lang='grc' dir='ltr'>διάφορα,</span> <span class='ocrx_word' id='word_1_475' title='bbox 2471 3232 2587 3291; x_wconf 82' lang='grc' dir='ltr'>δέον</span> <span class='ocrx_word' id='word_1_476' title='bbox 2658 3233 3009 3312; x_wconf 79' lang='grc' dir='ltr'>ἐλογισάμεθα</span> <span class='ocrx_word' id='word_1_477' title='bbox 3066 3237 3154 3291; x_wconf 85' lang='grc' dir='ltr'><strong>καὶ</strong></span> <span class='ocrx_word' id='word_1_478' title='bbox 3206 3238 3272 3292; x_wconf 82' lang='grc' dir='ltr'><strong>τὰ</strong></span> <span class='ocrx_word' id='word_1_479' title='bbox 3328 3238 3445 3315; x_wconf 87' lang='grc' dir='ltr'>περὶ</span> <span class='ocrx_word' id='word_1_480' title='bbox 3500 3239 3707 3294; x_wconf 89' lang='grc' dir='ltr'>τούτων</span> <span class='ocrx_word' id='word_1_481' title='bbox 3739 3235 3817 3292; x_wconf 78' lang='grc' dir='ltr'>ἐκ·</span> 
     </span>
    </p>
   </div>
   <div class='ocr_carea' id='block_1_67' title="bbox 428 3328 720 3407">
    <p class='ocr_par' dir='ltr' id='par_1_67' title="bbox 428 3328 720 3407">
     <span class='ocr_line' id='line_1_67' title="bbox 428 3328 720 3407; baseline 0 -16"><span class='ocrx_word' id='word_1_482' title='bbox 428 3328 694 3407; x_wconf 84' lang='lat' dir='ltr'><strong>gendum</strong></span> <span class='ocrx_word' id='word_1_483' title='bbox 707 3376 720 3391; x_wconf 94' lang='lat'><strong>.</strong></span> 
     </span>
    </p>
   </div>
   <div class='ocr_carea' id='block_1_68' title="bbox 505 3417 2076 3502">
    <p class='ocr_par' dir='ltr' id='par_1_68' title="bbox 505 3417 2076 3502">
     <span class='ocr_line' id='line_1_68' title="bbox 505 3417 2076 3502; baseline 0.004 -22"><span class='ocrx_word' id='word_1_484' title='bbox 505 3417 678 3499; x_wconf 77' lang='lat' dir='ltr'><strong>Apud</strong></span> <span class='ocrx_word' id='word_1_485' title='bbox 725 3418 965 3482; x_wconf 88' lang='lat' dir='ltr'><strong>Latinos</strong></span> <span class='ocrx_word' id='word_1_486' title='bbox 1013 3435 1162 3499; x_wconf 86' lang='lat' dir='ltr'><strong>papa</strong></span> <span class='ocrx_word' id='word_1_487' title='bbox 1189 3417 1414 3481; x_wconf 91' lang='lat' dir='ltr'><strong>dicitur</strong></span> <span class='ocrx_word' id='word_1_488' title='bbox 1442 3419 1637 3483; x_wconf 91' lang='lat' dir='ltr'><strong>Pater.</strong></span> <span class='ocrx_word' id='word_1_489' title='bbox 1683 3424 1752 3484; x_wconf 83' lang='lat' dir='ltr'><strong>Et</strong></span> <span class='ocrx_word' id='word_1_490' title='bbox 1783 3423 1934 3502; x_wconf 90' lang='lat' dir='ltr'><strong>apud</strong></span> <span class='ocrx_word' id='word_1_491' title='bbox 1967 3425 2076 3488; x_wconf 81' lang='lat' dir='ltr'><strong>Ju-</strong></span> 
     </span>
    </p>
   </div>
   <div class='ocr_carea' id='block_1_69' title="bbox 424 3505 2081 3591">
    <p class='ocr_par' dir='ltr' id='par_1_69' title="bbox 424 3505 2081 3591">
     <span class='ocr_line' id='line_1_69' title="bbox 424 3505 2081 3591; baseline 0.004 -22"><span class='ocrx_word' id='word_1_492' title='bbox 424 3505 585 3570; x_wconf 70' lang='lat' dir='ltr'><strong>dteos</strong></span> <span class='ocrx_word' id='word_1_493' title='bbox 614 3507 948 3586; x_wconf 82' lang='lat' dir='ltr'><strong>patriarcha</strong></span> <span class='ocrx_word' id='word_1_494' title='bbox 979 3508 1201 3570; x_wconf 84' lang='lat' dir='ltr'><strong>dicitur</strong></span> <span class='ocrx_word' id='word_1_495' title='bbox 1233 3507 1516 3591; x_wconf 86' lang='lat' dir='ltr'><strong>princeps</strong></span> <span class='ocrx_word' id='word_1_496' title='bbox 1533 3511 1656 3574; x_wconf 88' lang='lat' dir='ltr'><strong>sive</strong></span> <span class='ocrx_word' id='word_1_497' title='bbox 1668 3514 1848 3575; x_wconf 88' lang='lat' dir='ltr'><strong>Pater</strong></span> <span class='ocrx_word' id='word_1_498' title='bbox 1863 3513 2081 3591; x_wconf 85' lang='lat' dir='ltr'><strong>patria-</strong></span> 
     </span>
    </p>
   </div>
   <div class='ocr_carea' id='block_1_70' title="bbox 422 3597 2074 3683">
    <p class='ocr_par' dir='ltr' id='par_1_70' title="bbox 422 3597 2074 3683">
     <span class='ocr_line' id='line_1_70' title="bbox 422 3597 2074 3683; baseline 0.004 -25"><span class='ocrx_word' id='word_1_499' title='bbox 422 3615 578 3659; x_wconf 88' lang='lat' dir='ltr'><strong>rnm.</strong></span> <span class='ocrx_word' id='word_1_500' title='bbox 628 3597 918 3660; x_wconf 92' lang='lat' dir='ltr'><strong>Similiter</strong></span> <span class='ocrx_word' id='word_1_501' title='bbox 961 3597 1470 3680; x_wconf 85' lang='lat' dir='ltr'><strong>archiepiscopus,</strong></span> <span class='ocrx_word' id='word_1_502' title='bbox 1505 3601 1618 3662; x_wconf 91' lang='lat' dir='ltr'><strong>erit</strong></span> <span class='ocrx_word' id='word_1_503' title='bbox 1659 3601 2074 3683; x_wconf 86' lang='lat' dir='ltr'><strong>episcoporum</strong></span> 
     </span>
    </p>
   </div>
   <div class='ocr_carea' id='block_1_71' title="bbox 423 3687 2074 3772">
    <p class='ocr_par' dir='ltr' id='par_1_71' title="bbox 423 3687 2074 3772">
     <span class='ocr_line' id='line_1_71' title="bbox 423 3687 2074 3772; baseline 0.003 -25"><span class='ocrx_word' id='word_1_504' title='bbox 423 3687 620 3749; x_wconf 87' lang='lat' dir='ltr'><strong>Pater.</strong></span> <span class='ocrx_word' id='word_1_505' title='bbox 657 3687 822 3750; x_wconf 85' lang='lat' dir='ltr'><strong>Licet</strong></span> <span class='ocrx_word' id='word_1_506' title='bbox 851 3705 990 3767; x_wconf 81' lang='lat' dir='ltr'><strong>ergo</strong></span> <span class='ocrx_word' id='word_1_507' title='bbox 1023 3704 1212 3768; x_wconf 78' lang='lat' dir='ltr'><strong>papae,</strong></span> <span class='ocrx_word' id='word_1_508' title='bbox 1249 3687 1625 3768; x_wconf 72' lang='lat' dir='ltr'><strong>patriarchae,</strong></span> <span class='ocrx_word' id='word_1_509' title='bbox 1665 3699 1722 3751; x_wconf 89' lang='lat' dir='ltr'><strong>et</strong></span> <span class='ocrx_word' id='word_1_510' title='bbox 1771 3692 2074 3772; x_wconf 89' lang='lat' dir='ltr'><strong>archiepi-</strong></span> 
     </span>
    </p>
   </div>
   <div class='ocr_carea' id='block_1_72' title="bbox 421 3775 2073 3857">
    <p class='ocr_par' dir='ltr' id='par_1_72' title="bbox 421 3775 2073 3857">
     <span class='ocr_line' id='line_1_72' title="bbox 421 3775 2073 3857; baseline 0.005 -21"><span class='ocrx_word' id='word_1_511' title='bbox 421 3775 589 3857; x_wconf 87' lang='lat' dir='ltr'><strong>scopi</strong></span> <span class='ocrx_word' id='word_1_512' title='bbox 635 3777 988 3856; x_wconf 82' lang='lat' dir='ltr'><strong>signiﬂcata,</strong></span> <span class='ocrx_word' id='word_1_513' title='bbox 1051 3778 1267 3856; x_wconf 72' lang='lat' dir='ltr'><strong>linguae</strong></span> <span class='ocrx_word' id='word_1_514' title='bbox 1326 3778 1558 3841; x_wconf 84' lang='lat' dir='ltr'><strong>ratione</strong></span> <span class='ocrx_word' id='word_1_515' title='bbox 1617 3781 1851 3842; x_wconf 86' lang='lat' dir='ltr'><strong>diversa</strong></span> <span class='ocrx_word' id='word_1_516' title='bbox 1913 3791 2073 3852; x_wconf 79' lang='lat' dir='ltr'><strong>sunt.</strong></span> 
     </span>
    </p>
   </div>
   <div class='ocr_carea' id='block_1_73' title="bbox 420 3865 2076 3948">
    <p class='ocr_par' dir='ltr' id='par_1_73' title="bbox 420 3865 2076 3948">
     <span class='ocr_line' id='line_1_73' title="bbox 420 3865 2076 3948; baseline 0.003 -21"><span class='ocrx_word' id='word_1_517' title='bbox 420 3865 584 3928; x_wconf 89' lang='lat' dir='ltr'><strong>nullo</strong></span> <span class='ocrx_word' id='word_1_518' title='bbox 614 3873 813 3929; x_wconf 87' lang='lat' dir='ltr'><strong>tamen</strong></span> <span class='ocrx_word' id='word_1_519' title='bbox 863 3868 1038 3929; x_wconf 87' lang='lat' dir='ltr'><strong>modo</strong></span> <span class='ocrx_word' id='word_1_520' title='bbox 1081 3874 1376 3948; x_wconf 86' lang='lat' dir='ltr'><strong>potestate</strong></span> <span class='ocrx_word' id='word_1_521' title='bbox 1430 3867 1736 3934; x_wconf 77' lang='lat' dir='ltr'><strong>dili‘erunt.</strong></span> <span class='ocrx_word' id='word_1_522' title='bbox 1775 3871 2076 3944; x_wconf 83' lang='lat' dir='ltr'><strong>Quamob-</strong></span> 
     </span>
    </p>
   </div>
   <div class='ocr_carea' id='block_1_74' title="bbox 416 3956 2080 4040">
    <p class='ocr_par' dir='ltr' id='par_1_74' title="bbox 416 3956 2080 4040">
     <span class='ocr_line' id='line_1_74' title="bbox 416 3956 2080 4040; baseline 0.004 -24"><span class='ocrx_word' id='word_1_523' title='bbox 416 3972 546 4016; x_wconf 89' lang='lat' dir='ltr'><strong>rem</strong></span> <span class='ocrx_word' id='word_1_524' title='bbox 589 3972 801 4018; x_wconf 89' lang='lat' dir='ltr'><strong>omnes</strong></span> <span class='ocrx_word' id='word_1_525' title='bbox 853 3956 1031 4019; x_wconf 90' lang='lat' dir='ltr'><strong>etiam</strong></span> <span class='ocrx_word' id='word_1_526' title='bbox 1089 3956 1395 4019; x_wconf 91' lang='lat' dir='ltr'><strong>communi</strong></span> <span class='ocrx_word' id='word_1_527' title='bbox 1445 3959 1687 4020; x_wconf 90' lang='lat' dir='ltr'><strong>nomine</strong></span> <span class='ocrx_word' id='word_1_528' title='bbox 1731 3961 2080 4040; x_wconf 72' lang='lat' dir='ltr'><strong>patriarcha:</strong></span> 
     </span>
    </p>
   </div>
   <div class='ocr_carea' id='block_1_75' title="bbox 2164 3326 2492 3407">
    <p class='ocr_par' dir='ltr' id='par_1_75' title="bbox 2164 3326 2492 3407">
     <span class='ocr_line' id='line_1_75' title="bbox 2164 3326 2492 3407; baseline -0.003 -26"><span class='ocrx_word' id='word_1_529' title='bbox 2164 3326 2466 3407; x_wconf 70' lang='grc' dir='ltr'>κορυφῶσαι</span> <span class='ocrx_word' id='word_1_530' title='bbox 2479 3373 2492 3388; x_wconf 91' lang='grc'><strong>,</strong></span> 
     </span>
    </p>
   </div>
   <div class='ocr_carea' id='block_1_76' title="bbox 2245 3410 3817 3495">
    <p class='ocr_par' dir='ltr' id='par_1_76' title="bbox 2245 3410 3817 3495">
     <span class='ocr_line' id='line_1_76' title="bbox 2245 3410 3817 3495; baseline -0.001 -25"><span class='ocrx_word' id='word_1_531' title='bbox 2245 3415 2430 3479; x_wconf 83' lang='grc' dir='ltr'>Πάπας</span> <span class='ocrx_word' id='word_1_532' title='bbox 2499 3413 2639 3492; x_wconf 76' lang='grc' dir='ltr'>παρὰ</span> <span class='ocrx_word' id='word_1_533' title='bbox 2709 3413 2951 3474; x_wconf 80' lang='grc' dir='ltr'>Λατίνοις</span> <span class='ocrx_word' id='word_1_534' title='bbox 3008 3410 3264 3480; x_wconf 81' lang='grc' dir='ltr'>κέκληται</span> <span class='ocrx_word' id='word_1_535' title='bbox 3345 3415 3374 3469; x_wconf 92' lang='lat'><strong>6</strong></span> <span class='ocrx_word' id='word_1_536' title='bbox 3450 3413 3659 3495; x_wconf 78' lang='grc' dir='ltr'>Πατὴρ,</span> <span class='ocrx_word' id='word_1_537' title='bbox 3723 3415 3817 3471; x_wconf 84' lang='grc' dir='ltr'><strong>Καὶ</strong></span> 
     </span>
    </p>
   </div>
   <div class='ocr_carea' id='block_1_77' title="bbox 2161 3499 3815 3582">
    <p class='ocr_par' dir='ltr' id='par_1_77' title="bbox 2161 3499 3815 3582">
     <span class='ocr_line' id='line_1_77' title="bbox 2161 3499 3815 3582; baseline -0.001 -22"><span class='ocrx_word' id='word_1_538' title='bbox 2161 3503 2303 3582; x_wconf 73' lang='grc' dir='ltr'>παρὰ</span> <span class='ocrx_word' id='word_1_539' title='bbox 2333 3499 2600 3565; x_wconf 77' lang='grc' dir='ltr'>Ἰουδαίοις</span> <span class='ocrx_word' id='word_1_540' title='bbox 2632 3501 2998 3579; x_wconf 81' lang='grc' dir='ltr'>πατριάρχης,</span> <span class='ocrx_word' id='word_1_541' title='bbox 3055 3501 3084 3556; x_wconf 90' lang='lat'><strong>6</strong></span> <span class='ocrx_word' id='word_1_542' title='bbox 3139 3499 3322 3580; x_wconf 75' lang='grc' dir='ltr'>ἅρχων</span> <span class='ocrx_word' id='word_1_543' title='bbox 3381 3500 3501 3567; x_wconf 72' lang='grc' dir='ltr'>ἤτοι</span> <span class='ocrx_word' id='word_1_544' title='bbox 3573 3505 3606 3558; x_wconf 90' lang='lat'><strong>6</strong></span> <span class='ocrx_word' id='word_1_545' title='bbox 3637 3501 3815 3580; x_wconf 77' lang='grc' dir='ltr'>Πατὴρ</span> 
     </span>
    </p>
   </div>
   <div class='ocr_carea' id='block_1_78' title="bbox 2160 3588 3814 3671">
    <p class='ocr_par' dir='ltr' id='par_1_78' title="bbox 2160 3588 3814 3671">
     <span class='ocr_line' id='line_1_78' title="bbox 2160 3588 3814 3671; baseline -0.001 -23"><span class='ocrx_word' id='word_1_546' title='bbox 2160 3601 2263 3649; x_wconf 70' lang='grc' dir='ltr'>τῶν</span> <span class='ocrx_word' id='word_1_547' title='bbox 2294 3597 2554 3671; x_wconf 82' lang='grc' dir='ltr'>πατριῶν.</span> <span class='ocrx_word' id='word_1_548' title='bbox 2619 3591 2716 3647; x_wconf 83' lang='grc' dir='ltr'><strong>Καὶ</strong></span> <span class='ocrx_word' id='word_1_549' title='bbox 2773 3588 3191 3668; x_wconf 80' lang='grc' dir='ltr'>ἀρχιεπίσκοπος</span> <span class='ocrx_word' id='word_1_550' title='bbox 3248 3591 3471 3666; x_wconf 81' lang='grc' dir='ltr'>ὁμοίως,</span> <span class='ocrx_word' id='word_1_551' title='bbox 3518 3593 3546 3646; x_wconf 87' lang='lat'><strong>6</strong></span> <span class='ocrx_word' id='word_1_552' title='bbox 3591 3590 3814 3648; x_wconf 82' lang='grc' dir='ltr'>ἐπισκό-</span> 
     </span>
    </p>
   </div>
   <div class='ocr_carea' id='block_1_79' title="bbox 2158 3677 3813 3759">
    <p class='ocr_par' dir='ltr' id='par_1_79' title="bbox 2158 3677 3813 3759">
     <span class='ocr_line' id='line_1_79' title="bbox 2158 3677 3813 3759; baseline 0.002 -23"><span class='ocrx_word' id='word_1_553' title='bbox 2158 3703 2273 3737; x_wconf 83' lang='grc' dir='ltr'><strong>πων</strong></span> <span class='ocrx_word' id='word_1_554' title='bbox 2305 3682 2505 3758; x_wconf 75' lang='grc' dir='ltr'>Πατήρ.</span> <span class='ocrx_word' id='word_1_555' title='bbox 2542 3679 2649 3735; x_wconf 75' lang='grc' dir='ltr'>Κᾶν</span> <span class='ocrx_word' id='word_1_556' title='bbox 2673 3677 2823 3756; x_wconf 70' lang='grc' dir='ltr'>ίγοῦν</span> <span class='ocrx_word' id='word_1_557' title='bbox 2881 3678 2980 3734; x_wconf 83' lang='grc' dir='ltr'>ὦσι</span> <span class='ocrx_word' id='word_1_558' title='bbox 3037 3685 3130 3734; x_wconf 88' lang='grc' dir='ltr'><strong>τοῦ</strong></span> <span class='ocrx_word' id='word_1_559' title='bbox 3172 3680 3346 3754; x_wconf 85' lang='grc' dir='ltr'>πάπα,</span> <span class='ocrx_word' id='word_1_560' title='bbox 3405 3683 3500 3736; x_wconf 74' lang='grc' dir='ltr'><strong>τοῦ</strong></span> <span class='ocrx_word' id='word_1_561' title='bbox 3551 3681 3813 3759; x_wconf 77' lang='grc' dir='ltr'>πατριάρ-</span> 
     </span>
    </p>
   </div>
   <div class='ocr_carea' id='block_1_80' title="bbox 2160 3767 3811 3849">
    <p class='ocr_par' dir='ltr' id='par_1_80' title="bbox 2160 3767 3811 3849">
     <span class='ocr_line' id='line_1_80' title="bbox 2160 3767 3811 3849; baseline -0.001 -23"><span class='ocrx_word' id='word_1_562' title='bbox 2160 3792 2286 3849; x_wconf 77' lang='grc' dir='ltr'>χου,</span> <span class='ocrx_word' id='word_1_563' title='bbox 2321 3771 2524 3826; x_wconf 87' lang='grc' dir='ltr'>καὶτοῦ</span> <span class='ocrx_word' id='word_1_564' title='bbox 2581 3767 3006 3846; x_wconf 81' lang='grc' dir='ltr'>ἀρχιεπισκόπου</span> <span class='ocrx_word' id='word_1_565' title='bbox 3061 3769 3126 3823; x_wconf 77' lang='grc' dir='ltr'><strong>τὰ</strong></span> <span class='ocrx_word' id='word_1_566' title='bbox 3181 3769 3546 3844; x_wconf 86' lang='grc' dir='ltr'>σημαινόμενα</span> <span class='ocrx_word' id='word_1_567' title='bbox 3576 3778 3649 3847; x_wconf 76' lang='grc' dir='ltr'>τῇ</span> <span class='ocrx_word' id='word_1_568' title='bbox 3695 3767 3811 3826; x_wconf 83' lang='grc' dir='ltr'>δια-</span> 
     </span>
    </p>
   </div>
   <div class='ocr_carea' id='block_1_81' title="bbox 2161 3852 3810 3938">
    <p class='ocr_par' dir='ltr' id='par_1_81' title="bbox 2161 3852 3810 3938">
     <span class='ocr_line' id='line_1_81' title="bbox 2161 3852 3810 3938; baseline 0.001 -24"><span class='ocrx_word' id='word_1_569' title='bbox 2161 3859 2333 3933; x_wconf 70' lang='grc' dir='ltr'>λέκτῳ</span> <span class='ocrx_word' id='word_1_570' title='bbox 2361 3857 2604 3937; x_wconf 73' lang='grc' dir='ltr'>διάφορα,</span> <span class='ocrx_word' id='word_1_571' title='bbox 2663 3855 2800 3912; x_wconf 76' lang='grc' dir='ltr'>ἀλλὰ</span> <span class='ocrx_word' id='word_1_572' title='bbox 2842 3852 3060 3931; x_wconf 79' lang='grc' dir='ltr'>δυνάμει</span> <span class='ocrx_word' id='word_1_573' title='bbox 3117 3858 3253 3913; x_wconf 84' lang='grc' dir='ltr'>κατὰ</span> <span class='ocrx_word' id='word_1_574' title='bbox 3323 3857 3487 3935; x_wconf 80' lang='grc' dir='ltr'>μηδὲν</span> <span class='ocrx_word' id='word_1_575' title='bbox 3532 3856 3810 3938; x_wconf 71' lang='grc' dir='ltr'>διαφέρου-</span> 
     </span>
    </p>
   </div>
   <div class='ocr_carea' id='block_1_82' title="bbox 2164 3946 3810 4028">
    <p class='ocr_par' dir='ltr' id='par_1_82' title="bbox 2164 3946 3810 4028">
     <span class='ocr_line' id='line_1_82' title="bbox 2164 3946 3810 4028; baseline -0.002 -23"><span class='ocrx_word' id='word_1_576' title='bbox 2164 3973 2241 4010; x_wconf 92' lang='grc' dir='ltr'>σι.</span> <span class='ocrx_word' id='word_1_577' title='bbox 2310 3950 2403 4004; x_wconf 85' lang='grc' dir='ltr'><strong>Διὸ</strong></span> <span class='ocrx_word' id='word_1_578' title='bbox 2472 3948 2559 4004; x_wconf 81' lang='grc' dir='ltr'>καὶ</span> <span class='ocrx_word' id='word_1_579' title='bbox 2656 3946 2821 4008; x_wconf 88' lang='grc' dir='ltr'>πάνες</span> <span class='ocrx_word' id='word_1_580' title='bbox 2921 3953 3082 4021; x_wconf 86' lang='grc' dir='ltr'>κοινῷ</span> <span class='ocrx_word' id='word_1_581' title='bbox 3175 3947 3395 4022; x_wconf 77' lang='grc' dir='ltr'>ὀνόματι</span> <span class='ocrx_word' id='word_1_582' title='bbox 3484 3949 3810 4028; x_wconf 80' lang='grc' dir='ltr'>πατριάρχαι</span> 
     </span>
    </p>
   </div>
   <div class='ocr_carea' id='block_1_83' title="bbox 419 4026 2079 4134">
    <p class='ocr_par' dir='ltr' id='par_1_83' title="bbox 419 4026 2068 4130">
     <span class='ocr_line' id='line_1_83' title="bbox 419 4026 2068 4130; baseline 0.004 -25"><span class='ocrx_word' id='word_1_583' title='bbox 419 4043 724 4107; x_wconf 90' lang='lat' dir='ltr'><strong>dicuntur.</strong></span> <span class='ocrx_word' id='word_1_584' title='bbox 757 4047 1008 4108; x_wconf 89' lang='lat' dir='ltr'><strong>Sanctus</strong></span> <span class='ocrx_word' id='word_1_585' title='bbox 1064 4045 1434 4127; x_wconf 90' lang='lat' dir='ltr'><strong>quidemille</strong></span> <span class='ocrx_word' id='word_1_586' title='bbox 1465 4026 1773 4123; x_wconf 74' lang='lat' dir='ltr'><strong>Silvester,</strong></span> <span class='ocrx_word' id='word_1_587' title='bbox 1809 4051 1908 4130; x_wconf 88' lang='lat' dir='ltr'><strong>qui</strong></span> <span class='ocrx_word' id='word_1_588' title='bbox 1943 4052 2068 4130; x_wconf 87' lang='lat' dir='ltr'><strong>pri-</strong></span> 
     </span>
    </p>
   </div>
   <div class='ocr_carea' id='block_1_84' title="bbox 2168 4026 3812 4134">
    <p class='ocr_par' dir='ltr' id='par_1_84' title="bbox 2168 4026 3812 4117">
     <span class='ocr_line' id='line_1_84' title="bbox 2168 4026 3812 4117; baseline -0.007 -14"><span class='ocrx_word' id='word_1_589' title='bbox 2168 4039 2632 4113; x_wconf 70' lang='grc' dir='ltr'>κατονομάζονται.</span> <span class='ocrx_word' id='word_1_590' title='bbox 2695 4026 2752 4092; x_wconf 64' lang='grc' dir='ltr'><strong>εΟ</strong></span> <span class='ocrx_word' id='word_1_591' title='bbox 2809 4041 2934 4113; x_wconf 84' lang='grc' dir='ltr'>γοῦν</span> <span class='ocrx_word' id='word_1_592' title='bbox 2993 4036 3219 4116; x_wconf 74' lang='grc' dir='ltr'>πφώτως</span> <span class='ocrx_word' id='word_1_593' title='bbox 3285 4026 3812 4117; x_wconf 20' lang='grc' dir='ltr'>ἀρχιερατεύσαςηέν</span> 
     </span>
    </p>
   </div>
   <div class='ocr_carea' id='block_1_85' title="bbox 424 4121 2079 4230">
    <p class='ocr_par' dir='ltr' id='par_1_85' title="bbox 424 4121 2071 4230">
     <span class='ocr_line' id='line_1_85' title="bbox 424 4121 2071 4230; baseline 0.002 -35"><span class='ocrx_word' id='word_1_594' title='bbox 424 4151 564 4230; x_wconf 71' lang='lat' dir='ltr'><strong>nius</strong></span> <span class='ocrx_word' id='word_1_595' title='bbox 585 4135 794 4230; x_wconf 70' lang='lat' dir='ltr'><strong>Roma:</strong></span> <span class='ocrx_word' id='word_1_596' title='bbox 825 4121 1258 4230; x_wconf 58' lang='lat' dir='ltr'><strong>pontiﬁcatum_</strong></span> <span class='ocrx_word' id='word_1_597' title='bbox 1290 4136 1567 4230; x_wconf 80' lang='lat' dir='ltr'><strong>obtinuit,</strong></span> <span class='ocrx_word' id='word_1_598' title='bbox 1601 4145 1661 4197; x_wconf 91' lang='lat' dir='ltr'><strong>et</strong></span> <span class='ocrx_word' id='word_1_599' title='bbox 1679 4121 1788 4230; x_wconf 82' lang='lat' dir='ltr'><strong>qui</strong></span> <span class='ocrx_word' id='word_1_600' title='bbox 1829 4121 2071 4218; x_wconf 44' lang='lat' dir='ltr'><strong>&#39;prir&#39;nns</strong></span> 
     </span>
    </p>
   </div>
   <div class='ocr_carea' id='block_1_86' title="bbox 2168 4121 3808 4230">
    <p class='ocr_par' dir='ltr' id='par_1_86' title="bbox 2168 4121 3808 4205">
     <span class='ocr_line' id='line_1_86' title="bbox 2168 4121 3808 4205; baseline -0.001 -23"><span class='ocrx_word' id='word_1_601' title='bbox 2168 4121 2339 4204; x_wconf 77' lang='grc' dir='ltr'>Ῥώμῃ</span> <span class='ocrx_word' id='word_1_602' title='bbox 2383 4126 2554 4204; x_wconf 78' lang='grc' dir='ltr'>ἅγιοις</span> <span class='ocrx_word' id='word_1_603' title='bbox 2587 4121 2923 4203; x_wconf 80' lang='grc' dir='ltr'>Σίλϐεστρος,</span> <span class='ocrx_word' id='word_1_604' title='bbox 2971 4128 3060 4182; x_wconf 85' lang='grc' dir='ltr'><strong>καὶ</strong></span> <span class='ocrx_word' id='word_1_605' title='bbox 3110 4128 3138 4181; x_wconf 87' lang='lat'><strong>6</strong></span> <span class='ocrx_word' id='word_1_606' title='bbox 3195 4125 3420 4203; x_wconf 85' lang='grc' dir='ltr'>πρώτως</span> <span class='ocrx_word' id='word_1_607' title='bbox 3465 4125 3808 4205; x_wconf 80' lang='grc' dir='ltr'>ἀρχιερατεύ-</span> 
     </span>
    </p>
   </div>
   <div class='ocr_carea' id='block_1_87' title="bbox 422 4212 2079 4306">
    <p class='ocr_par' dir='ltr' id='par_1_87' title="bbox 422 4212 2072 4306">
     <span class='ocr_line' id='line_1_87' title="bbox 422 4212 2072 4306; baseline 0.002 -20"><span class='ocrx_word' id='word_1_608' title='bbox 422 4223 758 4286; x_wconf 64' lang='lat' dir='ltr'><strong>Antiochiae</strong></span> <span class='ocrx_word' id='word_1_609' title='bbox 787 4212 1046 4304; x_wconf 80' lang='lat' dir='ltr'><strong>pontifex</strong></span> <span class='ocrx_word' id='word_1_610' title='bbox 1079 4224 1187 4286; x_wconf 73' lang='lat' dir='ltr'><strong>fuit</strong></span> <span class='ocrx_word' id='word_1_611' title='bbox 1215 4224 1452 4306; x_wconf 84' lang='lat' dir='ltr'><strong>Evolus,</strong></span> <span class='ocrx_word' id='word_1_612' title='bbox 1489 4244 1606 4285; x_wconf 92' lang='lat' dir='ltr'><strong>non</strong></span> <span class='ocrx_word' id='word_1_613' title='bbox 1637 4212 1743 4286; x_wconf 74' lang='lat' dir='ltr'><strong>abs</strong></span> <span class='ocrx_word' id='word_1_614' title='bbox 1772 4212 2072 4290; x_wconf 45' lang='lat' dir='ltr'><strong>re&#39;l’atres</strong></span> 
     </span>
    </p>
   </div>
   <div class='ocr_carea' id='block_1_88' title="bbox 2168 4212 3806 4306">
    <p class='ocr_par' dir='ltr' id='par_1_88' title="bbox 2168 4212 3806 4293">
     <span class='ocr_line' id='line_1_88' title="bbox 2168 4212 3806 4293; baseline -0.001 -22"><span class='ocrx_word' id='word_1_615' title='bbox 2168 4239 2249 4280; x_wconf 68' lang='grc' dir='ltr'>τας</span> <span class='ocrx_word' id='word_1_616' title='bbox 2297 4215 2349 4273; x_wconf 81' lang='grc' dir='ltr'><strong>ἐν</strong></span> <span class='ocrx_word' id='word_1_617' title='bbox 2396 4214 2697 4293; x_wconf 80' lang='grc' dir='ltr'>Ἀντιοχείᾳ</span> <span class='ocrx_word' id='word_1_618' title='bbox 2751 4212 2963 4286; x_wconf 73' lang='grc' dir='ltr'>Εὕοδος,</span> <span class='ocrx_word' id='word_1_619' title='bbox 3027 4212 3328 4284; x_wconf 72' lang='grc' dir='ltr'>ἐκλήθησαν</span> <span class='ocrx_word' id='word_1_620' title='bbox 3386 4213 3621 4293; x_wconf 73' lang='grc' dir='ltr'>εὐλόγως</span> <span class='ocrx_word' id='word_1_621' title='bbox 3697 4221 3806 4270; x_wconf 82' lang='grc' dir='ltr'><strong>Πα-</strong></span> 
     </span>
    </p>
   </div>
   <div class='ocr_carea' id='block_1_89' title="bbox 421 4302 2079 4404">
    <p class='ocr_par' dir='ltr' id='par_1_89' title="bbox 421 4302 2066 4404">
     <span class='ocr_line' id='line_1_89' title="bbox 421 4302 2066 4404; baseline 0.002 -30"><span class='ocrx_word' id='word_1_622' title='bbox 421 4310 703 4404; x_wconf 68' lang='lat' dir='ltr'><strong>appellati</strong></span> <span class='ocrx_word' id='word_1_623' title='bbox 733 4302 898 4404; x_wconf 76' lang='lat' dir='ltr'><strong>fuere</strong></span> <span class='ocrx_word' id='word_1_624' title='bbox 911 4364 936 4404; x_wconf 84' lang='lat'><strong>._</strong></span> <span class='ocrx_word' id='word_1_625' title='bbox 955 4312 1186 4404; x_wconf 79' lang='lat' dir='ltr'><strong>Quippe</strong></span> <span class='ocrx_word' id='word_1_626' title='bbox 1217 4302 1472 4404; x_wconf 70' lang='lat' dir='ltr'><strong>necdum</strong></span> <span class='ocrx_word' id='word_1_627' title='bbox 1505 4322 1675 4404; x_wconf 71' lang='lat' dir='ltr'><strong>erant</strong></span> <span class='ocrx_word' id='word_1_628' title='bbox 1698 4315 2066 4394; x_wconf 60' lang='lat' dir='ltr'><strong>patriarchae,</strong></span> 
     </span>
    </p>
   </div>
   <div class='ocr_carea' id='block_1_90' title="bbox 2168 4302 3805 4404">
    <p class='ocr_par' dir='ltr' id='par_1_90' title="bbox 2168 4302 3805 4404">
     <span class='ocr_line' id='line_1_90' title="bbox 2168 4302 3805 4386; baseline -0.002 -24"><span class='ocrx_word' id='word_1_629' title='bbox 2168 4306 2323 4386; x_wconf 74' lang='grc' dir='ltr'>τέρες,</span> <span class='ocrx_word' id='word_1_630' title='bbox 2359 4303 2519 4362; x_wconf 76' lang='grc' dir='ltr'>Οὔπω</span> <span class='ocrx_word' id='word_1_631' title='bbox 2575 4303 2674 4380; x_wconf 79' lang='grc' dir='ltr'>γὰρ</span> <span class='ocrx_word' id='word_1_632' title='bbox 2729 4302 2864 4370; x_wconf 78' lang='grc' dir='ltr'>ἦσαν</span> <span class='ocrx_word' id='word_1_633' title='bbox 2907 4305 3258 4384; x_wconf 78' lang='grc' dir='ltr'>πατριάρχαι,</span> <span class='ocrx_word' id='word_1_634' title='bbox 3318 4305 3460 4383; x_wconf 79' lang='grc' dir='ltr'>παρὰ</span> <span class='ocrx_word' id='word_1_635' title='bbox 3520 4310 3628 4362; x_wconf 76' lang='grc' dir='ltr'><strong>τῶν</strong></span> <span class='ocrx_word' id='word_1_636' title='bbox 3693 4310 3805 4359; x_wconf 89' lang='grc' dir='ltr'><strong>[Ια-</strong></span> 
     </span>
     <span class='ocr_line' id='line_1_91' title="bbox 2201 4383 3740 4404; baseline 0 0"><span class='ocrx_word' id='word_1_637' title='bbox 2201 4396 2208 4404; x_wconf 69' lang='lat'><em>.</em></span> <span class='ocrx_word' id='word_1_638' title='bbox 2484 4391 2512 4404; x_wconf 64' lang='grc' dir='ltr'><strong><em>Δ</em></strong></span> <span class='ocrx_word' id='word_1_639' title='bbox 2530 4390 2568 4404; x_wconf 67' lang='lat'><strong>1‘</strong></span> <span class='ocrx_word' id='word_1_640' title='bbox 2585 4391 2601 4404; x_wconf 81' lang='lat'><strong><em>\</em></strong></span> <span class='ocrx_word' id='word_1_641' title='bbox 2634 4392 2644 4404; x_wconf 77' lang='grc' dir='ltr'>ι</span> <span class='ocrx_word' id='word_1_642' title='bbox 2886 4383 2899 4404; x_wconf 67' lang='grc' dir='ltr'><strong>ε</strong></span> <span class='ocrx_word' id='word_1_643' title='bbox 3037 4393 3047 4404; x_wconf 74' lang='grc' dir='ltr'><strong><em>ι</em></strong></span> <span class='ocrx_word' id='word_1_644' title='bbox 3286 4395 3296 4404; x_wconf 71' lang='grc' dir='ltr'>ι</span> <span class='ocrx_word' id='word_1_645' title='bbox 3345 4395 3356 4404; x_wconf 65' lang='grc' dir='ltr'><strong>ι</strong></span> <span class='ocrx_word' id='word_1_646' title='bbox 3405 4392 3418 4404; x_wconf 70' lang='grc' dir='ltr'><strong>ι</strong></span> <span class='ocrx_word' id='word_1_647' title='bbox 3438 4401 3445 4404; x_wconf 78' lang='lat'><strong>.</strong></span> <span class='ocrx_word' id='word_1_648' title='bbox 3467 4391 3485 4404; x_wconf 59' lang='grc' dir='ltr'><strong>ς</strong></span> <span class='ocrx_word' id='word_1_649' title='bbox 3545 4392 3562 4404; x_wconf 67' lang='grc' dir='ltr'>ι</span> <span class='ocrx_word' id='word_1_650' title='bbox 3642 4391 3665 4404; x_wconf 72' lang='grc' dir='ltr'>ιι</span> <span class='ocrx_word' id='word_1_651' title='bbox 3731 4398 3740 4404; x_wconf 93' lang='grc'>.</span> 
     </span>
    </p>
   </div>
   <div class='ocr_carea' id='block_1_91' title="bbox 419 4390 2079 4494">
    <p class='ocr_par' dir='ltr' id='par_1_91' title="bbox 419 4390 2068 4494">
     <span class='ocr_line' id='line_1_92' title="bbox 419 4390 2068 4494; baseline 0.004 -36"><span class='ocrx_word' id='word_1_652' title='bbox 419 4390 524 4494; x_wconf 74' lang='lat' dir='ltr'><strong>qui</strong></span> <span class='ocrx_word' id='word_1_653' title='bbox 551 4416 586 4460; x_wconf 86' lang='lat' dir='ltr'><strong>a</strong></span> <span class='ocrx_word' id='word_1_654' title='bbox 619 4399 892 4462; x_wconf 88' lang='lat' dir='ltr'><strong>Patribus</strong></span> <span class='ocrx_word' id='word_1_655' title='bbox 921 4390 1348 4494; x_wconf 77' lang='lat' dir='ltr'><strong>instituuntur._</strong></span> <span class='ocrx_word' id='word_1_656' title='bbox 1372 4400 1663 4463; x_wconf 90' lang='lat' dir='ltr'><strong>Similiter</strong></span> <span class='ocrx_word' id='word_1_657' title='bbox 1699 4390 1786 4494; x_wconf 26' lang='lat' dir='ltr'><strong>iet</strong></span> <span class='ocrx_word' id='word_1_658' title='bbox 1811 4404 2068 4467; x_wconf 78' lang='lat' dir='ltr'><strong>Alexan-</strong></span> 
     </span>
    </p>
   </div>
   <div class='ocr_carea' id='block_1_92' title="bbox 2168 4390 3802 4494">
    <p class='ocr_par' dir='ltr' id='par_1_92' title="bbox 2168 4390 3802 4471">
     <span class='ocr_line' id='line_1_93' title="bbox 2168 4390 3802 4471; baseline 0 -22"><span class='ocrx_word' id='word_1_659' title='bbox 2168 4396 2318 4468; x_wconf 75' lang='grc' dir='ltr'>τερων</span> <span class='ocrx_word' id='word_1_660' title='bbox 2377 4390 2822 4471; x_wconf 82' lang='grc' dir='ltr'>προϐάλλόμενοι.</span> <span class='ocrx_word' id='word_1_661' title='bbox 2886 4390 3158 4457; x_wconf 67' lang='grc' dir='ltr'>Ὡσαύτως</span> <span class='ocrx_word' id='word_1_662' title='bbox 3216 4395 3303 4449; x_wconf 77' lang='grc' dir='ltr'><strong>καὶ</strong></span> <span class='ocrx_word' id='word_1_663' title='bbox 3331 4395 3358 4450; x_wconf 87' lang='grc' dir='ltr'>ὀ</span> <span class='ocrx_word' id='word_1_664' title='bbox 3405 4391 3802 4470; x_wconf 79' lang='grc' dir='ltr'>’Λληξανδρείας</span> 
     </span>
    </p>
   </div>
   <div class='ocr_carea' id='block_1_93' title="bbox 415 4477 2079 4584">
    <p class='ocr_par' dir='ltr' id='par_1_93' title="bbox 415 4477 2073 4584">
     <span class='ocr_line' id='line_1_94' title="bbox 415 4477 2073 4584; baseline 0.004 -36"><span class='ocrx_word' id='word_1_665' title='bbox 415 4477 624 4584; x_wconf 65' lang='grc' dir='ltr'>ςξςὶηιιε</span> <span class='ocrx_word' id='word_1_666' title='bbox 655 4496 973 4584; x_wconf 81' lang='lat' dir='ltr'><strong>propterea</strong></span> <span class='ocrx_word' id='word_1_667' title='bbox 1005 4497 1238 4584; x_wconf 80' lang='lat' dir='ltr'><strong>vocatus</strong></span> <span class='ocrx_word' id='word_1_668' title='bbox 1268 4491 1380 4552; x_wconf 80' lang='lat' dir='ltr'><strong>fuit</strong></span> <span class='ocrx_word' id='word_1_669' title='bbox 1423 4507 1584 4584; x_wconf 85' lang='lat' dir='ltr'><strong>papa</strong></span> <span class='ocrx_word' id='word_1_670' title='bbox 1617 4491 1813 4584; x_wconf 71' lang='lat' dir='ltr'><strong>quod</strong></span> <span class='ocrx_word' id='word_1_671' title='bbox 1833 4502 2073 4554; x_wconf 90' lang='lat' dir='ltr'><strong>sanctus</strong></span> 
     </span>
    </p>
   </div>
   <div class='ocr_carea' id='block_1_94' title="bbox 2168 4477 3802 4584">
    <p class='ocr_par' dir='ltr' id='par_1_94' title="bbox 2168 4477 3802 4584">
     <span class='ocr_line' id='line_1_95' title="bbox 2168 4477 3802 4560; baseline -0.001 -26"><span class='ocrx_word' id='word_1_672' title='bbox 2168 4480 2358 4551; x_wconf 69' lang='grc' dir='ltr'>ἐκλήθη</span> <span class='ocrx_word' id='word_1_673' title='bbox 2417 4480 2623 4553; x_wconf 83' lang='grc' dir='ltr'>πάπας,</span> <span class='ocrx_word' id='word_1_674' title='bbox 2684 4477 2768 4534; x_wconf 76' lang='grc' dir='ltr'>διὰ</span> <span class='ocrx_word' id='word_1_675' title='bbox 2821 4480 2880 4534; x_wconf 83' lang='grc' dir='ltr'>τὸ</span> <span class='ocrx_word' id='word_1_676' title='bbox 2949 4477 3134 4536; x_wconf 73' lang='grc' dir='ltr'>λαϐεῖν</span> <span class='ocrx_word' id='word_1_677' title='bbox 3207 4481 3297 4536; x_wconf 84' lang='grc' dir='ltr'>τὸν</span> <span class='ocrx_word' id='word_1_678' title='bbox 3341 4481 3490 4558; x_wconf 75' lang='grc' dir='ltr'>ἅγιον</span> <span class='ocrx_word' id='word_1_679' title='bbox 3551 4480 3802 4560; x_wconf 81' lang='grc' dir='ltr'>Κύριλλον</span> 
     </span>
     <span class='ocr_line' id='line_1_96' title="bbox 2266 4567 3658 4584; baseline 0 0"><span class='ocrx_word' id='word_1_680' title='bbox 2266 4577 2276 4584; x_wconf 85' lang='grc'>.</span> <span class='ocrx_word' id='word_1_681' title='bbox 2361 4574 2372 4584; x_wconf 93' lang='grc'>.</span> <span class='ocrx_word' id='word_1_682' title='bbox 2520 4574 2530 4584; x_wconf 94' lang='grc'>.</span> <span class='ocrx_word' id='word_1_683' title='bbox 2704 4572 2714 4584; x_wconf 92' lang='grc'><strong><em>,</em></strong></span> <span class='ocrx_word' id='word_1_684' title='bbox 2789 4570 2810 4584; x_wconf 54' lang='grc' dir='ltr'><strong>κ</strong></span> <span class='ocrx_word' id='word_1_685' title='bbox 2976 4581 2999 4584; x_wconf 76' lang='lat'><strong><em>_</em></strong></span> <span class='ocrx_word' id='word_1_686' title='bbox 3116 4575 3126 4584; x_wconf 90' lang='lat'><strong>.</strong></span> <span class='ocrx_word' id='word_1_687' title='bbox 3262 4567 3274 4584; x_wconf 69' lang='grc' dir='ltr'><em>ρ</em></span> <span class='ocrx_word' id='word_1_688' title='bbox 3341 4575 3350 4584; x_wconf 97' lang='grc'><em>.</em></span> <span class='ocrx_word' id='word_1_689' title='bbox 3632 4577 3658 4584; x_wconf 92' lang='grc'><strong>..</strong></span> 
     </span>
    </p>
   </div>
   <div class='ocr_carea' id='block_1_95' title="bbox 415 4570 2079 4662">
    <p class='ocr_par' dir='ltr' id='par_1_95' title="bbox 415 4570 2076 4662">
     <span class='ocr_line' id='line_1_97' title="bbox 415 4570 2076 4662; baseline 0.004 -25"><span class='ocrx_word' id='word_1_690' title='bbox 415 4574 523 4638; x_wconf 91' lang='lat' dir='ltr'><strong>ille</strong></span> <span class='ocrx_word' id='word_1_691' title='bbox 585 4570 839 4659; x_wconf 81' lang='lat' dir='ltr'><strong>Cyrillns</strong></span> <span class='ocrx_word' id='word_1_692' title='bbox 902 4579 962 4640; x_wconf 93' lang='lat' dir='ltr'><strong>in</strong></span> <span class='ocrx_word' id='word_1_693' title='bbox 1017 4580 1190 4643; x_wconf 87' lang='lat' dir='ltr'><strong>tertia</strong></span> <span class='ocrx_word' id='word_1_694' title='bbox 1255 4579 1480 4660; x_wconf 78' lang='lat' dir='ltr'><strong>synodo</strong></span> <span class='ocrx_word' id='word_1_695' title='bbox 1543 4570 1851 4660; x_wconf 78' lang='lat' dir='ltr'><strong>privilegia</strong></span> <span class='ocrx_word' id='word_1_696' title='bbox 1911 4601 2076 4662; x_wconf 73' lang='lat' dir='ltr'><strong>papze</strong></span> 
     </span>
    </p>
   </div>
   <div class='ocr_carea' id='block_1_96' title="bbox 2168 4570 3798 4662">
    <p class='ocr_par' dir='ltr' id='par_1_96' title="bbox 2168 4570 3798 4652">
     <span class='ocr_line' id='line_1_98' title="bbox 2168 4570 3798 4652; baseline -0.001 -20"><span class='ocrx_word' id='word_1_697' title='bbox 2168 4577 2293 4632; x_wconf 63' lang='lat' dir='ltr'><strong>uti:</strong></span> <span class='ocrx_word' id='word_1_698' title='bbox 2320 4574 2421 4642; x_wconf 80' lang='grc' dir='ltr'>τὴν</span> <span class='ocrx_word' id='word_1_699' title='bbox 2450 4574 2628 4652; x_wconf 86' lang='grc' dir='ltr'>τρίτην</span> <span class='ocrx_word' id='word_1_700' title='bbox 2658 4570 2868 4628; x_wconf 78' lang='grc' dir='ltr'>σύνοδον</span> <span class='ocrx_word' id='word_1_701' title='bbox 2913 4581 3004 4630; x_wconf 82' lang='grc' dir='ltr'><strong>τοῦ</strong></span> <span class='ocrx_word' id='word_1_702' title='bbox 3056 4575 3208 4630; x_wconf 79' lang='grc' dir='ltr'>πάπα</span> <span class='ocrx_word' id='word_1_703' title='bbox 3262 4570 3500 4650; x_wconf 78' lang='grc' dir='ltr'>Ῥώμης,</span> <span class='ocrx_word' id='word_1_704' title='bbox 3567 4577 3660 4632; x_wconf 78' lang='grc' dir='ltr'><strong>τοῦ</strong></span> <span class='ocrx_word' id='word_1_705' title='bbox 3702 4586 3798 4633; x_wconf 80' lang='grc' dir='ltr'><strong>Κε-</strong></span> 
     </span>
    </p>
   </div>
   <div class='ocr_carea' id='block_1_97' title="bbox 414 4662 2079 4749">
    <p class='ocr_par' dir='ltr' id='par_1_97' title="bbox 414 4662 2070 4749">
     <span class='ocr_line' id='line_1_99' title="bbox 414 4662 2070 4749; baseline 0.004 -22"><span class='ocrx_word' id='word_1_706' title='bbox 414 4662 690 4740; x_wconf 87' lang='lat' dir='ltr'><strong>Romani,</strong></span> <span class='ocrx_word' id='word_1_707' title='bbox 727 4665 1029 4731; x_wconf 71' lang='lat' dir='ltr'><strong>leestini</strong></span> <span class='ocrx_word' id='word_1_708' title='bbox 1065 4667 1314 4743; x_wconf 89' lang='lat' dir='ltr'><strong>scilicet,</strong></span> <span class='ocrx_word' id='word_1_709' title='bbox 1350 4668 1850 4749; x_wconf 83' lang='lat' dir='ltr'><strong>acceperit._Cum</strong></span> <span class='ocrx_word' id='word_1_710' title='bbox 1875 4679 2070 4733; x_wconf 88' lang='lat' dir='ltr'><strong>autem</strong></span> 
     </span>
    </p>
   </div>
   <div class='ocr_carea' id='block_1_98' title="bbox 2168 4662 3797 4749">
    <p class='ocr_par' dir='ltr' id='par_1_98' title="bbox 2168 4662 3797 4743">
     <span class='ocr_line' id='line_1_100' title="bbox 2168 4662 3797 4743; baseline -0.001 -22"><span class='ocrx_word' id='word_1_711' title='bbox 2168 4666 2392 4721; x_wconf 59' lang='lat' dir='ltr'><strong>tantvou</strong></span> <span class='ocrx_word' id='word_1_712' title='bbox 2421 4663 2580 4743; x_wconf 74' lang='grc' dir='ltr'>φημὶ,</span> <span class='ocrx_word' id='word_1_713' title='bbox 2636 4662 2701 4718; x_wconf 75' lang='grc' dir='ltr'>τὰ</span> <span class='ocrx_word' id='word_1_714' title='bbox 2771 4664 3057 4739; x_wconf 88' lang='grc' dir='ltr'>προνόμια,</span> <span class='ocrx_word' id='word_1_715' title='bbox 3118 4670 3227 4732; x_wconf 83' lang='grc' dir='ltr'>Τής</span> <span class='ocrx_word' id='word_1_716' title='bbox 3287 4664 3341 4720; x_wconf 74' lang='grc' dir='ltr'><em>δὲ</em></span> <span class='ocrx_word' id='word_1_717' title='bbox 3400 4662 3664 4728; x_wconf 66' lang='grc' dir='ltr'>εὗσεϐείας</span> <span class='ocrx_word' id='word_1_718' title='bbox 3696 4663 3797 4720; x_wconf 62' lang='grc' dir='ltr'>διας</span> 
     </span>
    </p>
   </div>
   <div class='ocr_carea' id='block_1_99' title="bbox 415 4753 2079 4839">
    <p class='ocr_par' dir='ltr' id='par_1_99' title="bbox 415 4753 2069 4839">
     <span class='ocr_line' id='line_1_101' title="bbox 415 4753 2069 4839; baseline 0.003 -22"><span class='ocrx_word' id='word_1_719' title='bbox 415 4753 626 4836; x_wconf 86' lang='lat' dir='ltr'><strong>religio</strong></span> <span class='ocrx_word' id='word_1_720' title='bbox 650 4756 776 4836; x_wconf 86' lang='lat' dir='ltr'><strong>jam</strong></span> <span class='ocrx_word' id='word_1_721' title='bbox 820 4767 1131 4839; x_wconf 86' lang='lat' dir='ltr'><strong>pervagata</strong></span> <span class='ocrx_word' id='word_1_722' title='bbox 1189 4758 1398 4820; x_wconf 84' lang='lat' dir='ltr'><strong>fuisset</strong></span> <span class='ocrx_word' id='word_1_723' title='bbox 1447 4759 1599 4819; x_wconf 87' lang='lat' dir='ltr'><strong>tines</strong></span> <span class='ocrx_word' id='word_1_724' title='bbox 1659 4757 1823 4819; x_wconf 90' lang='lat' dir='ltr'><strong>orbis</strong></span> <span class='ocrx_word' id='word_1_725' title='bbox 1878 4767 2069 4822; x_wconf 82' lang='lat' dir='ltr'><strong>terra-</strong></span> 
     </span>
    </p>
   </div>
   <div class='ocr_carea' id='block_1_100' title="bbox 2168 4753 3799 4839">
    <p class='ocr_par' dir='ltr' id='par_1_100' title="bbox 2168 4753 3799 4835">
     <span class='ocr_line' id='line_1_102' title="bbox 2168 4753 3799 4835; baseline -0.002 -24"><span class='ocrx_word' id='word_1_726' title='bbox 2168 4755 2454 4835; x_wconf 71' lang='grc' dir='ltr'>Ξραμούσης</span> <span class='ocrx_word' id='word_1_727' title='bbox 2486 4753 2558 4817; x_wconf 84' lang='grc' dir='ltr'>εἰς</span> <span class='ocrx_word' id='word_1_728' title='bbox 2586 4757 2684 4818; x_wconf 81' lang='grc' dir='ltr'>τῆς</span> <span class='ocrx_word' id='word_1_729' title='bbox 2715 4753 3024 4828; x_wconf 73' lang='grc' dir='ltr'>οἰκουμένης</span> <span class='ocrx_word' id='word_1_730' title='bbox 3055 4756 3120 4810; x_wconf 76' lang='grc' dir='ltr'><strong>τα</strong></span> <span class='ocrx_word' id='word_1_731' title='bbox 3165 4754 3392 4834; x_wconf 79' lang='grc' dir='ltr'>πέρατα,</span> <span class='ocrx_word' id='word_1_732' title='bbox 3464 4757 3551 4810; x_wconf 83' lang='grc' dir='ltr'><strong>καὶ</strong></span> <span class='ocrx_word' id='word_1_733' title='bbox 3593 4754 3799 4816; x_wconf 85' lang='grc' dir='ltr'>πόλεως</span> 
     </span>
    </p>
   </div>
   <div class='ocr_carea' id='block_1_101' title="bbox 414 4839 2079 4945">
    <p class='ocr_par' dir='ltr' id='par_1_101' title="bbox 414 4847 2068 4945">
     <span class='ocr_line' id='line_1_103' title="bbox 414 4847 2068 4945; baseline 0.002 -39"><span class='ocrx_word' id='word_1_734' title='bbox 414 4862 599 4945; x_wconf 71' lang='grc' dir='ltr'><strong>ιἰιιιι,¹</strong></span> <span class='ocrx_word' id='word_1_735' title='bbox 627 4855 691 4908; x_wconf 92' lang='lat' dir='ltr'><strong>ut</strong></span> <span class='ocrx_word' id='word_1_736' title='bbox 736 4848 880 4945; x_wconf 45' lang='lat' dir='ltr'><strong>ur-bs</strong></span> <span class='ocrx_word' id='word_1_737' title='bbox 934 4848 1058 4945; x_wconf 59' lang='lat' dir='ltr'><strong>iere</strong></span> <span class='ocrx_word' id='word_1_738' title='bbox 1089 4847 1366 4945; x_wconf 67' lang='lat' dir='ltr'><strong>quaelibet</strong></span> <span class='ocrx_word' id='word_1_739' title='bbox 1395 4847 1741 4945; x_wconf 75' lang='lat' dir='ltr'><strong>episc0p_u_m</strong></span> <span class='ocrx_word' id='word_1_740' title='bbox 1773 4847 2068 4945; x_wconf 81' lang='lat' dir='ltr'><strong>obtinuis-</strong></span> 
     </span>
    </p>
   </div>
   <div class='ocr_carea' id='block_1_102' title="bbox 2168 4839 3803 4945">
    <p class='ocr_par' dir='ltr' id='par_1_102' title="bbox 2168 4839 3803 4945">
     <span class='ocr_line' id='line_1_104' title="bbox 2168 4839 3803 4945; baseline -0.002 -44"><span class='ocrx_word' id='word_1_741' title='bbox 2168 4846 2383 4910; x_wconf 69' lang='grc' dir='ltr'>ἑκάστης</span> <span class='ocrx_word' id='word_1_742' title='bbox 2417 4841 2610 4921; x_wconf 79' lang='grc' dir='ltr'>σχεδὸν</span> <span class='ocrx_word' id='word_1_743' title='bbox 2665 4839 2930 4907; x_wconf 81' lang='grc' dir='ltr'>λαϐούσης</span> <span class='ocrx_word' id='word_1_744' title='bbox 2988 4842 3294 4924; x_wconf 82' lang='grc' dir='ltr'>ἐπίσκοπον,</span> <span class='ocrx_word' id='word_1_745' title='bbox 3346 4842 3528 4945; x_wconf 54' lang='grc' dir='ltr'>ἐδέησε</span> <span class='ocrx_word' id='word_1_746' title='bbox 3560 4843 3803 4919; x_wconf 82' lang='grc' dir='ltr'>μιμηθῆ-</span> 
     </span>
    </p>
   </div>
   <div class='ocr_carea' id='block_1_103' title="bbox 409 4931 2079 5017">
    <p class='ocr_par' dir='ltr' id='par_1_103' title="bbox 409 4933 2071 5017">
     <span class='ocr_line' id='line_1_105' title="bbox 409 4933 2071 5017; baseline 0.004 -24"><span class='ocrx_word' id='word_1_747' title='bbox 409 4939 500 4994; x_wconf 89' lang='lat' dir='ltr'><strong>set</strong></span> <span class='ocrx_word' id='word_1_748' title='bbox 532 4951 547 4996; x_wconf 93' lang='lat'>:</span> <span class='ocrx_word' id='word_1_749' title='bbox 582 4933 713 5015; x_wconf 91' lang='lat' dir='ltr'><strong>ipsa</strong></span> <span class='ocrx_word' id='word_1_750' title='bbox 757 4935 996 5016; x_wconf 86' lang='lat' dir='ltr'><strong>pietatis</strong></span> <span class='ocrx_word' id='word_1_751' title='bbox 1029 4935 1180 4997; x_wconf 89' lang='lat' dir='ltr'><strong>ratio</strong></span> <span class='ocrx_word' id='word_1_752' title='bbox 1213 4935 1517 5016; x_wconf 88' lang='lat' dir='ltr'><strong>poscebat,</strong></span> <span class='ocrx_word' id='word_1_753' title='bbox 1546 4944 1608 4996; x_wconf 92' lang='lat' dir='ltr'><strong>ut</strong></span> <span class='ocrx_word' id='word_1_754' title='bbox 1639 4936 2071 5017; x_wconf 76' lang='lat' dir='ltr'><strong>Hierosolymis</strong></span> 
     </span>
    </p>
   </div>
   <div class='ocr_carea' id='block_1_104' title="bbox 2168 4931 3798 5017">
    <p class='ocr_par' dir='ltr' id='par_1_104' title="bbox 2168 4931 3798 5011">
     <span class='ocr_line' id='line_1_106' title="bbox 2168 4931 3798 5011; baseline -0.002 -21"><span class='ocrx_word' id='word_1_755' title='bbox 2168 4957 2236 4990; x_wconf 69' lang='lat' dir='ltr'><strong>litt</strong></span> <span class='ocrx_word' id='word_1_756' title='bbox 2293 4931 2582 5010; x_wconf 85' lang='grc' dir='ltr'>θεαρέστως</span> <span class='ocrx_word' id='word_1_757' title='bbox 2641 4932 2727 4986; x_wconf 86' lang='grc' dir='ltr'><strong>καὶ</strong></span> <span class='ocrx_word' id='word_1_758' title='bbox 2800 4931 3025 4996; x_wconf 64' lang='grc' dir='ltr'>εὖσεξεῦς</span> <span class='ocrx_word' id='word_1_759' title='bbox 3117 4935 3204 4990; x_wconf 86' lang='grc' dir='ltr'><strong>καὶ</strong></span> <span class='ocrx_word' id='word_1_760' title='bbox 3302 4934 3403 5001; x_wconf 75' lang='grc' dir='ltr'><strong>τὴν</strong></span> <span class='ocrx_word' id='word_1_761' title='bbox 3464 4931 3798 5011; x_wconf 60' lang='grc' dir='ltr'>Ὶρουσαλὲιμ,</span> 
     </span>
    </p>
   </div>
   <div class='ocr_carea' id='block_1_105' title="bbox 410 5019 2079 5102">
    <p class='ocr_par' dir='ltr' id='par_1_105' title="bbox 410 5023 2070 5102">
     <span class='ocr_line' id='line_1_107' title="bbox 410 5023 2070 5102; baseline 0.003 -18"><span class='ocrx_word' id='word_1_762' title='bbox 410 5023 587 5085; x_wconf 88' lang='lat' dir='ltr'><strong>etiam</strong></span> <span class='ocrx_word' id='word_1_763' title='bbox 617 5025 808 5086; x_wconf 87' lang='lat' dir='ltr'><strong>honos</strong></span> <span class='ocrx_word' id='word_1_764' title='bbox 837 5025 1180 5102; x_wconf 74' lang='lat' dir='ltr'><strong>haberetur,</strong></span> <span class='ocrx_word' id='word_1_765' title='bbox 1213 5025 1289 5088; x_wconf 91' lang='lat' dir='ltr'><strong>ob</strong></span> <span class='ocrx_word' id='word_1_766' title='bbox 1329 5024 1628 5087; x_wconf 89' lang='lat' dir='ltr'><strong>cruciatus</strong></span> <span class='ocrx_word' id='word_1_767' title='bbox 1657 5035 2070 5089; x_wconf 85' lang='lat' dir='ltr'><strong>sacrosanctos</strong></span> 
     </span>
    </p>
   </div>
   <div class='ocr_carea' id='block_1_106' title="bbox 2168 5019 3803 5102">
    <p class='ocr_par' dir='ltr' id='par_1_106' title="bbox 2168 5019 3803 5102">
     <span class='ocr_line' id='line_1_108' title="bbox 2168 5019 3803 5102; baseline -0.006 -20"><span class='ocrx_word' id='word_1_768' title='bbox 2168 5025 2234 5082; x_wconf 61' lang='lat' dir='ltr'><strong>ita</strong></span> <span class='ocrx_word' id='word_1_769' title='bbox 2263 5024 2330 5079; x_wconf 77' lang='grc' dir='ltr'><strong>τὰ</strong></span> <span class='ocrx_word' id='word_1_770' title='bbox 2371 5019 2496 5099; x_wconf 83' lang='grc' dir='ltr'>ἅγια</span> <span class='ocrx_word' id='word_1_771' title='bbox 2547 5021 2691 5086; x_wconf 85' lang='grc' dir='ltr'>πάθη</span> <span class='ocrx_word' id='word_1_772' title='bbox 2752 5021 2840 5076; x_wconf 82' lang='grc' dir='ltr'><strong>καὶ</strong></span> <span class='ocrx_word' id='word_1_773' title='bbox 2879 5023 2970 5078; x_wconf 82' lang='grc' dir='ltr'><strong>τὸν</strong></span> <span class='ocrx_word' id='word_1_774' title='bbox 3041 5023 3205 5102; x_wconf 77' lang='grc' dir='ltr'>τάφον</span> <span class='ocrx_word' id='word_1_775' title='bbox 3264 5033 3355 5081; x_wconf 91' lang='grc' dir='ltr'><strong>τοῦ</strong></span> <span class='ocrx_word' id='word_1_776' title='bbox 3414 5023 3600 5101; x_wconf 82' lang='grc' dir='ltr'>Κυρίου</span> <span class='ocrx_word' id='word_1_777' title='bbox 3656 5024 3803 5098; x_wconf 67' lang='grc' dir='ltr'>ἡμῶν</span> 
     </span>
    </p>
   </div>
   <div class='ocr_carea' id='block_1_107' title="bbox 409 5105 2079 5194">
    <p class='ocr_par' dir='ltr' id='par_1_107' title="bbox 409 5111 2062 5192">
     <span class='ocr_line' id='line_1_109' title="bbox 409 5111 2062 5192; baseline 0.003 -19"><span class='ocrx_word' id='word_1_778' title='bbox 409 5116 469 5173; x_wconf 89' lang='lat' dir='ltr'><strong>et</strong></span> <span class='ocrx_word' id='word_1_779' title='bbox 495 5111 880 5192; x_wconf 86' lang='lat' dir='ltr'><strong>sepulchrum</strong></span> <span class='ocrx_word' id='word_1_780' title='bbox 912 5115 1150 5176; x_wconf 87' lang='lat' dir='ltr'><strong>Domini</strong></span> <span class='ocrx_word' id='word_1_781' title='bbox 1184 5113 1373 5176; x_wconf 90' lang='lat' dir='ltr'><strong>nostri</strong></span> <span class='ocrx_word' id='word_1_782' title='bbox 1425 5113 1564 5176; x_wconf 87' lang='lat' dir='ltr'><strong>Jesu</strong></span> <span class='ocrx_word' id='word_1_783' title='bbox 1617 5113 1863 5178; x_wconf 88' lang='lat' dir='ltr'><strong>Christi.</strong></span> <span class='ocrx_word' id='word_1_784' title='bbox 1916 5114 2062 5178; x_wconf 90' lang='lat' dir='ltr'><strong>Nam</strong></span> 
     </span>
    </p>
   </div>
   <div class='ocr_carea' id='block_1_108' title="bbox 2168 5105 3794 5194">
    <p class='ocr_par' dir='ltr' id='par_1_108' title="bbox 2173 5105 3794 5194">
     <span class='ocr_line' id='line_1_110' title="bbox 2173 5105 3794 5194; baseline -0.002 -22"><span class='ocrx_word' id='word_1_785' title='bbox 2173 5123 2328 5186; x_wconf 82' lang='grc' dir='ltr'>ιησοῦ</span> <span class='ocrx_word' id='word_1_786' title='bbox 2378 5119 2623 5193; x_wconf 79' lang='grc' dir='ltr'>Χριστοῦ.</span> <span class='ocrx_word' id='word_1_787' title='bbox 2705 5105 2766 5170; x_wconf 66' lang='grc' dir='ltr'><strong>εΗ</strong></span> <span class='ocrx_word' id='word_1_788' title='bbox 2837 5115 2936 5194; x_wconf 77' lang='grc' dir='ltr'>γὰρ</span> <span class='ocrx_word' id='word_1_789' title='bbox 2994 5114 3355 5194; x_wconf 86' lang='grc' dir='ltr'>μεγαλόπολις</span> <span class='ocrx_word' id='word_1_790' title='bbox 3420 5117 3794 5194; x_wconf 76' lang='grc' dir='ltr'>προτετίμητο,</span> 
     </span>
    </p>
   </div>
   <div class='ocr_carea' id='block_1_109' title="bbox 411 5201 2079 5285">
    <p class='ocr_par' dir='ltr' id='par_1_109' title="bbox 411 5201 2065 5283">
     <span class='ocr_line' id='line_1_111' title="bbox 411 5201 2065 5283; baseline 0.004 -23"><span class='ocrx_word' id='word_1_791' title='bbox 411 5217 622 5280; x_wconf 87' lang='lat' dir='ltr'><strong>magna</strong></span> <span class='ocrx_word' id='word_1_792' title='bbox 669 5201 874 5266; x_wconf 70' lang='lat' dir='ltr'><strong>istbazc</strong></span> <span class='ocrx_word' id='word_1_793' title='bbox 924 5204 1069 5266; x_wconf 87' lang='lat' dir='ltr'><strong>urbs</strong></span> <span class='ocrx_word' id='word_1_794' title='bbox 1143 5202 1684 5283; x_wconf 88' lang='lat' dir='ltr'><strong>Constantinopolis</strong></span> <span class='ocrx_word' id='word_1_795' title='bbox 1742 5203 1868 5282; x_wconf 88' lang='lat' dir='ltr'><strong>jam</strong></span> <span class='ocrx_word' id='word_1_796' title='bbox 1928 5214 2065 5267; x_wconf 90' lang='lat' dir='ltr'><strong>ante</strong></span> 
     </span>
    </p>
   </div>
   <div class='ocr_carea' id='block_1_110' title="bbox 2168 5201 3801 5285">
    <p class='ocr_par' dir='ltr' id='par_1_110' title="bbox 2168 5202 3801 5285">
     <span class='ocr_line' id='line_1_112' title="bbox 2168 5202 3801 5285; baseline -0.006 -20"><span class='ocrx_word' id='word_1_797' title='bbox 2168 5209 2319 5270; x_wconf 76' lang='grc' dir='ltr'>ιαθὼς</span> <span class='ocrx_word' id='word_1_798' title='bbox 2341 5203 2671 5282; x_wconf 82' lang='grc' dir='ltr'>προείρηται,</span> <span class='ocrx_word' id='word_1_799' title='bbox 2701 5202 2785 5260; x_wconf 82' lang='grc' dir='ltr'><strong>διὰ</strong></span> <span class='ocrx_word' id='word_1_800' title='bbox 2842 5209 2903 5261; x_wconf 76' lang='grc' dir='ltr'><strong>τὸ</strong></span> <span class='ocrx_word' id='word_1_801' title='bbox 2935 5207 3007 5268; x_wconf 82' lang='grc' dir='ltr'>εἰς</span> <span class='ocrx_word' id='word_1_802' title='bbox 3067 5208 3264 5273; x_wconf 77' lang='grc' dir='ltr'>ταύτην</span> <span class='ocrx_word' id='word_1_803' title='bbox 3317 5208 3704 5285; x_wconf 80' lang='grc' dir='ltr'>μετενεχθῆναι</span> <span class='ocrx_word' id='word_1_804' title='bbox 3737 5205 3801 5258; x_wconf 80' lang='grc' dir='ltr'><strong>τα</strong></span> 
     </span>
    </p>
   </div>
   <div class='ocr_carea' id='block_1_111' title="bbox 405 5284 2079 5375">
    <p class='ocr_par' dir='ltr' id='par_1_111' title="bbox 405 5289 2060 5374">
     <span class='ocr_line' id='line_1_113' title="bbox 405 5289 2060 5374; baseline 0.002 -22"><span class='ocrx_word' id='word_1_805' title='bbox 405 5289 695 5354; x_wconf 84' lang='lat' dir='ltr'><strong>honOrem</strong></span> <span class='ocrx_word' id='word_1_806' title='bbox 746 5291 1106 5368; x_wconf 87' lang='lat' dir='ltr'><strong>obtinuerat,</strong></span> <span class='ocrx_word' id='word_1_807' title='bbox 1139 5295 1222 5355; x_wconf 91' lang='lat' dir='ltr'><strong>nti</strong></span> <span class='ocrx_word' id='word_1_808' title='bbox 1278 5309 1458 5374; x_wconf 88' lang='lat' dir='ltr'><strong>supra</strong></span> <span class='ocrx_word' id='word_1_809' title='bbox 1496 5292 1720 5354; x_wconf 90' lang='lat' dir='ltr'><strong>dictum</strong></span> <span class='ocrx_word' id='word_1_810' title='bbox 1754 5291 1882 5364; x_wconf 79' lang='lat' dir='ltr'><strong>fuit,</strong></span> <span class='ocrx_word' id='word_1_811' title='bbox 1920 5313 2060 5374; x_wconf 90' lang='lat' dir='ltr'><strong>pro-</strong></span> 
     </span>
    </p>
   </div>
   <div class='ocr_carea' id='block_1_112' title="bbox 2168 5284 3796 5375">
    <p class='ocr_par' dir='ltr' id='par_1_112' title="bbox 2168 5284 3796 5375">
     <span class='ocr_line' id='line_1_114' title="bbox 2168 5284 3796 5375; baseline -0.004 -19"><span class='ocrx_word' id='word_1_812' title='bbox 2168 5306 2395 5375; x_wconf 65' lang='grc' dir='ltr'>τκῆπτρι</span> <span class='ocrx_word' id='word_1_813' title='bbox 2451 5297 2550 5359; x_wconf 77' lang='grc' dir='ltr'>τῆς</span> <span class='ocrx_word' id='word_1_814' title='bbox 2608 5300 2714 5351; x_wconf 80' lang='grc' dir='ltr'>τῶν</span> <span class='ocrx_word' id='word_1_815' title='bbox 2777 5284 3082 5371; x_wconf 75' lang='grc' dir='ltr'>Ῥωμαίνων</span> <span class='ocrx_word' id='word_1_816' title='bbox 3138 5296 3430 5372; x_wconf 84' lang='grc' dir='ltr'>βασιλείας,</span> <span class='ocrx_word' id='word_1_817' title='bbox 3469 5284 3796 5368; x_wconf 16' lang='grc' dir='ltr'>Μεντωνομά-</span> 
     </span>
    </p>
   </div>
   <div class='ocr_carea' id='block_1_113' title="bbox 1745 5471 2470 5540">
    <p class='ocr_par' dir='ltr' id='par_1_113' title="bbox 1745 5471 2470 5540">
     <span class='ocr_line' id='line_1_115' title="bbox 1745 5471 2470 5540; baseline 0.011 -10"><span class='ocrx_word' id='word_1_818' title='bbox 1745 5471 1999 5535; x_wconf 77' lang='lat' dir='ltr'><strong>VARUE</strong></span> <span class='ocrx_word' id='word_1_819' title='bbox 2031 5473 2470 5540; x_wconf 86' lang='lat' dir='ltr'><strong>LECTIONES.</strong></span> 
     </span>
    </p>
   </div>
   <div class='ocr_carea' id='block_1_114' title="bbox 481 5549 891 5632">
    <p class='ocr_par' dir='ltr' id='par_1_114' title="bbox 481 5549 891 5632">
     <span class='ocr_line' id='line_1_116' title="bbox 481 5549 891 5632; baseline 0.02 -25"><span class='ocrx_word' id='word_1_820' title='bbox 481 5549 542 5601; x_wconf 86' lang='lat'><strong>77</strong></span> <span class='ocrx_word' id='word_1_821' title='bbox 572 5551 891 5632; x_wconf 70' lang='grc' dir='ltr'>φραγιλλίῳ.</span> 
     </span>
    </p>
   </div>
   <div class='ocr_carea' id='block_1_115' title="bbox 980 5553 1448 5631">
    <p class='ocr_par' dir='ltr' id='par_1_115' title="bbox 980 5553 1448 5631">
     <span class='ocr_line' id='line_1_117' title="bbox 980 5553 1448 5631; baseline 0.015 -28"><span class='ocrx_word' id='word_1_822' title='bbox 980 5553 1043 5603; x_wconf 86' lang='grc'><strong>’18</strong></span> <span class='ocrx_word' id='word_1_823' title='bbox 1070 5553 1423 5631; x_wconf 78' lang='grc' dir='ltr'>μετυχέτευσε</span> <span class='ocrx_word' id='word_1_824' title='bbox 1434 5595 1448 5610; x_wconf 93' lang='grc'><strong>.</strong></span> 
     </span>
    </p>
   </div>
   <div class='ocr_carea' id='block_1_116' title="bbox 1981 5683 2228 5751">
    <p class='ocr_par' dir='ltr' id='par_1_116' title="bbox 1981 5683 2228 5751">
     <span class='ocr_line' id='line_1_118' title="bbox 1981 5683 2228 5751; baseline 0.012 -3"><span class='ocrx_word' id='word_1_825' title='bbox 1981 5683 2228 5751; x_wconf 64' lang='lat' dir='ltr'><strong>NOTIE.</strong></span> 
     </span>
    </p>
   </div>
   <div class='ocr_carea' id='block_1_117' title="bbox 483 5787 1381 5874">
    <p class='ocr_par' dir='ltr' id='par_1_117' title="bbox 483 5787 1381 5874">
     <span class='ocr_line' id='line_1_119' title="bbox 483 5787 1381 5874; baseline -0.004 -18"><span class='ocrx_word' id='word_1_826' title='bbox 483 5787 615 5873; x_wconf 84' lang='lat'><strong>(59)</strong></span> <span class='ocrx_word' id='word_1_827' title='bbox 641 5788 858 5873; x_wconf 77' lang='lat' dir='ltr'><strong>Figura</strong></span> <span class='ocrx_word' id='word_1_828' title='bbox 886 5791 1100 5857; x_wconf 68' lang='lat' dir='ltr'><strong>litterae</strong></span> <span class='ocrx_word' id='word_1_829' title='bbox 1123 5807 1381 5874; x_wconf 80' lang='lat' dir='ltr'><strong>gamma.</strong></span> 
     </span>
    </p>
   </div>
  </div>
