4120 6408
336 393 492 458 1177

1665 377 2386 448 GRECO-ROMANUM.

3565 362 3716 429 1178

335 529 535 593 σθησαν
583 521 671 581 οὖν
718 525 766 578 οἱ
807 521 862 578 ὃν
915 520 1129 584 ταύταις
1179 518 1664 600 ἁρχιερατεύοντες,
1723 514 1972 597 ἀρχιεπί-

2058 515 2264 600 pterea
2279 509 2438 600 quod
2459 508 2522 572 in
2543 528 2675 573 eam
2697 509 2935 592 imperii
2949 507 3205 600 Romani
3216 511 3450 600 sceptra
3461 502 3719 600 fuissent

334 635 524 673 σκοποι
557 628 572 645 ⁸
622 611 783 692 ἀρχαὶ
811 608 1054 678 δηλονότι
1083 609 1179 666 καὶ
1234 606 1456 688 κεφαλαὶ
1510 605 1724 664 πολλῶν
1766 605 1974 664 ἐπισκό-

333 725 473 766 πων.
518 703 717 761 Ταύτὸν
760 699 814 758 δέ
857 699 998 758 ἐστιν
1042 699 1241 779 εἰπεῖν,
1288 695 1517 777 Πατέρες
1573 697 1662 754 καὶ
1718 695 1978 776 πατριάρ-

332 815 455 874 χαι,
513 792 609 850 Ἐκ
638 790 826 850 τούτου
854 789 910 846 δὲ
952 788 1174 869 διαφορά
1214 809 1294 850 τις
1354 789 1448 844 οὒκ
1479 785 1589 844 ἔστι
1662 784 1823 862 μέσον
1880 784 1978 842 αὒ-

330 871 462 944 τῶν.
510 871 568 941 Ὀ
619 881 720 961 γὰρ
774 879 950 960 πατὴρ
991 885 1086 936 τοῦ
1140 878 1316 943 ἔθνους
1371 874 1520 934 τοῦδε
1566 877 1756 956 τυχὸν,
1801 875 1978 953 πατήρ

330 971 440 1028 ἐστι
601 974 870 1051 ἱερατικῆς
925 967 1094 1050 φυλῆς
1144 968 1234 1025 καὶ
1275 965 1496 1042 λα’ίκῆς,
1555 967 1629 1029 ὡς
1686 967 1715 1022 ὁ
1785 961 1980 1022 Ἰακὼϐ

328 1069 436 1120 τῶν
484 1049 558 1139 ιβ’
609 1049 786 1140 φυλῶν
818 1049 1058 1139 Ἰσραήλ.
1107 1059 1204 1116 Καὶ
1277 1056 1459 1138 ἄρχων
1503 1055 1829 1129 ἐπισκόπων,
1889 1053 1976 1140 ἒξ-

329 1152 567 1230 ανὰγκης
592 1139 702 1207 ἐστὶ
730 1150 908 1227 πατὴρ
936 1149 1024 1205 καὶ
1081 1147 1388 1204 ἐπισκόπων
1432 1145 1520 1202 καὶ
1562 1143 1768 1202 λα’ίκῶν
1802 1163 1817 1179 ⁸
1865 1146 1893 1200 ὃ
1922 1139 1977 1199 δὲ

327 1243 541 1304 Γοτθίας
571 1244 633 1299 ού
682 1237 930 1298 καλεῖται
989 1236 1432 1316 ἁρχιεπίσκοπος,
1489 1236 1562 1298 ὡς
1605 1234 1787 1314 ἄρχων
1849 1235 1976 1290 Em-

325 1331 541 1387 σκόπων
583 1331 670 1386 καὶ
737 1325 1048 1407 προϐολεὺς,
1106 1323 1226 1382 ἀλλ’
1297 1327 1368 1391 ὡς
1417 1324 1564 1405 ἀρχὴ
1643 1323 1972 1383 ἐπισκόπων.

328 1410 541 1498 Ὠρίσθη
603 1419 704 1498 γὰρ
770 1417 914 1496 παρὰ
983 1420 1089 1474 τῶν
1158 1415 1322 1494 ἁγίων
1381 1413 1647 1494 Πατέρων,
1720 1414 1816 1498 τας
1880 1411 1977 1488 μὶν

322 1508 552 1590 ἐχούσας
624 1506 912 1578 διοικήσεις
965 1504 1169 1569 πολλὰς
1231 1503 1440 1585 πόλεις,
1501 1505 1602 1562 ὑπὸ
1668 1503 1974 1560 ἐπισκόπων

321 1596 744 1678 κυϐερνωμένας,
855 1596 998 1676 παρὰ
1107 1593 1513 1673 μητροπολιτῶν
1623 1591 1968 1670 διεξάγεσθαι,

319 1690 408 1752 οὓς
436 1689 526 1745 καὶ
567 1686 806 1767 πρώτους
833 1687 880 1742 οἱ
931 1684 1152 1748 κανόνες
1209 1683 1522 1760 ὀνομάζουσι
1558 1699 1571 1712 ⁸
1631 1682 1724 1746 τὰς
1781 1680 1836 1737 δὲ
1892 1680 1970 1757 μὴ

317 1767 562 1857 ἐχούσας
602 1775 690 1857 ὑφ’
775 1773 960 1840 ἑαυτὰς
1039 1771 1221 1836 πόλεις
1297 1773 1442 1836 τινας
1499 1772 1598 1828 ὑπὸ
1667 1771 1971 1828 ἐπισκόπων

2061 589 2364 660 translata.
2399 598 2602 682 Itaque
2634 589 2872 663 mutatis
2904 597 3247 662 nominibus
3277 595 3485 658 harum
3517 589 3709 674 ponti-

2061 687 2204 749 ﬁces
2235 687 2380 771 dicti
2410 697 2548 751 sunt
2597 688 3058 771 archiepiscopi,
3115 687 3298 750 veluti
3331 682 3623 767 principia
3655 688 3713 742 et

2063 776 2258 857 capita
2281 767 2600 840 multorum
2633 767 3078 860 episcoporum.
3112 776 3279 850 Quod
3307 775 3467 837 idem
3491 773 3623 847 erit,
3644 788 3714 860 ac

2063 865 2114 926 si
2137 865 2381 944 dixeris,
2401 869 2608 930 Patres
2622 859 2683 931 et
2708 859 3083 950 patriarchae.
3135 866 3308 930 Unde
3334 864 3562 926 nullum
3591 859 3710 923 exi.

2059 954 2160 1016 stit
2185 955 2344 1018 inter
2375 975 2477 1019 eos
2511 957 2856 1021 discrimen.
2891 957 3037 1019 Nam
3069 959 3241 1020 Pater
3277 954 3455 1034 hujus
3477 950 3710 1013 illiusve

2059 1045 2280 1125 gentis,
2313 1053 2428 1108 tam
2460 1047 2867 1121 sacerdotalis,
2932 1065 3107 1128 quam
3157 1045 3321 1108 laicze
3377 1041 3565 1104 tribus
3621 1047 3712 1102 est

2057 1132 2252 1208 Pater,
2286 1135 2442 1198 sicut
2466 1135 2650 1200 Jacob
2681 1136 2998 1199 duodecim
3057 1134 3315 1197 tribuum
3347 1129 3606 1194 Israelis.
3640 1128 3709 1190 Et

2059 1223 2341 1306 princeps
2371 1229 2815 1308 episcoporum,
2871 1224 3209 1288 necessario
3264 1227 3433 1284 Pater
3461 1227 3551 1283 est
3583 1226 3705 1280 tum

2058 1317 2500 1398 episcoporum,
2536 1327 2655 1380 tum
2689 1319 3001 1380 laicorum.
3039 1316 3292 1382 Getthiaa
3322 1312 3563 1395 quidem
3595 1330 3708 1372 an-

2061 1405 2227 1468 tistes
2249 1426 2366 1469 non
2393 1416 2709 1489 propterea
2726 1415 2966 1470 vocatur
3004 1404 3510 1486 archiepiscopus,
3548 1398 3706 1482 quod

2060 1494 2477 1577 episcoporum
2509 1497 2791 1579 princeps
2836 1506 2894 1559 et
2945 1495 3254 1560 ordinator
3303 1493 3400 1567 sit,
3433 1490 3538 1554 sed
3570 1499 3691 1551 tan-

2055 1602 2228 1664 quam
2264 1585 2627 1668 principium
2659 1589 3099 1669 episcoporum.
3160 1584 3390 1666 Quippe
3421 1581 3641 1644 sanctis
3672 1596 3705 1643 a

2053 1671 2326 1736 Patribus
2348 1683 2439 1736 est
2459 1675 2780 1753 sancitum,
2805 1685 2868 1738 ut
2890 1695 2976 1739 eae
2997 1677 3311 1756 diazceses,
3335 1693 3466 1756 quae
3494 1673 3706 1734 multas

2055 1761 2280 1825 habent
2310 1763 2486 1826 urbes
2514 1765 2624 1828 sub
2657 1767 3076 1848 episcoporum
3106 1765 3534 1846 gubernatione
3565 1780 3704 1823 con-

315 1853 657 1946 ἰθυνομένας,
686 1864 829 1943 παρὰ
884 1862 1324 1944 ἀρχιεπισκόπων
1379 1862 1731 1941 ἱερατεύεσθαι
1765 1879 1780 1895 ⁸
1827 1859 1964 1917 ὥστε

2054 1853 2311 1952 stitutas,
2359 1875 2406 1952 _a
2461 1857 2936 1938 metropolitanis
2984 1856 3493 1952 administrentur,
3554 1868 3704 1932 quos

317 1943 646 2032 μειονεκτεῖν
731 1953 828 2030 μὲν
871 1953 1030 2015 αὐτὰς
1103 1952 1210 2008 τῶν
1279 1949 1681 2031 μητροπόλεων,
1739 1951 1964 2028 ὑπερτε-

2049 1943 2225 2005 etiam
2259 1945 2374 2026 ipsi
2406 1965 2666 2008 canones
2695 1947 2993 2027 appellant
3048 1945 3269 2020 primos
3305 1965 3318 2007 :
3379 1961 3510 2024 quae.
3565 1958 3704 2002 vero

314 2057 429 2123 ρεῐν
470 2041 526 2100 δὲ
568 2047 673 2100 τῶν
702 2041 1028 2099 ἐπισκόπων.
1092 2039 1244 2098 Οὕτω
1297 2039 1537 2107 λυθείσης
1595 2040 1682 2096 καὶ
1717 2044 1815 2106 τῆς
1843 2061 1962 2096 τοι-

315 2132 478 2201 αύτης
522 2129 866 2213 ἀμφιϐολίας,
911 2129 1098 2198 ἤθελον
1153 2131 1348 2204 εἰπεῖν,
1407 2129 1530 2186 ὅτου
1585 2129 1744 2209 χάριν
1788 2131 1816 2185 ὁ
1859 2129 1963 2186 πά-

315 2245 418 2286 πας
473 2213 685 2299 Ῥώμης
743 2222 1103 2296 οἷκουμενικὸς
1164 2220 1343 2285 πάπας
1399 2218 1630 2300 λέγεται,
1703 2221 1956 2284 ὡσαύτως

314 2311 402 2368 καὶ
459 2312 487 2367 ὁ
541 2309 959 2390 ἀρχιεπίσκοπος
1018 2307 1646 2381 Κωνσταντινουπόλεως,
1707 2310 1960 2384 οἰκουμέ-

315 2401 457 2463 νικὸς
517 2399 854 2479 πατριάρχης
887 2417 902 2434 ⁸
975 2401 1022 2455 οἱ
1095 2397 1151 2455 δὲ
1219 2398 1395 2456 λοιποὶ
1462 2399 1808 2479 πατριάρχαι,
1872 2399 1962 2454 καὶ

313 2500 476 2549 ταῦτα
508 2493 604 2557 τῆς
638 2489 802 2556 αὐτῆς
849 2485 994 2552 ὄντες
1051 2486 1270 2564 τάξεως,
1331 2487 1577 2560 κλήσεώς
1629 2510 1687 2545 τε
1727 2491 1818 2546 καὶ
1871 2511 1960 2545 τι-

310 2585 442 2657 μῆς,
487 2581 576 2637 καὶ
605 2579 806 2647 ταύτης
850 2579 944 2636 οὒκ
987 2578 1180 2660 ἔτυχον
1234 2586 1333 2648 τῆς
1377 2579 1764 2660 ἀνακηρύξεως.
1811 2577 1960 2638 Ἐπεὶ

307 2668 363 2726 δὲ
415 2669 507 2726 τὸν
567 2668 664 2746 μὲν
733 2669 912 2726 πάπαν
970 2669 1030 2725 τὸ
1096 2675 1196 2737 τῆς
1254 2669 1525 2750 φιλαυτίας
1561 2668 1830 2746 δαιμόνιον
1859 2675 1957 2737 τῆς

307 2763 413 2816 τῶν
466 2757 668 2816 λοιπῶν
716 2758 1029 2837 ἁγιωτάτων
1082 2765 1427 2840 πατριαρχῶν
1483 2759 1780 2827 ἀπέστησεν
1851 2763 1959 2836 ὁμ-

306 2850 570 2928 ηγύρεως,
615 2847 704 2904 καὶ
746 2849 820 2912 εἰς
850 2847 1020 2924 μόνην
1051 2847 1150 2916 τὴν
1185 2848 1342 2904 Δύσιν
1372 2847 1775 2930 ἐστενοχώρησε
1807 2865 1822 2882 ⁸
1871 2850 1959 2907 τὸν

307 2935 363 2994 δὲ
422 2936 1032 3003 Κωνσταντινουπόλεως
1100 2935 1283 3014 βλέπω
1351 2937 1538 3014 μηδενὶ
1594 2943 1699 2996 τῶν
1759 2961 1960 3017 προνο-

307 3026 442 3103 μίων
497 3032 589 3083 τοῦ
642 3026 795 3086 πάπα
852 3027 1351 3103 κατακοσμούμενον
1423 3025 1564 3108 (οὔτε
1601 3028 1701 3108 γὰρ
1756 3035 1834 3104 τῷ
1863 3029 1960 3096 τῆς

2045 2032 2154 2096 sub
2185 2053 2250 2096 se
2277 2054 2394 2096 non
2418 2035 2644 2099 habent
2667 2035 2842 2097 urbes
2863 2036 3112 2116 aliquas,
3157 2035 3574 2116 episcoporum
3599 2050 3700 2093 re-

2041 2121 2252 2201 gimini
2273 2124 2565 2201 subditas,
2592 2125 3075 2206 archiepiscopos
3092 2122 3632 2203 habeantpontificr
3648 2142 3698 2185 s:

2040 2212 2434 2276 utinferiores
2471 2215 2562 2276 has
2583 2215 2820 2296 quidem
2856 2213 3448 2294 sintmetropolibus,
3475 2220 3534 2274 at
3564 2212 3698 2290 epi-

2043 2302 2383 2382 scopatibus
2407 2305 2770 2386 superiores.
2793 2303 2858 2366 In
2890 2306 3045 2366 hunc
3077 2304 3345 2379 modum,
3377 2303 3490 2365 hoc
3523 2303 3698 2364 etiam

2042 2389 2320 2470 ambiguo
2337 2393 2554 2474 soluto,
2579 2394 3146 2476 volebantequidem
3171 2393 3397 2468 dicere,
3416 2389 3698 2473 quamob-

2041 2495 2171 2540 rem
2207 2499 2356 2562 papa
2387 2485 2692 2546 Romanus
2722 2485 3058 2566 appelletur
3105 2483 3460 2546 universalis
3507 2481 3694 2563 Papa,

2043 2568 2439 2653 similiterque
2460 2573 3002 2654 Constantinopolis
3029 2573 3538 2654 archiepiscopus,
3563 2571 3696 2633 uni~

2045 2657 2290 2719 versalis
2323 2661 2695 2740 patriarcha:
2729 2655 2862 2724 cum
2909 2663 3124 2744 reliqui
3152 2662 3526 2744 patriarchae,
3559 2661 3701 2724 licet

2044 2746 2314 2826 ejusdem
2347 2751 2466 2812 sint
2495 2751 2746 2825 ordinis,
2775 2753 3192 2833 appellationis
3223 2761 3281 2815 et
3310 2753 3583 2827 honoris,
3617 2753 3700 2814 ita

2043 2837 2397 2917 proclamari
2431 2860 2548 2902 non
2597 2844 2850 2903 soleant.
2911 2841 3026 2906 Sed
3059 2842 3294 2924 quando
3340 2861 3550 2924 papam
3582 2846 3700 2904 Bo-

2044 2944 2284 2990 manum
2318 2929 2510 2992 malus
2541 2930 2882 2994 ambitionis
2909 2932 3010 2994 ille
3031 2934 3242 3013 genius
3269 2951 3301 2994 a
3331 2932 3696 3013 reliquorum

2043 3019 2558 3082 sanctissimorum
2583 3021 3050 3102 patriarcharum
3083 3030 3240 3086 cmtu
3282 3022 3516 3102 avulsit,
3551 3031 3608 3084 et
3637 3022 3700 3084 in

303 3113 576 3193 βασιλείας
646 3113 804 3194 λώρῳ
853 3115 990 3171 κατά
1057 3117 1118 3171 τὸ
1172 3122 1265 3172 τοῦ
1346 3105 1495 3196 ἁγίου
1569 3105 1961 3175 Κῶνσταντίνου

2047 3105 2434 3196 Occidentem
2459 3111 2740 3173 duntaxat
2769 3113 3088 3176 coarclavit
3115 3134 3130 3190 ;
3164 3133 3296 3176 cum
3329 3113 3567 3177 interim
3602 3113 3696 3174 vi-

307 3204 653 3281 νομιζόμενον
707 3203 972 3280 θέσπισμα
1034 3206 1439 3286 καταστέφεται,
1505 3203 1623 3263 οὔτε
1704 3204 1965 3264 κοκκοϐα-

304 3292 425 3373 φέσι
508 3290 740 3356 πεδίλοις
814 3293 950 3350 κατὰ
1019 3295 1082 3350 τὸ
1133 3294 1370 3352 τυπωθὲν
1425 3295 1770 3376 θεατρίζεται,
1842 3295 1962 3352 ἀλλ’

302 3379 410 3441 οὐδ’
457 3381 619 3460 ἑτέρῳ
674 3383 948 3463 προνομίῳ
1002 3387 1101 3451 τῆς
1145 3383 1373 3449 παλαιᾶς
1420 3375 1632 3462 Ῥώμης
1674 3375 1960 3467 κέχρηται,

302 3474 392 3529 καὶ
417 3470 502 3528 διὰ
558 3480 712 3531 τοῦτο
755 3474 803 3528 οἱ
859 3469 1015 3536 πόδες
1087 3476 1245 3532 αὐτοῦ
1299 3473 1544 3530 ’ίστανται
1594 3473 1646 3532 ἓν
1698 3476 1960 3555 εὖθύτητι,

300 3563 391 3619 καὶ
417 3563 452 3628 ἡ
483 3560 691 3641 κεφαλὴ
723 3563 881 3620 αὐτοῦ
921 3563 1144 3636 παντοία
1173 3562 1400 3638 συνέσει,
1439 3563 1575 3620 κατὰ
1630 3565 1720 3620 τὸν
1781 3561 1958 3638 Δαϐὶδ,

297 3651 628 3708 πεπολίωται
661 3665 676 3680 ⁸
723 3652 812 3707 καὶ
861 3651 956 3714 τὰς
1014 3652 1209 3714 οἰκείας
1263 3650 1320 3708 δὲ
1374 3653 1684 3734 ὑπογραφὰς
1743 3654 1816 3719 ὡς
1875 3655 1958 3710 οἷ-

296 3739 616 3815 κουμενικὶρς
673 3740 735 3795 οὖ
805 3739 1077 3818 μεγεθύνει
1149 3741 1348 3821 πατὴρ,
1432 3739 1530 3798 κᾶν
1616 3741 1744 3821 παρ’
1800 3744 1957 3817 ἡμῶν

297 3827 441 3886 οὕτω
469 3827 728 3896 κέκληται
761 3831 849 3886 καὶ
905 3827 1225 3903 δεδόξασθαι)
1256 3849 1271 3864 ⁸
1331 3831 1430 3899 τὴν
1473 3831 1573 3907 μὲν
1609 3834 1728 3910 περὶ
1771 3831 1958 3889 τούτου

295 3919 614 3992 συζήτησιν,
672 3919 746 3983 ὡς
801 3916 1108 3999 ἀλυσιτελῇ,
1167 3919 1511 4000 παρατρέχω.
1559 3917 1956 3998 Ἀπολογοῦμαι

293 4006 357 4062 δὲ
399 4007 530 4084 πρὸς
575 4007 698 4071 τοὺς
757 4005 1009 4086 λέγοντας
1065 4006 1376 4088 τολμηρῶς,
1449 4007 1676 4088 ὀφείλειν
1718 4013 1817 4075 τῆς
1848 4031 1956 4065 πα-

291 4095 616 4175 τριαρχικῆς
687 4093 1061 4161 ἀποξενοῦσθαι
1121 4103 1284 4172 τιμῆς
1343 4099 1433 4155 τὸν
1476 4095 1810 4178 Ἀντιοχείας
1869 4100 1957 4154 καὶ

291 4192 406 4244 τῶν
479 4179 883 4264 Ἰεροσολύμων.
959 4186 1335 4243 Κεκανόνισται
1411 4187 1534 4267 γὰρ,
1605 4187 1754 4268 φασὶ,
1827 4185 1954 4262 μηδ’

2044 3195 2224 3259 deant
2255 3201 2970 3282 Constantinopolitanum
3005 3203 3170 3266 nullo
3196 3222 3360 3284 papae
3390 3202 3698 3284 privilegio

2045 3297 2238 3349 semet
2290 3297 2602 3350 ornantem
2667 3291 2911 3372 (quippe
2988 3311 3102 3354 nec
3158 3293 3326 3372 regni
3383 3299 3702 3355 coronatur

2047 3377 2252 3453 fascia,
2279 3379 2607 3440 secundum
2633 3380 2716 3456 id,
2752 3382 2911 3462 quod
2942 3383 3130 3445 sancti
3184 3383 3553 3447 Constantini
3583 3393 3700 3445 sta-

2051 3475 2241 3530 tutum
2279 3486 2411 3530 esse
2444 3477 2705 3550 putatur,
2731 3489 2846 3532 nec
2871 3491 3004 3533 cum
3034 3472 3330 3534 coccineis
3359 3472 3604 3547 calceis,
3636 3482 3700 3534 ut

2044 3557 2268 3618 ibidem
2307 3559 2570 3620 sancitur
2597 3578 2613 3632 ;
2645 3560 2804 3621 velut
2843 3560 2904 3622 in
2936 3562 3272 3642 spectaculo
3303 3571 3495 3626 semet
3522 3562 3696 3625 exhi-

2045 3645 2182 3727 bet;
2223 3665 2334 3709 nec
2357 3648 2516 3710 aliud
2539 3649 2801 3730 denique
2839 3649 3042 3713 Romae
3063 3652 3282 3714 veteris
3315 3671 3477 3732 papae
3511 3651 3695 3731 privi-

2041 3733 2262 3814 legium
2296 3745 2578 3818 usurpat:
2609 3738 2864 3820 ideoque
2881 3748 3036 3801 stant
3058 3741 3244 3821 pedes
3268 3741 3397 3819 ejus
3431 3741 3490 3802 in
3521 3739 3669 3802 recti

2042 3825 2269 3899 tudine,
2289 3834 2345 3887 et
2365 3834 2538 3908 caput
2561 3827 2690 3907 ejus
2711 3847 2803 3890 om
2815 3829 3028 3908 nigena
3050 3829 3386 3909 prudentia,
3410 3829 3694 3910 quemad-

2043 3915 2283 3977 modum
2369 3915 2622 3980 Davides
2701 3919 2982 3997 loquitur,
3047 3919 3332 3982 incanuit.
3396 3919 3560 3984 Idem
3621 3939 3697 3982 ne

2039 4005 2515 4087 subscriptiones
2546 4007 2788 4087 quidem
2823 4027 2964 4070 suas
2994 4009 3341 4090 magniﬁcas
3374 4009 3534 4084 facit,
3569 4018 3698 4072 tan—

2039 4113 2215 4174 quam
2236 4104 2403 4176 pater
2426 4095 2777 4160 universalis
2807 4119 2821 4174 ;
2855 4099 2994 4161 licet
3017 4119 3050 4160 a
3074 4099 3244 4163 nobis
3267 4099 3345 4160 ita
3375 4106 3618 4161 vocetur
3635 4111 3696 4161 et

2038 4184 2378 4246 celebretur
2409 4186 2715 4267 (equidem
2751 4187 2826 4250 de
2857 4190 2970 4251 hoc
3002 4189 3507 4270 disquisitionem,
3543 4190 3698 4252 velut

290 4275 354 4332 ἐν
409 4274 713 4355 ἀρχιερεῦσι
785 4274 1158 4332 συντάττεσθαι
1243 4277 1364 4340 τοὺς
1432 4277 1510 4353 μὴ
1581 4274 1953 4354 ῥιψοκινδύνως

2047 4273 2470 4356 infrugiferam,
2491 4275 2803 4340 instituere
2827 4279 3213 4359 supersedeo.
3244 4281 3462 4342 Facere
3494 4288 3691 4340 tamen

290 4363 702 4444 ἀπερχομένους
759 4363 1036 4444 ἀρχιερεῖς
1095 4367 1170 4428 εἰς
1252 4367 1373 4430 τοὺς
1456 4367 1600 4445 παρὰ
1673 4363 1981 4444 Βαρϐάρωνῖ

2047 4383 2160 4424 non
2189 4383 2452 4444 possum,
2489 4365 2632 4446 quin
2683 4366 2754 4427 iis
2804 4369 3223 4448 respondeam,
3258 4368 3358 4448 qui
3415 4368 3697 4430 audacter

289 4453 691 4534 κατεχομένους
747 4456 960 4532 θρόνους
1018 4459 1214 4531 αὐτῶν,
1276 4453 1412 4530 μηδῖ
1457 4457 1546 4512 τὸν
1590 4461 1682 4511 τοῦ
1754 4477 1958 4534 μαρτυ-

2047 4453 2387 4534 praedicant,
2413 4454 2747 4530 adignitate
2765 4458 3139 4537 patriam-itali
3159 4458 3557 4519 removendos
3580 4457 3696 4518 An-

297 4545 413 4624 ρίου
464 4543 891 4622 προαρπάζοντος
951 4543 1229 4625 στέφανον,
1293 4536 1383 4608 Ὠς
1442 4546 1486 4600 εἶ
1533 4545 1629 4620 μὲν
1687 4545 1782 4600 εἶσὶ
1838 4543 1959 4600 λαϊ-

2047 4541 2383 4604 tiochenum
2408 4551 2464 4603 et
2485 4536 3107 4626 Hiei'osolyniitanuxii.
3124 4545 3694 4625 Quippecanonibus

294 4635 383 4691 κοὶ
411 4635 459 4690 οἱ
500 4635 718 4690 τοιαῦτα
770 4633 905 4706 καθά
975 4655 1024 4689 τι
1069 4634 1294 4710 μάταιον
1352 4632 1619 4710 ἅμϐλωμα
1674 4633 1811 4690 κατὰ
1851 4633 1958 4691 τῶν

2047 4637 2322 4696 statutum
2356 4639 2466 4712 est,
2501 4631 2795 4713 inquiunt,
2831 4655 2908 4696 ne
2937 4636 3175 4717 quidem
3206 4636 3360 4697 inter
3383 4633 3698 4715 pontifices

295 4724 460 4801 ἁγίων
516 4719 763 4801 κεφαλῶν
820 4719 1197 4804 ὠδινήσαντες,
1246 4723 1570 4803 συγγνώμης
1627 4720 1957 4792 ἀξιωθήσον-

2047 4721 2442 4782 recensendos
2472 4739 2625 4804 esse,
2661 4725 2758 4804 qui
2793 4744 2911 4784 non
2945 4726 3036 4786 vel
3067 4732 3330 4786 extremo
3364 4743 3496 4784 cum
3532 4723 3692 4800 peri-

291 4834 382 4869 ται
414 4812 550 4871 κατὰ
579 4809 783 4880 πολλὴν
841 4811 1148 4876 ἐπιείκειαν,
1211 4813 1508 4893 Γέγραπται
1541 4813 1642 4892 γάρ
1678 4830 1692 4846 ⁸
1740 4811 1812 4869 Οὔ
1845 4813 1956 4891 χρὴ

2047 4809 2172 4871 culo
2209 4827 2276 4870 se
2296 4810 2606 4871 conferant
2626 4813 2694 4874 ad
2723 4813 2968 4876 thronos
3000 4833 3140 4876 suos
3158 4834 3189 4875 a
3212 4811 3487 4876 Barbaris
3509 4830 3690 4872 occu-

297 4893 565 4978 Ῥωμαϊον
610 4900 770 4982 ἄνδρα
840 4903 1031 4983 νόμους
1084 4904 1302 4983 (ταύτὸν
1347 4903 1392 4959 δ’
1451 4902 1594 4959 ἔστιν
1651 4902 1822 4958 εἰπεῖν
1870 4903 1956 4959 καὶ

292 4990 548 5070 κανόνας)
603 4990 843 5070 ἀγνοεῖν.
904 4982 1035 5050 ’Ὁτι
1091 4982 1189 5050 κᾶν
1261 4992 1524 5073 χειρώναξ
1566 4993 1643 5054 τίς
1691 4990 1826 5063 ἐστι,
1861 4989 1954 5046 κᾶν

292 5079 513 5160 σύρφαξ,
561 5080 774 5138 οἴκοθεν
803 5079 990 5139 εἰδέναι
1021 5082 1211 5158 νόμους
1252 5083 1290 5151 ἢ
1343 5083 1569 5146 κανόνας
1613 5081 1692 5156 μὴ
1735 5103 1958 5160 συγχωο

293 5169 547 5250 ρούμενός
578 5169 742 5250 ἐστιν,
775 5169 892 5226 ἀλλ’
925 5174 973 5228 οἱ
1002 5173 1217 5237 τούτους
1263 5172 1399 5229 κατὰ
1447 5168 1759 5236 σπουδαίους
1791 5169 1952 5249 ἀργυ-

293 5261 646 5341 ρογνώμονασ
673 5261 1109 5338 μεταλλεύοντες.

381 5373 406 5408 ι
440 5341 621 5409 υΟσσα
651 5373 706 5408 τε
735 5350 907 5433 φύλλα
953 5355 1040 5410 καὶ
1093 5351 1248 5411 ἄνθεα
1305 5354 1502 5432 γίνεται
1557 5350 1738 5432 εἴαρος
1787 5351 1900 5430 ὥρῃ
1936 5367 1949 5382 ⁸

2038 4907 2232 4979 patos,
2267 4918 2377 4960 nec
2409 4902 2670 4980 martyrii
2699 4921 2978 4965 coronam
3004 4904 3371 4986 praﬂ'ipianl.
3399 4900 3688 4964 Nimirum

2037 4989 2087 5050 si
2118 4989 2252 5051 laici
2285 4996 2444 5062 sunt,
2478 4989 2579 5070 qui
2613 4990 2754 5053 talia
2803 4993 2980 5054 veluti
3040 4993 3320 5055 stolidum
3373 4990 3689 5071 quemdam

2036 5079 2308 5141 abortum
2324 5078 2603 5140 adversus
2624 5099 2788 5144 sacra
2822 5092 3024 5144 sancta
3054 5081 3241 5162 capita
3264 5079 3690 5160 parturierunt,

2036 5169 2267 5232 veniam
2303 5167 2693 5231 merebuntur
2747 5188 2816 5232 ex
2868 5171 3156 5252 singulari
3201 5169 3452 5252 quadam
3489 5176 3694 5229 nostra

2037 5258 2470 5320 moderatione.
2499 5259 2873 5340 Cmteroquin
2906 5261 3063 5322 enim
3093 5261 3380 5341 scriptum
3406 5264 3532 5319 est:
3567 5255 3693 5318 Ho-

2039 5347 2261 5408 minem
2283 5346 2616 5408 Romanum
2641 5349 2914 5427 ignorare
2933 5350 3096 5428 leges
3119 5349 3302 5429 (idem
3322 5355 3383 5410 et
3403 5345 3476 5407 de
3507 5363 3694 5407 cano-

294 5439 472 5503 nibus
500 5440 842 5517 dicendum)
871 5461 990 5505 non
1019 5450 1274 5525 oportet.
1298 5441 1531 5524 Quippe
1560 5439 1708 5504 licet
1734 5439 1949 5522 aliquis
1980 5437 2322 5501 manuarius
2354 5437 2433 5499 sit
2463 5437 2682 5520 opifex,
2717 5448 2773 5502 et
2806 5459 2874 5502 ex
2907 5441 3110 5503 inﬁma
3132 5439 3276 5502 faece
3307 5435 3518 5520 plebis,
3551 5434 3693 5525 quin

291 5529 456 5611 leges
487 5539 588 5594 aut
619 5550 882 5594 canones
913 5551 1020 5614 per
1047 5524 1113 5597 se
1142 5533 1320 5604 norit,
1356 5532 1590 5595 veniam
1616 5531 1942 5612 impetrare
1968 5546 2088 5591 non
2119 5534 2313 5610 potest
2350 5545 2366 5604 ;
2429 5546 2564 5589 cum
2611 5528 2712 5609 qui
2760 5529 2924 5610 leges
2973 5537 3032 5592 et
3061 5546 3345 5611 canones,
3378 5525 3566 5587 instar
3593 5524 3692 5586 in-

289 5617 658 5686 dustriorum
690 5621 922 5704 argenti
953 5624 1417 5708 etploratorum,
1452 5620 1833 5703 investigant,
1869 5621 1929 5682 in
1956 5619 2064 5681 hac
2090 5617 2239 5682 urbe
2268 5617 2432 5698 regia
2461 5623 2545 5679 tot
2575 5618 2716 5682 sint.

1205 5712 1369 5793 Quot
1397 5711 1548 5795 folia
1577 5718 1639 5776 et
1665 5713 1843 5793 ﬂores
1870 5716 2214 5775 nascuntur
2244 5713 2509 5788 tempore
2540 5725 2760 5774 verno:
