4120 6426
437 391 593 457 1179

1807 395 1840 456 J
1847 392 1939 456 US
1980 390 2427 456 CANONICUM

3663 385 3818 454 1180

430 523 532 603 qui
552 523 794 605 quidem
827 525 1012 587 cuivis
1036 528 1111 589 ad
1135 543 1376 588 manum
1411 532 1574 602 sunt,
1609 531 1893 605 tanquam
1925 523 2076 586 libe-

2164 525 2307 603 παρὰ
2361 523 2526 601 ταύτῃ
2580 529 2650 600 τῇ
2719 522 3066 600 βασιλευούσῃ
3125 529 3229 580 τῶν
3272 521 3481 581 πόλεων
3550 524 3818 593 καθεστή-

429 611 555 674 rale
577 614 874 695 quoddam
934 623 996 678 et
1046 615 1213 678 nullo
1267 622 1547 678 constans
1577 615 1769 695 pretio
1792 614 2079 696 epulum:

429 720 628 782 neque
654 702 900 765 dubium
950 711 1062 778 est,
1126 704 1268 786 quin
1313 705 1527 766 horum
1575 702 1861 765 doctrinae
1891 702 2083 765 mulso

432 790 786 869 dulcescere
808 793 995 874 possit
1015 794 1265 856 istorum
1288 792 1682 872 ignorationis
1693 791 2080 855 absinthium.

427 881 534 941 Sin
563 889 760 944 autem
793 901 962 944 sacro
1005 883 1352 963 pontiﬁcum
1379 881 1645 960 catalogo
1679 881 2082 959 continentur,

428 967 616 1032 babae!
642 989 900 1051 quonam
926 971 1104 1034 modo
1129 971 1264 1052 quis
1285 972 1500 1033 horum
1521 969 2085 1034 condemnationem

425 1059 790 1139 expresserit
815 1059 1049 1133 ‘iQuam
1077 1061 1236 1122 enim
1264 1059 1592 1123 merebitur
1616 1059 1666 1122 is
1694 1058 1953 1135 veniam,
1982 1057 2088 1140 qui

2165 635 2313 693 κασι,
2365 614 2450 670 καὶ
2478 611 2781 693 πρόκεινται
2837 619 2914 688 τῷ
2962 609 3269 690 βουλομένῳ
3323 612 3481 669 παντὶ
3537 611 3818 693 φιλότιμος

2167 701 2447 760 πανδαισία
2490 703 2578 760 καὶ
2636 702 3096 781 ἀπραγμάτευτος,
3152 703 3240 758 καὶ
3295 702 3507 764 πάντως
3572 708 3651 776 τῷ
3721 721 3816 778 με-

2167 790 2399 872 λικράτῳ
2448 791 2544 860 τῆς
2603 789 2936 857 διδασκαλίας
2995 793 3163 849 αὐτῶν
3220 790 3517 868 ἐμελιτώθη
3584 793 3648 848 τὸ
3715 795 3820 858 τῆς

2165 880 2377 961 ἀγνοίας
2420 881 2631 938 ἐκείνων
2659 881 2917 957 ἀψίνθιον.
2966 881 3024 939 Ei
3071 878 3126 936 δὲ
3183 887 3276 938 τοῦ
3329 880 3468 938 θείου
3519 878 3822 959 καταλόγου

2166 977 2270 1028 τῶν
2304 970 2596 1052 ἀρχιερέων
2626 971 2744 1045 εἰσὶ,
2792 967 2948 1048 βαϐαί
2981 969 2997 1030 l
3058 970 3173 1033 πῶς
3223 969 3286 1026 ἀν
3330 991 3412 1034 τις
3441 967 3576 1046 εἴπῃ
3617 970 3707 1026 καὶ
3739 967 3822 1025 δι-

2165 1061 2428 1139 ηγήσεται
2457 1060 2557 1127 τὴν
2605 1057 2943 1138 ἐπαγομένην
2991 1059 3196 1123 τούτοις
3251 1059 3607 1140 κατάκρισινς
3657 1057 3821 1121 Ποίας

424 1166 558 1210 cum
574 1167 638 1212 se
651 1168 910 1213 canones
931 1149 1151 1214 docere
1177 1150 1856 1232 proﬁteatur,canonum
1885 1157 2076 1210 tamen

2168 1151 2267 1228 γὰρ
2335 1148 2659 1229 συγγνώμης
2715 1147 3061 1219 ἀξιωθήσεται
3139 1151 3168 1205 ὁ
3249 1145 3508 1206 διδάσκειν
3591 1147 3821 1211 κανόνας

428 1238 761 1302 cratissiem
797 1258 914 1302 non
941 1240 1122 1316 videt,
1157 1259 1290 1320 quae
1335 1238 1531 1320 ipsum
1583 1256 1770 1321 prope
1819 1245 2076 1303 montem

2169 1236 2644 1317 ἐπαγγειλάμενος,
2703 1239 2792 1295 καὶ
2840 1237 3074 1295 κανόνων
3129 1238 3209 1313 μὴ
3264 1236 3477 1315 βλέπων
3505 1237 3818 1318 παχύτητα,

427 1326 624 1388 Athon
655 1325 958 1408 superat?
986 1325 1244 1391 Omnino
1301 1327 1548 1389 nullam.
1602 1325 1726 1388 Imo
1784 1326 1981 1408 potius
2009 1343 2076 1388 ex

2163 1330 2251 1385 τὸν
2353 1331 2504 1385 Αθων
2559 1327 2715 1386 αὺτὸν
2759 1325 2952 1408 σχεδὸν
2981 1325 3390 1405 ὑπερϐαίνουσαν
3424 1345 3442 1408 ς
3485 1327 3704 1390 Πάντως
3734 1325 3824 1383 0'3-

427 1413 823 1496 omnipotenti
851 1414 976 1478 Deo
1007 1415 1233 1480 audiet.
1265 1414 1354 1477 Tu
1381 1414 1644 1496 rejecisti
1673 1414 1986 1495 justitiam,
2020 1421 2076 1478 et

2163 1415 2344 1493 δεμιᾰς
2377 1431 2392 1447 ⁸
2452 1417 2662 1476 ἀκούσει
2691 1415 2747 1473 δὲ
2806 1415 3011 1493 μᾶλλον
3050 1416 3156 1474 ἀπὸ
3205 1423 3336 1474 Θεοῦ
3365 1417 3816 1495 παντοκράτορος⁶

428 1522 536 1584 ego
565 1505 836 1584 rejiciam
871 1513 950 1579 te,
985 1524 1061 1568 ne
1090 1504 1238 1567 mihi
1258 1505 1343 1568 sis
1373 1504 1676 1568 sacerdos.
1701 1503 2076 1587 Quapropter

2166 1507 2240 1565 Κὺ
2271 1506 2472 1563 ἀπώσω
2530 1504 2886 1587 δικαιοσύνην,
2929 1505 3086 1584 κάγὼ
3142 1505 3428 1581 ἀπωσόμαί
3473 1527 3532 1562 σε
3586 1511 3678 1561 τοῦ
3736 1504 3816 1580 μὴ

427 1583 592 1655 omni
619 1583 694 1656 de
724 1595 834 1658 hoc
864 1595 1244 1657 contentione
1277 1594 1520 1670 omissa,
1558 1594 1778 1675 scripto
1804 1583 2076 1676 praesenti

2164 1595 2443 1674 ἱερατεύειν
2501 1617 2614 1671 μοι.
2679 1583 2845 1652 υΟθεν
2900 1583 3160 1674 τηνίπερὶ
3201 1595 3388 1652 τούτου
3429 1591 3638 1661 πολλὴν
3666 1593 3818 1649 ἀντι-

425 1682 499 1744 ad
533 1683 860 1745 tollendum
895 1703 1074 1746 omne
1103 1683 1448 1745 scandalum
1477 1683 1946 1746 inseramxxvxu
1979 1700 2076 1745 ca-

2166 1682 2353 1762 λογίαν
2409 1682 2740 1760 καταλιπὼν,
2815 1684 3232 1761 καταστρωννύω
3314 1683 3445 1763 πρὸς
3499 1683 3818 1763 περιαίρεσιν

425 1793 642 1836 nonem
676 1784 894 1839 coacta:
924 1777 985 1837 in
1018 1776 1214 1856 magni
1268 1775 1478 1858 palatii
1525 1775 1730 1838 Trullo
1761 1787 1985 1837 sanctze
2013 1793 2076 1837 ac

2167 1758 2460 1833 σκανδάλου
2514 1758 2730 1838 παντὸς.
2768 1778 2837 1850 τῇ
2875 1758 3116 1850 παρούσῃ
3163 1758 3367 1853 γραφῇ-
3397 1772 3489 1828 τὸν
3518 1758 3604 1843 λζ’
3624 1758 3820 1827 κανόνα

427 1864 787 1927 universalis
811 1865 1048 1947 synodi,
1070 1885 1202 1946 quae
1231 1867 1438 1947 quinta
1453 1877 1514 1929 et
1543 1875 1704 1928 sexta
1726 1865 1845 1927 dici
1887 1864 2039 1926 solet
2063 1881 2078 1928 :

426 1955 524 2034 qui
557 1973 699 2015 sane
721 1971 912 2016 canon
936 1954 1016 2016 ita
1033 1963 1203 2017 sonat
1217 1955 1290 2016 ad
1310 1955 1558 2017 verbum
1587 1977 1599 2014 :
1636 1955 1796 2031 Quia
1818 1954 2083 2017 diversis

426 2041 798 2122 temporibus
813 2043 1228 2106 Barbarorum
1243 2044 1672 2124 impressiones
1699 2043 2082 2123 acciderunt,

422 2139 480 2193 et
502 2131 680 2194 urbes
697 2133 840 2195 hinc
856 2132 1138 2211 plurimae
1165 2133 1424 2196 redactae
1443 2140 1585 2196 sunt
1621 2134 1687 2195 in
1720 2138 2082 2213 potestatem

423 2221 635 2301 impio:
650 2239 781 2297 um,
801 2230 890 2285 ita
916 2231 984 2285 ut
1001 2223 1280 2303 deinceps
1302 2223 1482 2294 huius
1505 2221 1590 2284 tat
1597 2223 1648 2285 is
1669 2223 1846 2285 urbi:
1861 2239 2084 2302 pressos

423 2317 558 2389 post
599 2310 1039 2374 ordinationem
1077 2331 1255 2375 suam
1293 2331 1418 2375 non
1477 2312 1754 2393 poluerit
1799 2311 2082 2375 thronum

428 2416 606 2461 suum
618 2399 1177 2481 accipere,atquein
1191 2420 1259 2464 eo
1270 2421 1380 2482 pro
1392 2401 2082 2464 conditionesacerdota-

426 2486 474 2549 ti
495 2486 811 2569 collocari,
835 2498 889 2552 et
910 2507 1027 2552 usu
1049 2497 1294 2571 recepta
1317 2491 1749 2553 consuetudine
1772 2499 1892 2553 tam
1915 2491 2081 2553 ordi-

425 2579 735 2649 nationes,
760 2595 940 2658 quam
957 2581 1088 2643 alia
1111 2582 1342 2657 omnia,
1367 2599 1498 2660 quae
1516 2581 1596 2642 ad
1616 2583 1876 2661 episcopi
1895 2581 2081 2661 perti-

425 2668 874 2747 uento/“ﬁcium,
880 2670 1170 2750 perﬁcere
1183 2679 1360 2751 atque
1371 2688 1676 2734 exercere:
1690 2688 1801 2732 nos
1811 2670 2082 2748 dignita-

429 2762 541 2818 tem
571 2759 1429 2821 etvenerationemsacerdotii
1444 2759 2079 2837 tuentes,minimeque

425 2843 1029 2926 volentes,utinjuria
1039 2866 1428 2929 paganorum
1435 2849 1471 2926 j
1478 2847 1688 2910 aribus
1714 2847 2081 2910 ecclesiasti-

425 2935 883 2998 cisdctrimento
895 2939 998 3012 sit,
1021 2939 1085 3000 in
1102 2938 1263 3000 hunc
1298 2937 1544 3000 modum
1562 2937 1888 3006 ordinatis,
1919 2942 1976 2999 et
2004 2934 2077 2998 ob

426 3041 674 3086 causam
686 3043 873 3106 supra
878 3032 1136 3107 positam
1151 3027 1394 3090 thro-nos
1409 3045 1550 3090 suos
1565 3045 1686 3090 non
1699 3025 2073 3108 possidenti-

431 3113 562 3190 bus,
588 3115 688 3194 jus
699 3132 876 3178 suum
886 3116 1468 3198 absquepra’judicio
1487 3117 1574 3179 sic
1594 3115 2076 3179 conservand-um
2095 3124 2134 3175 C
2159 3110 2366 3198 ἐθνικὴν

430 3203 528 3265 (ἴθι
539 3205 821 3279 revimus,
837 3212 967 3269 utet
985 3207 1394 3270 ordinationes
1414 3207 1796 3269 dirersorum
1836 3205 2078 3268 clerico-

425 3310 560 3354 rum
569 3295 756 3370 juxta
775 3311 1040 3358 canones
1054 3297 1462 3373 instituanl,et
1480 3296 2079 3375 auctoritateprwsi-

427 3381 650 3444 dentioe
670 3385 999 3448 sei-undam
1013 3387 1250 3447 modum
1266 3389 1662 3466 fruantur,ac
1692 3385 1949 3466 denique
1964 3385 2080 3465 ﬁr-

425 3488 526 3533 ma
544 3479 741 3535 etrata
757 3480 841 3535 sit
853 3478 1052 3537 omnis
1065 3475 1142 3538 ab
1165 3477 1310 3557 ipsis
1319 3476 1589 3555 profecta
1603 3475 2077 3537 administratio.

419 3561 552 3624 Non
573 3565 734 3626 enim
757 3581 973 3628 aecura
987 3568 1148 3629 tione
1169 3586 1279 3647 per
1293 3567 1675 3630 necessitatis
1713 3573 1945 3645 tempus
1963 3565 2084 3628 cir-

2163 1863 2260 1928 τῆς
2292 1860 2346 1918 ἐν
2378 1866 2454 1934 τῷ
2495 1859 2744 1941 Τρούλλῳ
2797 1869 2892 1919 τοῦ
2947 1860 3182 1939 μεγάλου
3239 1860 3496 1918 παλατίου
3553 1859 3817 1928 συστάσης

2163 1950 2316 2028 ἁγίας
2359 1953 2449 2007 καὶ
2477 1952 2845 2027 οἷκουμενικῆς
2899 1949 3116 2008 συνόδου
3169 1956 3271 2018 τῆς
3329 1949 3627 2029 λεγομένης
3656 1953 3816 2007 πενθ-

2165 2039 2349 2115 έκτης,
2401 2039 2566 2106 οὕτως
2596 2039 2682 2097 ἐπὶ
2711 2039 2901 2106 λέξεως
2946 2038 3145 2120 ἔχοντα
3179 2056 3193 2070 '
3232 2062 3256 2096 ε
3298 2037 3516 2107 Ἐπειδῆ
3546 2039 3684 2096 κατά
3710 2036 3820 2095 δια-

2164 2129 2354 2208 φόρους
2424 2130 2636 2208 καιροὸς
2733 2127 3044 2210 βαρϐαρικαὶ
3116 2129 3394 2210 γεγόνασιν
3448 2127 3648 2210 ἔφοδοι,
3731 2130 3826 2186 καὶ

2163 2216 2413 2274 πλεῖσται
2486 2217 2670 2282 πόλεις
2727 2217 2959 2277 ἐντεῦθεν
3030 2220 3328 2299 ὑποχείριοι
3411 2232 3529 2282 τοῖς
3599 2218 3820 2295 ἀνομοις

2167 2307 2526 2389 κατέστησαν,
2593 2310 2666 2374 ὡς
2752 2307 2983 2368 ἐντεῦθεν
3069 2309 3147 2385 μὴ
3219 2307 3496 2376 δυνηθῆναι
3565 2309 3658 2364 τὸν
3720 2312 3821 2375 τῆς

2163 2397 2414 2465 τοιαύτης
2498 2396 2706 2462 πόλεως
2789 2396 3038 2478 πρόεδρον
3107 2398 3243 2473 μετὰ
3337 2397 3437 2466 τὴν
3509 2396 3595 2454 ἐπ’
3679 2397 3825 2472 αὖτῷ

2165 2487 2498 2566 χειροτονίαν
2588 2488 2678 2543 τὸν
2764 2488 2962 2544 οἰκεῖον
3037 2487 3221 2566 θρόνον
3305 2484 3657 2563 καταλαϐεῖν,
3730 2488 3823 2544 καὶ

2167 2575 2221 2631 ὲν
2305 2577 2446 2650 αὗτῷ
2545 2579 2783 2654 ἱερατικῇ
2881 2577 3201 2633 καταστάσει
3299 2573 3648 2656 ἐνιδρυθῆναι,
3731 2577 3827 2632 καὶ

2162 2662 2298 2721 οὕτω
2368 2666 2505 2722 κατά
2587 2666 2649 2722 τὸ
2731 2668 3001 2744 κρατῆσαν
3083 2664 3196 2730 ἔθος
3279 2665 3376 2730 τὰς
3461 2665 3821 2746 χειροτονίας,

2161 2755 2248 2811 καὶ
2301 2755 2496 2828 πάντα,
2561 2755 2594 2809 ἃ
2646 2761 2724 2830 τῷ
2797 2753 3073 2828 ἐπισκόπῳ
3139 2754 3352 2828 ἀνήκει,
3429 2754 3679 2834 πράττειν
3761 2777 3824 2811 τε

2161 2843 2248 2900 καὶ
2333 2844 2810 2924 μεταχειρίζεσθαί,
2897 2845 3062 2920 ἡμεῖς
3145 2844 3205 2899 τὸ
3285 2844 3458 2920 τίμιον
3515 2845 3602 2900 καὶ
3662 2840 3828 2902 σεϐά-

2162 2954 2319 3008 σμιον
2403 2938 2473 3008 τῇ
2562 2933 2816 3010 ἱερωσύνῃ
2905 2930 3275 3008 φυλάττοντες,
3361 2933 3448 2989 καὶ
3558 2930 3828 3009 μηδαμῶς

2159 3022 2290 3100 πρὸς
2373 3019 2548 3096 λύμην
2647 3027 2753 3078 τῶν
2858 3020 3317 3089 ἐκκλησιαστικῶν
3420 3018 3636 3078 δικαίων
3719 3023 3827 3092 τὴν

2471 3109 2722 3189 ἐπήρειαν
2828 3110 3152 3190 ἐνεργεῖσθαι
3252 3109 3590 3191 βουλόμενοι,
3698 3124 3825 3177 τοῖς

2160 3197 2297 3256 οὕτω
2379 3205 2830 3278 χειροτονηθεῖσι,
2917 3200 3006 3256 καὶ
3103 3197 3187 3256 διὰ
3279 3201 3379 3267 τὴν
3463 3199 3826 3280 προκειμένην

2162 3289 2331 3344 αἰτίαν
2407 3288 2462 3344 ἐν
2526 3301 2642 3352 τοῖς
2713 3289 2913 3347 ἑαυτῶν
2998 3289 3077 3365 μὴ
3148 3289 3502 3368 ἐματαστᾶσι
3586 3293 3821 3372 θρόνοις,

2162 3377 2223 3432 τὸ
2318 3375 2767 3454 ἀποκριμάτιστον
2868 3380 3256 3457 συντηρτ,θῆναι
3356 3376 3767 3456 συνεωράκαμεν
3803 3393 3820 3409 ⁸

2164 3465 2300 3522 ὥστε
2383 3466 2472 3521 καὶ
2554 3465 2884 3545 χειροτονίας
2968 3464 3230 3546 διαφόρων
3311 3464 3583 3545 κληρικῶν
3655 3487 3824 3525 κανο-

2695 3555 2783 3610 καὶ
2864 3561 2934 3632 τῇ
3014 3559 3114 3623 τῆς
3197 3552 3498 3635 προεδρείας
3581 3556 3827 3630 αὖθεντίᾳ

2165 3558 2324 3616 νικῶς
2407 3567 2606 3629 ποιεῖν,

420 3654 805 3732 cumscripta,
817 3656 920 3717 (ex
931 3641 1210 3736 dispenso
1221 3657 1348 3718 tion
1359 3659 1407 3719 is
1422 3659 1481 3718 in
1493 3673 1570 3716 an
1578 3641 2076 3734 gustumcogelur

2167 3643 2302 3701 κατὰ
2356 3643 2446 3698 τὸν
2506 3641 2643 3700 ἴδιον
2698 3641 2818 3722 ὅρον
2874 3647 3198 3725 κεχρῆσθαι,
3271 3645 3359 3700 καὶ
3437 3641 3650 3719 βεϐαίαν
3729 3655 3827 3711 καὶ

419 3730 806 3817 νενομισμένην
850 3745 992 3802 εἶναι
1023 3730 1196 3802 πᾶσαν
1229 3745 1317 3802 ὕπ’
1346 3750 1514 3804 αὐτῶν
1559 3730 1847 3824 προϊοῦσαν
1901 3730 2179 3808 διοίκησιν.
2240 3735 2312 3793 0'5
2369 3733 2470 3813 γὰρ
2527 3733 2634 3789 ἀπὸ
2664 3740 2756 3789 τοῦ
2784 3738 2883 3800 τῆς
2927 3732 3168 3812 ἀνάγκης
3197 3739 3381 3814 καιροῦ
3409 3738 3509 3800 τῆς
3552 3730 3824 3813 ἀκριϐείας

417 3833 850 3912 περιγραφείσης,
887 3836 913 3890 ὁ
945 3841 1040 3902 τῆς
1072 3836 1372 3910 οἰκονομίας
1406 3835 1524 3914 ὅρος
1555 3833 2074 3911 περιορισθήσεται.)

421 3916 642 3981 Praeter
700 3920 858 3984 hunc
917 3940 1058 3986 vero
1148 3940 1461 3998 canonem,
1524 3921 1747 4002 scripto
1801 3915 2077 4000 prmsenti

406 4007 673 4070 lectores
704 4029 940 4086 moneo,
975 4011 1150 4073 etiam
1213 4011 1474 4072 edictum
1528 4008 1829 4090 quoddam
1879 4015 2076 4070 estare

420 4098 789 4160 memorandi
815 4099 1219 4180 iinpeiatoris.
1259 4099 1489 4161 domini
1525 4098 1719 4161 Alesii
1752 4095 2069 4172 Comneni,

421 4202 625 4245 mense
650 4185 967 4250 Novembri
999 4189 1278 4250 secundae
1299 4187 1647 4251 indictionis
1679 4186 2070 4268 publicatum,

2241 3913 2342 3970 Σὺν
2387 3918 2464 3987 τῷ
2505 3913 2726 3988 τοιούτῳ
2781 3910 2835 3968 δὲ
2879 3913 3057 3969 κανόνι
3113 3909 3443 3969 ἀναδιδάσκω
3485 3912 3607 3977 τοὺς
3637 3911 3824 3995 ἐντυγο

2158 4003 2425 4083 χάνοντας
2497 4009 2567 4080 τῇ
2623 4002 2864 4078 παρούσῃ
2935 4007 3134 4083 γραφῇ,
3216 4003 3290 4066 ὡς
3374 4002 3461 4059 καὶ
3535 4001 3823 4081 πρόσταξις

2159 4091 2269 4149 ἐστι
2353 4098 2448 4150 τοῦ
2529 4090 2768 4169 ἀοιδίμου
2851 4090 3112 4156 ϐασιλέως
3197 4098 3352 4170 κυροῦ
3437 4089 3669 4156 Ἀλεξίου
3720 4101 3822 4150 τοῦ

2161 4187 2461 4258 Κομνηνοῦ,
2517 4181 2655 4237 κατὰ
2709 4182 2803 4238 τὸν
2887 4179 3174 4261 Νοέμϐριον
3225 4181 3367 4257 μῆνα
3423 4180 3518 4248 τῆς
3574 4177 3822 4260 δευτέρας

416 4292 484 4334 ac
517 4274 814 4338 tisralibus
846 4286 902 4338 et
968 4277 1392 4341 ecclesiasdcis
1441 4263 1695 4340 secretis
1755 4276 2072 4356 insertum,

2163 4268 2524 4346 ἐπινεμήσεως
2591 4268 2939 4351 ἀπολυθεῖσα,
3007 4271 3094 4326 καὶ
3145 4281 3261 4334 τοῖς
3317 4267 3672 4344 δημοσιακοῖς
3727 4263 3824 4325 καὶ

416 4363 573 4444 quod
607 4365 809 4428 statuit
830 4366 986 4445 (60),
1023 4387 1142 4428 non
1176 4367 1368 4428 solum
1427 4366 1651 4428 debere
1705 4366 1850 4428 citra
1883 4363 2072 4426 ullum

418 4451 910 4533 impedimentum
932 4456 1066 4536 eligi
1093 4456 1408 4537 pontiﬁces
1433 4456 1490 4517 in
1523 4454 1845 4517 orientales
1868 4452 2076 4516 Eccle-

422 4541 561 4615 sias,
595 4561 628 4604 a
687 4545 930 4625 paganis
995 4564 1321 4626 possessas,
1383 4545 1526 4608 licet
1580 4544 1643 4626 ii,
1707 4544 1810 4625 qui
1861 4542 1933 4604 ad
1972 4561 2073 4604 eas

421 4633 865 4711 renuntiantur,
892 4654 1038 4716 quos
1061 4634 1252 4696 sortiti
1311 4645 1449 4697 sunt
1509 4635 1754 4696 thronos
1798 4630 2072 4711 accipere

425 4733 720 4803 nequeant
755 4734 1001 4806 propter
1061 4725 1346 4786 malitiam
1411 4727 1809 4805 paganorum:
1867 4738 2069 4781 verum

418 4811 594 4874 etiam
642 4816 802 4894 quod
859 4823 989 4895 post
1036 4813 1473 4876 ordinationem
1537 4811 1756 4875 habere
1786 4811 2066 4886 debeant,

415 4920 781 4984 quaecunque
811 4913 945 4966 ante
978 4903 1138 4964 illam
1199 4901 1710 4982 Constantinopoli
1770 4897 2071 4962 habebant

408 4989 579 5067 jura:
647 4991 929 5055 nimirum
990 4991 1280 5068 abbatias,
1360 4993 1814 5074 adelphatorum
1874 5007 2068 5050 anno-

414 5096 518 5138 nas
545 5079 694 5161 (6t),
730 5089 787 5142 et
815 5083 1076 5163 reliqua.
1135 5084 1334 5164 Atque
1367 5103 1474 5144 nos
1523 5080 1768 5163 quidem
1831 5080 1957 5140 haec
1987 5077 2067 5139 ita

412 5167 596 5244 rogati
629 5169 1410 5250 perscripsiinusﬂteterum
1435 5175 1595 5236 Deus
1618 5169 1716 5232 ille
1746 5166 1930 5251 pacis,
1965 5167 2069 5248 qui

412 5273 518 5333 per
551 5256 829 5319 Davidem
866 5261 1214 5340 prophetam
1250 5261 1439 5323 dixit:
1494 5261 1556 5324 Si
1601 5259 1852 5342 populus
1899 5273 2068 5320 meus

412 5355 705 5426 przecepta
729 5367 862 5409 mea
883 5350 1226 5422 servaverit,
1278 5351 1339 5412 in
1390 5350 1550 5427 virga
1580 5347 1828 5411 visitabo
1862 5345 2068 5409 inimi-

410 5450 512 5494 cos
575 5452 807 5518 eorum,
861 5446 919 5499 et
969 5437 1030 5498 in
1090 5439 1343 5519 ﬂagellis
1400 5439 1744 5522 iniquitates
1815 5454 2064 5516 eorum;

2157 4356 2628 4426 ἐκκλησιαστικοῖς
2711 4359 2975 4438 σεκρὲτοις
3043 4361 3498 4435 καταστρωθεῖσα,
3585 4357 3674 4414 καὶ
3743 4356 3826 4414 δι-

2158 4448 2440 4526 οριζομένη
2473 4452 2551 4525 μὴ
2583 4449 2747 4524 μόνον
2787 4446 3258 4528 ἀπαρεμποδίστως
3319 4448 3592 4528 ἀρχιερεῖς
3634 4448 3816 4526 ψηφί-

2156 4541 2331 4608 ζεσθαι
2364 4538 2436 4600 εἰς
2467 4540 2560 4602 τας
2594 4537 2911 4602 ἀνατολικᾶς
2969 4537 3314 4612 Ἐκκλησίας,
3367 4539 3460 4601 τὰς
3521 4537 3666 4617 παρὰ
3705 4539 3820 4593 τῶν

2155 4624 2314 4682 ἐθνῶν
2385 4626 2782 4707 κατεχομένας,
2838 4626 2935 4684 κᾶν
3007 4629 3066 4685 οὔ
3106 4625 3347 4684 δύνανται
3407 4629 3453 4684 οἱ
3495 4624 3550 4681 ἐν
3620 4625 3816 4691 αὒταῖς

2157 4713 2627 4794 ἐπικηρυττόμενοι
2698 4714 3123 4793 καταλαμϐάνειν
3181 4716 3303 4781 τοὺς
3369 4714 3640 4796 λαχόντας
3695 4717 3817 4772 τού-

2155 4827 2275 4868 τους
2307 4805 2518 4883 θρόνους
2548 4803 2632 4861 διά
2660 4807 2759 4873 τὴν
2819 4803 3026 4874 ἐθνικὴν
3084 4807 3292 4880 κακίαν,
3353 4804 3490 4862 ἀλλὰ
3531 4808 3619 4862 καὶ
3675 4809 3816 4884 μετά

2151 4895 2246 4963 τὴν
2287 4896 2618 4975 χειροτονίαν
2665 4894 2811 4976 ἔχειν
2871 4895 2972 4952 ὅσα
3020 4897 3123 4974 πρὸ
3183 4895 3380 4962 ταύτης
3440 4893 3603 4976 ἔσχον
3673 4899 3815 4954 κατὰ

2150 4984 2249 5051 τὴν
2278 4982 2641 5062 μεγαλόπολιν
2685 4983 2879 5048 δίκαία,
2943 4977 3319 5065 Ἠγουμενείας
3374 4983 3604 5062 δηλαδὴ,
3650 4983 3813 5044 ἀδελ-

2151 5073 2330 5152 φάτων
2377 5073 2673 5155 σιτηρέσια,
2731 5075 2820 5131 καὶ
2872 5073 3058 5136 λοιπά.
3123 5076 3220 5134 Καὶ
3267 5076 3432 5151 ἡμεῖς
3477 5075 3575 5150 μὲν
3630 5077 3810 5142 καθὼς

2150 5160 2476 5238 ἠξιώθημεν,
2539 5170 2704 5221 ταῦτα
2776 5165 3138 5246 γεγράφαμεν.
3199 5155 3257 5224 εΟ
3313 5162 3369 5220 δὲ
3442 5169 3540 5231 τῆς
3595 5166 3811 5242 εἰρήνης

2152 5252 2308 5325 Θεὸς,
2355 5254 2382 5308 ὁ
2424 5252 2586 5309 εἰπὼν
2628 5251 2712 5309 διὰ
2740 5253 2834 5310 τοῦ
2873 5255 3148 5334 προφήτου
3205 5251 3364 5310 Δαϐίδ
3397 5268 3412 5282 ·
3467 5250 3592 5310 Ἐὰν
3625 5256 3654 5312 ὁ
3680 5252 3812 5321 λαός

2151 5363 2252 5417 μου
2295 5341 2388 5406 τὰς
2439 5340 2654 5407 ἐντολάς
2711 5365 2811 5418 μου
2867 5341 3090 5424 φυλάξῃ,
3137 5341 3190 5400 ἐν
3220 5340 3394 5422 ῥαϐδῳ
3424 5345 3545 5408 τοὺς
3589 5341 3810 5424 ἐχθροὺς

2151 5434 2324 5491 αὐτῶν
2365 5431 2746 5512 ἐπισκέψομαι,
2797 5435 2885 5490 καὶ
2941 5432 2997 5490 ἐν
3050 5432 3262 5509 μάστιξι
3320 5434 3414 5498 τὰς
3471 5431 3672 5498 ἀδικίας
3714 5435 3812 5492 αὖ·

1981 5591 2234 5687 nom.

502 5737 626 5821 (60)
662 5741 810 5804 Vide
833 5739 1143 5806 Novellam
1177 5750 1405 5807 sextam
1439 5743 1626 5810 Alexii
1654 5746 1992 5812 Commeni.

2205 5741 2333 5824 (6|)
2357 5741 2498 5817 Qua:
2529 5746 2948 5828 preportiones
2980 5744 3228 5810 fratrum
3259 5754 3424 5829 sunt,
3455 5743 3543 5810 uti
3570 5754 3808 5812 vocant.
