4120 6450
446 422 596 512 uel

1775 442 2237 517 GR/ECO-ROM
2245 445 2467 509 ANUM
2478 492 2491 506 .

3673 444 3830 510 1182

444 589 553 640 τῶν
585 597 603 616 ⁸
655 583 716 639 τὸ
761 579 814 639 δὲ
859 581 1008 647 ἔλεός
1061 606 1162 659 μου
1216 584 1277 641 οὒ
1323 585 1402 660 μὴ
1472 581 1798 642 διασκεδάσω
1838 586 1944 644 ἀπὸ
1991 589 2094 642 τῶν

2184 569 2656 660 misericordiam
2698 591 2839 637 vero
2870 592 3065 638 meam
3095 569 3230 636 non'
3263 572 3603 656 dispergam
3628 592 3664 636 a
3685 572 3829 636 dili-

445 671 774 751 ἀγαπώντων
821 693 908 748 με,
968 670 1070 731 οὐδ’
1121 674 1180 730 ού
1234 674 1313 750 μὴ
1359 671 1654 742 ϐεϐηλώσω
1701 675 1801 745 τήν
1843 674 2098 748 διαθήκην

443 782 548 838 μου
582 776 597 791 ⁶
658 761 756 830 τὴν
809 761 918 838 μὴν
975 761 1188 830 ἐθνικὴν
1257 763 1505 821 ἀπιστίαν
1542 762 1917 847 ,διασκορπίσει
1975 767 2101 822 ὡσεὶ

447 851 720 929 κονιορτὸν
777 851 883 908 ἀπὸ
926 849 1130 915 ἅλωνος
1187 854 1420 932 θερινῆς,
1453 851 1659 917 τοὺςδέ
1711 857 1883 920 ὁσίους
1946 857 2102 912 αὐτοῦ

447 940 742 1018 συναγάγῃ,
777 940 865 997 καὶ
894 938 1051 997 δώσει
1094 939 1278 1006 αὐτοῖς
1338 943 1523 1022 χώρας
1580 943 1741 1000 ἐθνῶν
1783 947 1870 1002 καὶ
1911 943 2100 1026 φυλάς.

451 1029 550 1086 Καὶ
607 1027 720 1108 ἐρεῖ
775 1035 880 1092 πᾶς
938 1031 966 1086 ὁ
1023 1028 1152 1094 λαός
1188 1049 1202 1065 ⁶
1264 1029 1565 1109 Εὐλογητὸς
1635 1033 1820 1112 Κύριος
1880 1035 1954 1098 εἰς
2008 1034 2100 1091 τὸν

446 1119 632 1178 αἰῶνα.
679 1115 918 1199 Γένοιτο,
950 1117 1182 1198 γένοιτο.

1077 1230 1206 1280 ΤΟΥ
1248 1230 1468 1282 ΑΥΤΟΥ

450 1326 480 1368 (
514 1305 753 1386 Μελέτη,
798 1309 959 1389 χάριν
985 1309 1092 1396 τῶν
1121 1308 1210 1368 δύο
1242 1311 1522 1396 ὀφφικίων,
1555 1322 1648 1372 τοῦ
1671 1335 1728 1371 τε
1753 1315 2099 1396 χαρτοφύλα-

855 1412 973 1465 κος,
1003 1393 1092 1448 καὶ
1118 1399 1212 1448 τοῦ
1242 1391 1620 1470 πρωτεκδίκου.
1657 1418 1686 1452 ιι

528 1487 631 1538 Τοῦ
673 1477 909 1557 μεγάλου
978 1477 1290 1538 διδασκάλου
1359 1483 1458 1549 τῆς
1516 1482 1836 1553 Ἐκκλησίας
1893 1487 2100 1544 Παύλου

406 1557 538 1627 ’τοῦ
588 1569 907 1647 θεοκήρυκος
977 1567 1248 1648 λέγοντος.
1318 1573 1433 1652 Οὐχ
1490 1572 1662 1648 ἑαυτῷ
1710 1596 1789 1641 τις
1845 1573 2101 1638 λαμϐάνει

2182 659 2458 740 gentibus
2490 679 2610 738 me,
2639 681 2751 725 nec
2783 663 3106 744 profanabo
3136 670 3554 726 testamentum
3590 680 3826 725 meum:

2181 748 2234 811 is
2266 769 2407 830 ergo
2438 770 2801 834 paganorum
2833 753 3074 835 quidem
3106 753 3520 818 inﬁdelitatem
3552 751 3824 833 dissipet,

2183 839 2367 902 veluti
2398 841 2706 922 pulverem
2763 862 2832 906 ex
2889 862 3028 907 area
3087 844 3315 918 aestiva,
3367 851 3602 906 sanctos
3630 850 3830 904 autem

2185 948 2326 992 suos
2355 931 2614 1013 colligat,
2653 943 2712 994 et
2755 952 3118 1016 paganorum
3175 933 3267 997 eis
3316 933 3418 996 det
3459 932 3738 1012 regiones
3761 949 3831 993 ac

2185 1018 2396 1083 tribus.
2431 1021 2507 1083 Et
2549 1021 2711 1085 dicat
2767 1023 3020 1104 populus
3077 1023 3429 1086 universus:
3468 1020 3831 1085 Benedictus

2183 1112 2473 1175 Dominus
2505 1113 2567 1174 in
2598 1115 2909 1178 saeculum.
2944 1116 3096 1194 Fiat,
3130 1116 3252 1180 ﬁat.

2179 1303 2568 1383 Meditatum,
2736 1307 2972 1400 duobus
2993 1308 3159 1400 aliis
3208 1306 3425 1400 ofﬁcii,
3469 1303 3832 1370 chartularii

2526 1386 2772 1464 scilicet,
2806 1405 2877 1451 ac
2903 1389 3093 1470 primi
3119 1386 3476 1467 defensoris.

2263 1473 2406 1537 Cum
2445 1495 2690 1556 magnus
2718 1477 2822 1540 ille
2866 1477 3077 1542 doctor
3122 1477 3433 1559 Ecclesiae,
3481 1474 3830 1555 divinusque

2185 1580 2379 1642 praeco
2398 1563 2614 1627 Paulus
2643 1565 2828 1641 dicat,
2860 1585 2981 1628 non
3011 1565 3127 1629 sibi
3172 1564 3512 1648 quempiam
3539 1563 3827 1624 honorem

445 1657 634 1738 τιμὴν,
681 1655 817 1713 ἀλλά
871 1656 1192 1734 καλούμενος
1248 1661 1348 1716 ὑπὸ
1404 1651 1496 1718 τοῦ
1567 1670 1722 1739 Θεοῦ,
1785 1663 2008 1746 ὤφειλεν
2073 1667 2098 1721 ὁ

2184 1669 2445 1730 sumere,
2477 1653 2584 1717 sed
2608 1672 2642 1716 a
2671 1658 2793 1719 Deo
2813 1665 3083 1718 vocatum
3112 1677 3128 1734 ;
3156 1674 3300 1718 sane
3323 1652 3579 1717 debebat
3602 1651 3831 1746 primus

445 1743 801 1826 πρωτέκδικος
853 1746 1126 1827 ἀρκεῖσθαι
1183 1761 1302 1814 τοῖς
1387 1747 1684 1828 δεδομένοις
1767 1739 1929 1831 αὐτῷ,
2013 1756 2098 1812 καὶ

2184 1739 2465 1805 defensor
2494 1742 2610 1805 sibi
2641 1746 2943 1807 concessis
2968 1763 3101 1807 esse
3129 1749 3468 1820 contentus,
3501 1748 3589 1840 et_
3617 1741 3827 1840 deces-

445 1833 564 1892 κατ’
590 1835 742 1916 ,ἰχνία
771 1834 835 1885 79
898 1837 1097 1914 βαίνειν
1154 1843 1261 1893 τῶν
1311 1840 1412 1918 πρὸ
1468 1840 1647 1921 αὑτοῦ,
1681 1829 1918 1918 παντοίαν
1943 1845 2098 1924 σοφίᾳ

2184 1848 2386 1893 sorum
2400 1850 2644 1895 suorum
2659 1833 2920 1914 vestigiis
2934 1833 3234 1896 insistere:
3260 1849 3514 1924 quorum
3535 1829 3826 1924 plerique.

444 1928 548 1980 τῶν
616 1924 876 1982 πλειόνων
933 1925 1352 2002 κεκοσμημένων
1423 1934 1492 2005 τῇ
1556 1931 1737 2010 χάριτι
1792 1938 1884 1988 τοῦ
1942 1939 2096 2006 Θεοῦ,

373 2029 376 2032 ’
444 2012 615 2078 καθὼς
645 2015 731 2070 καὶ
786 2013 943 2078 αὐτός
987 2013 1121 2090 ἐστι,
1183 2017 1270 2072 καὶ
1313 2017 1378 2072 τὰ
1435 2017 1748 2094 ὑψηλότατα
1787 2027 1887 2089 τῆς
1930 2023 2098 2100 ἁγιω-

443 2101 610 2168 τάτης
665 2108 756 2159 τοῦ
811 2109 942 2160 Θεοῦ
1011 2103 1254 2182 μεγάλης
1327 2105 1645 2176 Ἐκκλησίας
1702 2109 2098 2191 ἐνεργησάντων

444 2189 660 2270 ὀφφίκια
714 2197 871 2247 τινῶν
926 2191 980 2248 δὲ
1037 2194 1126 2250 καὶ
1179 2195 1316 2252 κατά
1385 2198 1632 2275 γνησίους
1701 2189 2100 2280 πτερυξαμένων

447 2276 700 2355 ἀετιδετς,
773 2281 862 2337 καὶ
903 2283 974 2346 εἰς
1030 2284 1121 2339 τὸν
1175 2282 1343 2362 μέγαν
1398 2287 1705 2366 φθασάντων
1761 2276 1940 2369 θρόνον
2001 2296 2098 2359 τῆς

448 2369 1080 2452 Κωνσταντινουπόλεως,
1124 2373 1212 2429 καὶ
1271 2375 1337 2430 τὰ
1392 2376 1687 2455 κυρωθέντα
1744 2377 1829 2435 διὰ
1890 2380 2098 2460 χρόνων

445 2456 860 2541 ἀμνημονεύτων
943 2458 1158 2541 σχεδὸν,
1251 2462 1328 2538 μή
1412 2463 1650 2524 σπεύδειν
1742 2456 2097 2537 ἀλλοιωθῆναι

446 2539 602 2636 κάτάΔ
666 2547 875 2614 σηπύας
961 2539 1257 2630 αύθημερὸν
1352 2554 1442 2610 καὶ
1510 2554 1648 2612 οὕτω
1722 2557 2097 2636 ῥιψοκινδύνως

445 2630 804 2725 σκα-νδαλίζειν
858 2637 968 2725 καὶ,
1013 2637 1440 2712 σκανδαλίζεσθαι
1473 2659 1488 2675 ⁶
1562 2630 1732 2703 θέλειν
1782 2630 1838 2703 δὲ
1894 2647 2098 2725 μᾶλλον

444 2722 658 2801 εἰρήνην
687 2722 773 2780 ἐπὶ
823 2725 913 2782 τὸν
956 2724 1084 2784 λαὸν
1127 2735 1220 2785 τοῦ
1274 2736 1426 2812 Θεοῦ,
1479 2734 1568 2789 καὶ
1610 2733 1696 2792 ἐπὶ
1748 2737 1869 2800 τοὺς
1897 2722 2098 2803 Ἷὸσίους

445 2815 626 2876 αὐτοῦ,
689 2809 839 2872 Ἐπεὶ
886 2813 932 2872 δ’
982 2817 1077 2873 οὐκ
1136 2815 1240 2875 οἶδ’
1300 2809 1446 2884 ὅπως
1534 2821 1891 2905 παραδραμὼν
1977 2829 2098 2891 τοὺς

445 2899 741 2980 ἐγείροντας
781 2903 848 2960 τά
891 2902 1156 2962 σκάνδαλα
1193 2905 1461 2984 μύλωνας,
1517 2899 1622 2968 καὶ*
1658 2899 1724 2971 τά
1778 2899 2098 2994 διορισθέντα

443 2991 733 3057 κανονικῶς
816 2993 951 3050 κατά
1032 3000 1140 3051 τῶν
1237 2996 1611 3076 παραλυόντων
1697 2991 2097 3083 ἀπερισκέπτως

2181 1918 2334 1980 sicut
2361 1928 2422 1982 et
2446 1920 2616 2015 ipse,
2637 1941 2744 2002 per
2773 1923 2882 1986 Dei
2940 1923 3185 2003 gratiam
3237 1920 3558 2015 omnigena
3586 1917 3831 2015 fuerunt

2183 2011 2372 2071 ornati
2427 2009 2720 2087 doctrina,
2779 2029 3212 2093 supremasque
3274 2003 3831 2106 sanctissimaeﬂDei

2184 2098 2432 2178 majoris
2448 2099 2738 2161 Ecclesiae
2758 2101 3078 2180 dignitates
3099 2105 3433 2180 gesserunt,
3451 2104 3629 2177 atque
3648 2098 3826 2157 etiam

2181 2185 2366 2268 aliqui
2395 2188 2792 2267 genuinorum
2824 2189 2886 2250 in
2918 2207 3142 2251 morem
3197 2188 3496 2270 pullorum
3526 2183 3826 2266 aquilino-

2180 2293 2314 2336 rum
2344 2280 2466 2339 alas
2499 2285 2905 2359 sumpserunt,
2933 2287 2990 2340 et
3022 2277 3097 2340 ad
3158 2295 3438 2358 magnum
3469 2275 3638 2338 illum
3667 2276 3826 2337 Gon-

2182 2366 2598 2448 slantinopolis
2633 2368 2914 2431 thronum
2965 2374 3406 2450 pervenerunt:
3460 2363 3830 2444 minimeque

2181 2452 2325 2516 dare
2355 2454 2571 2518 debeat
2628 2475 2896 2538 operam,
2928 2470 2994 2520 ut
3048 2457 3222 2518 annis
3278 2453 3591 2518 hominum
3645 2469 3830 2533 prope

2183 2549 2532 2606 memoriam
2565 2546 2993 2610 excedentibus
3038 2546 3407 2622 conﬁrmata,
3455 2549 3830 2609 mutarentur

2183 2651 2299 2694 uno
2329 2633 2448 2706 die,
2483 2635 2784 2716 sepiarum
2812 2637 2874 2699 in
2895 2655 3121 2699 morem
3148 2643 3367 2731 ;atque_
3385 2634 3466 2696 ita
3493 2630 3830 2731 periculose

2185 2732 2301 2783 tam
2333 2724 2663 2798 offendere,
2723 2745 2900 2820 quam
2940 2725 3202 2820 oﬂ'endi:
3267 2724 3373 2786 sed
3427 2722 3578 2820 velle
3633 2722 3828 2820 potius

2181 2830 2390 2909 pacem
2411 2831 2591 2895 supra
2630 2818 2912 2909 populum
2944 2814 3084 2909 Dei,
3104 2823 3156 2877 et
3201 2818 3644 2909 suprasanctos
3671 2814 3826 2909 ejus.

2183 2900 2402 2966 Verum
2433 2907 2569 2984 quia
2600 2905 2799 2968 nescio
2829 2903 3126 2986 quomodo
3178 2899 3504 2965 molaribus
3558 2899 3828 2962 excitan-

2183 2989 2342 3053 tibus
2372 2992 2655 3056 scandala
2711 2993 3046 3075 praeteritis,
3082 3000 3260 3074 atque
3308 2989 3516 3054 itidem
3567 2987 3667 3069 iis,
3698 3003 3829 3067 quae

443 3081 715 3150 συνήθειαν
799 3084 1006 3163 μακρὰν
1089 3082 1540 3156 ἐκκλησιαστικὴν
1609 3076 1911 3164 οἱανδήτινα
1993 3097 2098 3167 (καὶ

2184 3081 2470 3145 canonice
2525 3091 2743 3145 Statuta
2798 3092 2942 3146 sunt
3013 3083 3300 3146 adversus
3386 3076 3829 3177 inconsiderate

442 3169 639 3237 ταύτην
669 3171 769 3251 γὰρ
797 3186 1013 3249 κρατεῖν
1078 3174 1151 3238 ὡς
1207 3176 1330 3239 τοὺς
1387 3177 1554 3243 θείους
1613 3181 1839 3248 κανόνας
1881 3206 2098 3260 νενομο-

2184 3170 2468 3234 violantes
2497 3191 2916 3256 quamcunque
2957 3172 3301 3235 diuturnam
3333 3167 3825 3232 consuetudinem

442 3257 709 3340 θέτηται),
740 3261 828 3318 καὶ
858 3261 1186 3342 ὑπεραναϐὰς
1245 3267 1338 3322 τὸν
1397 3268 1656 3347 ὁρίζοντα,
1718 3270 1857 3329 θέλει
1921 3257 2096 3354 παρα-

2184 3260 2650 3324 ecclesiasticam
2687 3263 2848 3345 (nam
2907 3271 2966 3324 et
2993 3262 3156 3324 illam
3187 3260 3439 3344 perinde
3471 3266 3658 3320 ratam
3693 3273 3827 3354 esse

445 3346 695 3404 σαλεῦσαι
753 3350 818 3406 τὰ
871 3358 965 3408 τοῦ
1021 3353 1422 3434 χαρτοφύλακος
1474 3346 1757 3436 προνόμια,
1821 3363 1908 3420 καὶ
1970 3346 2098 3422 συν-

445 3436 578 3512 άψαι
621 3450 740 3502 τοῖς
783 3436 1072 3508 ἐκδικικοϊς
1101 3441 1538 3524 λειτουργήμασι,
1597 3449 1733 3506 κατά
1787 3473 1932 3516 τινας
1977 3453 2099 3510 ἑτε-

442 3529 610 3607 ροφυῆ
663 3530 1138 3610 συμμοσχεύοντας
1185 3533 1432 3611 σώματα,
1478 3538 1567 3593 καὶ
1623 3539 1754 3618 πρὸς
1811 3539 2098 3599 ἐπισύστα-

441 3635 525 3672 σιν
568 3621 662 3672 τοῦ
706 3617 898 3676 οἰκείου
923 3618 1246 3698 θελήματος,
1304 3625 1489 3682 κανόσι
1547 3617 1746 3706 χρῆται
1790 3631 1889 3695 τῆς
1946 3631 2097 3710 ἁγίας

439 3704 528 3761 καὶ
557 3705 924 3782 οἶκουμενικῆς
954 3710 1213 3790 τετάρτης
1258 3712 1496 3787 συνόδου,
1551 3704 1686 3794 πρὸς
1745 3715 1800 3773 δὲ
1851 3721 1939 3775 καί
1994 3704 2099 3777 τισι

439 3793 640 3870 ῥήμασι
671 3802 762 3852 τοῦ
819 3796 1174 3875 ἀποκειμένου
1219 3798 1424 3878 βιϐλίου
1479 3801 1533 3859 ἐν
1586 3809 1665 3880 τῷ
1707 3805 1940 3885 σεκρέτῳ
2009 3827 2103 3876 τοῦ

439 3884 579 3962 ἱεροῦ
621 3882 898 3968 ἐκδικείου,
964 3896 1204 3968 παριστῶ
1246 3893 1334 3948 καὶ
1389 3891 1546 3958 αὐτὸς
1600 3892 1685 3952 διὰ
1737 3882 1836 3965 τῆς
1892 3901 2097 3978 παρού-

440 3994 540 4039 σης
570 3978 778 4054 γραφῆς
811 3998 932 4056 μου,
966 3979 1139 4044 καθὼς
1180 3977 1433 4056 ἠξίωμαι,
1495 3983 1561 4038 τά
1617 3990 1825 4061 τοῦτον,
1859 3987 1932 4050 ὡς
1963 3977 2100 4068 ἐγῶ-

441 4083 562 4142 μαι,
635 4061 848 4129 δικαίως
918 4065 1342 4146 ἐπιστομίζονται,
1391 4071 1477 4128 καὶ
1532 4073 1625 4128 τὸν
1680 4075 1817 4131 κατά
1886 4080 2097 4158 καιροὺς

443 4151 822 4236 χαρτοφύλακα
890 4153 1200 4236 φιλαλήθως
1271 4158 1730 4236 ἀποσεμνύνοντα,
1807 4161 1941 4222 Ἀπὸ
1979 4151 1990 4158 ⁷
2010 4179 2102 4227 τοῦ

437 4231 530 4321 κγ’
554 4231 774 4308 κανόνος
803 4231 915 4303 τῶν
939 4246 993 4303 ἐν
1025 4245 1328 4315 Χαλκηδόνι
1377 4231 1731 4310 συνελθόντων
1787 4244 1887 4334 χλ’
1940 4257 2102 4336 ἁγίων

439 4330 710 4413 Πατέρων,
783 4335 999 4402 συκίνην
1083 4335 1382 4416 ἐπικουρίαν
1436 4341 1464 4395 ὁ
1521 4330 1881 4418 πρωτέκδικος
1955 4330 2100 4402 ἰδιώ-

438 4442 590 4496 σατο,
637 4422 796 4502 χάριν
854 4430 947 4481 τοῦ
995 4425 1188 4505 κρίνειν
1246 4425 1564 4506 ἰδιορυθμίας
1623 4431 1961 4505 μοναζόντων
2015 4437 2103 4492 καὶ

437 4507 731 4588 κληρικῶν,
804 4515 893 4570 καὶ
982 4514 1276 4591 ἀνακρίνειν
1361 4516 1666 4594 ἀποδημίας
1749 4524 1944 4602 αὐτῶν,

2183 3349 2406 3413 debere
2440 3344 2732 3414 sancitum
2794 3361 2904 3430 est,
2968 3361 3143 3434 atque
3195 3344 3732 3444 sacros_canones)
3765 3353 3829 3444 et

2183 3449 2530 3504 transcenso
2555 3442 2810 3523 denique
2833 3438 3474 3534 horizonte,privilegia
3490 3434 3834 3534 chartularii

2183 3540 2504 3594 concutere
2533 3532 2676 3607 vult,
2723 3543 2783 3594 et
2841 3551 2976 3594 cum
3033 3529 3442 3594 functionibus
3472 3525 3830 3590 defensoriis

2184 3620 2570 3701 conjungere,
2595 3640 2762 3684 more
2784 3621 3181 3702 quorundam,
3205 3618 3309 3701 qui
3330 3618 3578 3681 diversae
3603 3620 3830 3676 naturae

2183 3727 2436 3790 corpora
2493 3710 2733 3773 sibimet
2794 3709 3116 3773 inserendo
3194 3709 3514 3790 copulant:
3563 3719 3831 3804 cumque

2186 3798 2441 3860 instituti
2473 3799 2564 3862 sui
2593 3799 2887 3882 probandi
2917 3819 3116 3882 causa,
3141 3806 3360 3860 sanctae
3376 3805 3436 3860 et
3477 3791 3831 3890 universalis

2191 3895 2414 3968 quarta;
2463 3889 2672 3970 synodi
2729 3889 3061 3951 canonibus
3136 3894 3350 3963 utatur,
3422 3902 3491 3946 ac
3549 3888 3830 3963 praesenti

2183 3977 2380 4040 verbis
2409 3978 2762 4058 quibusdam
2789 3996 2860 4043 ex
2883 3978 3052 4054 libro,
3078 3978 3182 4060 qui
3211 3983 3477 4068 servatur
3506 3973 3568 4034 in
3596 3977 3826 4068 secreto

2182 4067 2336 4129 sacri
2367 4068 2724 4131 defensorii:
2759 4069 3060 4150 proferam
3109 4076 3169 4130 et
3220 4066 3348 4148 ipse
3403 4065 3517 4127 hoc
3546 4065 3830 4144 praesenti

2185 4157 2431 4238 scripto,
2465 4157 2971 4239 quemadmodum
3003 4176 3036 4219 a
3067 4176 3164 4220 me
3195 4159 3442 4239 petitum
3467 4168 3580 4229 est,
3609 4166 3741 4232 quae
3761 4165 3829 4209 os

2185 4245 2325 4308 huic
2358 4266 2476 4308 non
2499 4247 2605 4309 abs
2626 4267 2715 4325 re,
2741 4267 2874 4310 meo
2897 4247 3136 4330 quidem
3155 4245 3402 4328 judicio,
3429 4251 3571 4337 sunt
3590 4242 3831 4337 obtura-

2188 4343 2352 4410 tura;
2415 4346 2474 4398 et
2531 4356 2668 4401 vere
2725 4329 2931 4400 cuivis,
2971 4356 3077 4418 pro
3129 4346 3398 4417 tempore
3461 4329 3822 4410 chartulario

2187 4426 2626 4489 venerationem
2656 4427 3065 4492 conciliatura.
3090 4425 3274 4507 Igitur
3295 4444 3362 4486 ex
3406 4439 3634 4486 canone
3683 4433 3827 4480 xxm

2017 4528 2102 4581 καὶ
2124 4523 2530 4585 Dsanctorum
2567 4521 2824 4595 l’atrum,
2861 4519 2966 4598 qui
2997 4517 3371 4582 Chalcedone
3396 4519 3822 4580 convenerunt,

438 4600 767 4679 κατακρίνειν
842 4605 916 4669 ὡς
999 4604 1257 4693 φυγαδίας
1327 4603 1732 4688 δουλοπρεπεῖς.
1815 4600 1938 4690 Πρὸ-
2003 4615 2098 4693 γὰρ

2185 4605 2470 4668 ﬁculnum
2499 4607 2838 4687 praesidium
2870 4608 2980 4669 sibi
3012 4607 3292 4669 defensor
3339 4602 3630 4686 quaesivit,
3660 4602 3825 4682 quasi

439 4689 626 4746 ἑκατὸν
659 4691 868 4770 χρόνων
899 4693 1086 4772 μικρόν
1117 4716 1166 4750 τι
1207 4691 1369 4751 πλέον
1421 4696 1456 4765 ἢ
1525 4696 1772 4773 ἔλαττον,
1830 4707 1920 4757 τοῦ
1977 4689 2098 4758 est;

2184 4694 2407 4774 iudicet
2429 4694 2557 4777 ipse
2581 4697 2657 4760 de
2689 4696 2783 4772 iis,
2811 4716 2942 4778 quae
2957 4707 3094 4758 sunt
3115 4693 3736 4791 ofﬁciimonachorum
3771 4699 3830 4749 et

439 4775 592 4853 δίμου
633 4778 894 4855 βασιλέως
924 4782 1015 4839 τοῦ
1043 4780 1435 4863 Ἰουστινιανοῦ,
1481 4796 1574 4846 τοῦ
1627 4789 1726 4856 τὴν
1776 4787 2098 4857 Ἐκκλησίαν

2184 4775 2560 4863 clericorum,
2595 4775 2880 4867 quasique
2909 4787 2985 4849 de
3016 4787 3228 4847 horum
3249 4777 3829 4866 peregrunationibus

439 4863 718 4946 ἀγακλεῶς
776 4871 1196 4950 ούρανώσαντος,
1268 4876 1296 4931 ὁ
1367 4883 1600 4942 τοιοῦτος
1675 4879 1848 4935 κανὼν
1929 4879 2095 4936 ἐκπε-

437 4978 702 5038 φωνηται,
763 4957 850 5015 ὅτε
892 4958 1051 5040 λόγος
1109 4964 1205 5020 οὒκ
1259 4962 1326 5030 ἧν
1398 4962 1616 5022 ἐκδίκων
1671 4964 1837 5024 ὄντων
1868 4968 1974 5024 ἀπὸ
2005 4976 2098 5027 τοῦ

437 5045 704 5123 βήματος,
789 5047 995 5106 λα’ίκῶν
1078 5048 1134 5107 δὲ
1215 5064 1337 5117 ταῖς
1421 5052 1727 5121 ἐκκλησίαις
1811 5054 2096 5133 διδομένων

437 5134 689 5216 ἑκάστοτε
716 5140 847 5216 πρὸς
879 5137 1170 5207 ἐκδίκησιν,
1219 5143 1318 5200 Καὶ
1361 5150 1516 5201 τοῦτο
1583 5141 1742 5212 δῆλόν
1802 5145 1942 5202 ἐστιν
1993 5146 2096 5204 ἀπὸ

438 5231 529 5281 τοῦ
581 5215 662 5283 σε’
703 5227 926 5294 κανόνος
971 5234 1070 5297 τῆς
1115 5227 1169 5285 ἐν
1231 5231 1538 5312 Καρθαγένῃ
1596 5231 1836 5311 συνόδου,
1909 5237 2098 5292 οὑτωσὶ

437 5310 715 5380 διεξιόντος
769 5316 943 5394 ῥητῶς
973 5337 988 5352 °
1045 5339 1069 5376 α
1126 5320 1251 5399 Περὶ
1306 5310 1525 5379 ἐκδικων
1583 5323 1689 5378 τῶν
1761 5310 2096 5392 Ἐκκλησιών

436 5409 540 5459 τῶν
623 5405 943 5486 ὀφειλόντων
1041 5406 1147 5466 ἀπὸ
1250 5411 1342 5468 τοῦ
1441 5409 1705 5488 βασιλέως
1789 5415 2093 5488 αἱτηθῆναι,

439 5492 706 5569 σύμπασιν
815 5493 984 5563 ἔδοξεν
1095 5500 1308 5568 αἰτῆσαι
1419 5500 1526 5558 ἀπὸ
1627 5505 1732 5560 τῶν
1829 5501 2094 5581 βασιλέων

2179 4874 2466 4954 inquirat,
2499 4893 2718 4956 easque
2749 4876 2927 4938 veluti
2958 4875 3386 4956 mancipiorum
3419 4870 3654 4949 aufugia
3685 4888 3827 4931 con-

2179 4963 2450 5027 demnet.
2512 4963 2806 5027 Nimirum
2867 4965 3038 5027 annis
3119 4965 3290 5044 paulo
3369 4965 3500 5044 plus
3559 4961 3830 5022 minusve

2179 5062 2422 5115 centum
2473 5063 2610 5117 ante
2691 5055 3088 5118 clarissimum
3173 5053 3342 5115 illum
3401 5051 3830 5134 imperatorem

2179 5142 2608 5226 Justinianum,
2671 5144 2772 5225 qui
2830 5145 2984 5207 hanc
3071 5143 3386 5207 ecclesiam
3455 5141 3834 5204 laudabiliter

2180 5233 2349 5314 quasi
2374 5233 2629 5314 quodam
2663 5233 2892 5296 caelesti
2914 5252 3095 5316 opere
3155 5231 3504 5309 construxit,
3558 5232 3610 5294 is
3641 5249 3831 5294 canon

2181 5321 2516 5402 publicatus
2545 5323 2692 5385 fuit:
2727 5341 2842 5405 quo
2900 5330 3170 5406 tempore
3219 5322 3418 5384 nullus
3471 5329 3601 5385 erat
3632 5339 3830 5384 sermo

2181 5412 2255 5474 de
2286 5411 2700 5474 defensoribus
2751 5431 2822 5474 ex
2871 5414 3082 5475 ordine
3138 5430 3330 5494 sacro,
3390 5412 3496 5475 sed
3555 5411 3832 5476 ecclesiis

2179 5520 2421 5584 semper
2451 5501 2587 5565 laici
2640 5501 3015 5566 defensionis
3059 5521 3238 5567 causa
3293 5502 3608 5566 dabantur.
3640 5501 3832 5582 Atque

1751 5631 2015 5700 VARIIE
2061 5633 2380 5702 LECTION
2391 5633 2504 5699 ES.

518 5760 583 5813 79
611 5762 884 5844 κατίχνια.
