4120 6406
426 365 581 448 ttss

1744 372 2450 448 ’GRECO-ROMANUM
2459 425 2474 441 .

3643 381 3803 448 1186

416 524 513 575 κοῦ
595 511 798 592 βιϐλίου
877 511 1066 571 λαϐεῖν
1145 514 1235 571 τὸν
1322 512 1675 595 πρωτέκδικοι
1744 511 1919 570 ἄδειαν
1961 513 2066 594 περῖ

2159 510 2421 574 indicata
2447 511 2633 575 'verba
2662 511 2798 575 libri
2844 512 2921 576 de
2977 513 3176 577 oftlcio
3232 514 3419 597 primi
3437 515 3794 597 defensoris,

416 605 596 673 πάσης
643 604 938 667 ὑποθέσεως
982 601 1207 675 δικάζειν
1261 602 1530 668 διακόνους
1573 605 1660 662 καὶ
1715 606 1876 684 ἱερεῖς
1932 604 2067 679 μετὰ

415 700 522 750 τῶν
565 693 909 750 ἀντιθούντωδ
961 690 1192 773 αὐτοῖς),
1238 698 1354 757 πῶς
1421 693 1518 752 οὒκ
1585 692 1695 750 ’ἐστι
1747 695 1847 762 τῆς
1894 713 2068 771 πρωτ-

415 779 686 849 εκδικνικῆς
741 782 926 862 σοφίας
974 779 1229 862 ἂνάξιονς
1305 779 1467 841 Βαϐαὶ
1507 783 1629 861 γὰρ,
1688 781 1829 838 πόσα
1883 780 2067 836 τούτου

414 868 650 935 δοθέντος
679 871 979 930 ἀθετοῦνται
1022 871 1269 927 θειότατα
1325 871 1527 948 νόμιμα
1560 871 1574 932 ε
1635 872 1777 928 πόσα
1822 869 2066 948 Πατέρων

414 959 550 1017 λέων
630 957 915 1040 ὀρθοδόξων
1013 957 1470 1036 θεσπιωδήματαί
1564 961 1706 1016 πόσα
1799 957 2068 1016 Βασιλέων

411 1052 566 1108 θείων
647 1049 886 1129 δόγματα
957 1051 1047 1107 καὶ
1128 1047 1445 1129 διδάγματα,
1530 1051 1652 1113 τοὺς
1722 1047 2068 1127 ἐναγομένους

411 1143 674 1204 παντοίως
729 1139 1044 1218 συνάγοντα,
1106 1136 1241 1218 [καὶ]
1307 1136 1374 1194 δι’
1436 1138 1863 1219 ἐπιφωνημάτων
1916 1159 2069 1217 τρια-

409 1229 748 1309 κονθημέρων
822 1226 1336 1304 μετακαλουμένους,
1407 1229 1496 1285 καὶ
1564 1226 1780 1290 διπλαῖς
1867 1225 2066 1294 ἐκκλη-

409 1341 521 1384 τοις
564 1319 663 1387 τὴν
705 1318 904 1376 τούτων
979 1315 1266 1384 κατᾶδίκην
1338 1315 1768 1397 μετεωρίζονταί
1843 1315 2060 1379 Πάντως

409 1405 603 1487 πολλὰ,
675 1408 763 1464 καὶ
851 1407 1023 1463 πάντα
1108 1403 1305 1486 σχεδὸν
1394 1406 1615 1486 ἀριθμὸν
1685 1403 2062 1485 ὑπερϐἇίνοντα

409 1497 698 1575 Συνάγεται
767 1497 935 1556 τοίνυν
1004 1495 1382 1576 ἂπροσπαθῶς,
1442 1497 1533 1554 καὶ
1599 1497 1700 1564 τὴν
1762 1495 1822 1552 ἐκ
1862 1494 2060 1552 τούτων

408 1593 515 1644 τῶν
556 1587 808 1664 ῥημάτων
860 1584 1286 1666 ἀναφαινομένην
1341 1583 1494 1654 δῆθεν
1555 1585 1809 1666 ἀσάφειαν
1866 1606 2059 1664 συναρ-

410 1675 755 1755 μολογετσθαι
807 1674 984 1740 καλῶς
1041 1681 1110 1751 τῇ
1181 1676 1301 1755 περὶ
1359 1674 1661 1755 ἐλευθεριῶν
1730 1673 1894 1750 λοιπῇ
1969 1679 2061 1731 τοῦ

2150 608 2497 682 potestatem
2529 603 2812 684 consequi
2846 603 3101 684 primum
3154 604 3560 681 defensorem,
3592 609 3798 689 quavis

2149 689 2208 751 in
2241 709 2417 752 causa
2440 691 2756 771 judicandi
2813 693 3093 755 diaconos
3149 701 3211 755 et
3241 693 3604 773 sacerdotes,
3660 717 3798 760 cum

2151 797 2354 842 eorum
2388 781 2799 864 adversariis),
2833 781 2890 842 id
2909 799 3045 844 vero
3094 801 3210 865 quo
3245 790 3412 865 pacto
3443 785 3794 866 sapientiam

2150 869 2328 958 primi
2361 869 2693 932 defensoris
2731 889 2850 932 non
2881 870 3188 950 indignum
3248 871 3388 934 est?
3419 873 3618 953 Babae,
3651 886 3799 958 quot

2150 957 2253 1019 illo
2283 978 2569 1021 concesso
2602 960 3018 1022 sacratissima;
3048 960 3209 1040 leges
3265 959 3620 1025 abolentur!
3655 957 3798 1047 quot

2149 1047 2615 1110 orthodoxorum
2642 1048 2976 1131 principum
3028 1052 3406 1114 sanctiones!
3431 1060 3796 1133 quotsancto

2149 1141 2553 1226 rumPatrum
2611 1138 2852 1201 decreta
2912 1138 3136 1219 pariter
3192 1146 3251 1202 et
3301 1139 3796 1226 doctrinzetquaa

2150 1225 2328 1286 variis
2373 1227 2567 1288 modis
2598 1227 2719 1289 reis
2747 1228 2964 1304 favent,
2997 1227 3138 1290 dum
3189 1246 3291 1290 eos
3325 1247 3430 1311 per
3458 1231 3653 1294 edicta
3681 1225 3794 1296 tri-

2144 1314 2305 1394 ginta
2335 1315 2568 1377 dierum
2598 1324 2931 1392 arcessunt,
2965 1326 3024 1379 et
3054 1317 3285 1380 duabus
3299 1320 3796 1400 appellationibus

2144 1404 2709 1467 condemnationem
2723 1424 2931 1467 eorum
2947 1407 3353 1488 suspendunt?
3394 1409 3614 1489 Multae,
3637 1412 3798 1475 haud

2145 1492 2346 1584 dubie,
2373 1503 2550 1577 atque
2573 1513 2810 1556 omnem
2835 1513 3152 1559 numerum
3184 1497 3562 1563 excedentes.
3595 1503 3799 1584 Itaque

2144 1581 2306 1643 nullo
2330 1583 2769 1646 interveniente
2798 1584 2981 1647 animi
3011 1586 3223 1648 affectu
3255 1587 3570 1667 colligitur,
3595 1581 3794 1654 emer—
3875 1662 3878 1668 ,

2143 1680 2381 1750 gentem
2413 1691 2481 1735 ex
2517 1674 2679 1735 hisce
2730 1673 2927 1736 verbis
2974 1673 3398 1739 obscuritatem
3426 1678 3787 1761 ambiguam,

408 1762 610 1842 βιϐλίου
665 1770 842 1846 γραφῇ
876 1784 890 1800 ⁸
947 1765 1035 1821 καὶ
1079 1765 1198 1828 τοὺς
1241 1764 1382 1843 παρὰ
1438 1761 1801 1854 πρεσϐυτέρων
1855 1760 2058 1854 ἣλδια-

2152 1769 2309 1824 recte
2340 1762 2651 1825 conciliari
2690 1788 2701 1835 ι
2727 1781 2794 1825 er
2814 1763 2900 1841 id,
2927 1764 3084 1846 quod
3115 1765 3176 1827 in
3208 1766 3420 1828 eodem
3445 1760 3797 1832 libro’dein-

407 1856 580 1911 κόνων
623 1853 938 1930 ἑλκομένους
981 1855 1123 1935 παρὰ
1181 1867 1299 1918 τοῖς
1353 1851 1780 1916 θεοσεόεστάτοις
1832 1849 2057 1916 ἐκδίκοις

2152 1869 2283 1931 ceps
2315 1853 2708 1933 perscriptum
2744 1860 2836 1914 est
2858 1852 3328 1918 delibertatibus
3352 1854 3636 1920 nimirum
3659 1876 3788 1939 eos,

408 1944 568 2024 χάριν
624 1941 1125 2023 ἐλευθεροϐοούντων
1181 1942 1218 2011 ἢ
1303 1941 1822 2022 δουλαγωγουμένων
1873 1947 2054 2016 τινῶν,

2152 1939 2294 2021 quia
2314 1940 2677 2022 presbyteris
2706 1941 2800 2003 vel
2825 1941 3092 2004 diaconis
3120 1952 3497 2008 arcessantur
3539 1947 3611 2009 ad
3642 1949 3794 2011 reli-

408 2035 495 2090 καὶ
580 2034 714 2109 μετὰ
766 2047 912 2113 τρεῖς
976 2030 1250 2097 διαλαλιὰς
1323 2033 1400 2110 μὴ
1458 2031 1798 2108 πειθομένους
1857 2030 2054 2112 ἐλθεῖν,

2152 2029 2514 2108 giosissimos
2545 2029 2894 2093 defensores
2925 2030 3163 2092 illorum
3197 2050 3395 2108 causa,
3427 2034 3528 2116 qui
3554 2037 3797 2118 procla-

410 2127 717 2202 μονομερῶς
774 2123 1192 2202 κατακρίνεσθαι,
1255 2121 1340 2178 διὰ
1397 2123 1463 2180 τὰ
1519 2143 1720 2198 νομιμα
1789 2125 1909 2178 θεῖα
1965 2124 2056 2178 θε-

2152 2127 2305 2210 mant
2327 2118 2399 2180 ad
2427 2119 2786 2210 libertatem,
2811 2119 2901 2181 vel
2924 2119 2983 2181 in
3008 2121 3354 2184 servitutem
3386 2123 3792 2210 abripiuntur,

408 2213 704 2290 σπῖσματα,
780 2213 848 2268 τὰ
919 2213 1018 2279 τὴν
1086 2210 1376 2284 ἐλευθερίαν
1434 2211 1566 2291 ὑπὲρ
1621 2233 1796 2269 παντα
1865 2209 2060 2291 σχεδὸν

2152 2206 2193 2268 si
2224 2216 2356 2289 post
2387 2209 2581 2270 edicta
2611 2209 2719 2270 tria
2743 2217 3024 2273 recusent
3083 2228 3453 2291 comparere,
3485 2233 3602 2276 una
3634 2206 3792 2278 dun;

407 2301 815 2380 περιθάλποντα,
923 2302 1006 2358 ιιαὶ
1087 2300 1139 2366 εξ
1232 2299 1480 2358 ἐπιπέδου
1550 2299 1876 2380 διοριζόμενα
1959 2298 2058 2367 τὴν

2152 2301 2301 2358 taxat
2334 2306 2497 2376 parte
2529 2306 2821 2378 praesente
2851 2297 3264 2371 condemnari,
3323 2309 3565 2382 propter
3595 2321 3792 2367 sacras

407 2392 605 2458 ταύτης
665 2392 888 2462 ζήτησιν
946 2394 1200 2470 γίνεσθαι,
1274 2392 1363 2447 καὶ
1416 2391 1493 2466 μὴ
1549 2389 1867 2469 ὠφελεῖσθαι
1938 2390 2060 2452 τοὺς

2152 2386 2289 2462 iuris
2314 2387 2682 2461 sanctiones,
2714 2405 2844 2466 quae
2891 2385 3226 2449 libertatem
3279 2405 3462 2469 prope
3492 2409 3671 2471 supra
3700 2410 3801 2454 res

408 2479 546 2536 οὕτω
600 2481 698 2548 τὴν
749 2477 1035 2548 καταδίκην
1091 2477 1208 2538 καθ’
1266 2479 1467 2538 ἑαυτῶν
1536 2476 1944 2558 σχεδιάσαντας,
2001 2476 2063 2534 ἐκ

423 2576 515 2625 τοῦ
545 2572 684 2626 εἶναι
738 2575 830 2626 τοῦ
876 2571 1117 2647 βήματος
1172 2575 1274 2636 τῆς
1330 2567 1619 2648 ἐλευθερίας
1676 2568 1797 2632 τοὺς
1858 2565 2072 2636 ἀντιλή-

423 2681 644 2738 πτορας,
704 2657 856 2717 Οὕτω
913 2657 968 2715 δὲ
1022 2660 1223 2717 τούτων
1268 2657 1529 2739 ἐχόντων,
1577 2655 1788 2722 δικαίως
1847 2655 2071 2734 ἐπιτρα-

421 2750 649 2818 πήσεται
713 2750 742 2805 6
798 2747 1179 2828 πρωτέκδικος,
1240 2751 1346 2806 τῶν
1405 2748 1504 2823 μὲν
1567 2746 1726 2827 χάριν
1781 2745 2072 2825 ἐλευθερίας

422 2839 522 2906 τὴν
590 2835 1040 2906 ἐκκλησιαστικὴν
1121 2837 1419 2910 ζητούντων
1467 2837 1736 2914 βοήθειαν,
1797 2836 1932 2911 μετὰ
1987 2832 2072 2890 δι-

422 2925 722 2990 καιοδοσίας
793 2924 1268 3003 ἀντιλαμϐάνεσθαι
1305 2942 1320 2956 ·
1379 2929 1486 2982 τῶν
1539 2924 1593 2981 δὲ
1646 2923 1848 2982 λοιπῶν
1903 2946 2066 3003 προσο

425 3017 604 3098 φύγων
682 3016 1092 3090 ἀντιποιεῖσθαι,
1149 3016 1330 3096 ὥσπερ
1385 3016 1473 3072 καὶ
1537 3013 1669 3072 ὅπου
1719 3015 2022 3090 νενόμισται
2053 3032 2068 3046 ⁸

2155 2492 2365 2536 omnes
2395 2474 2614 2548 fovent,
2631 2483 2689 2536 et
2705 2474 3015 2556 inquiride
3051 2474 3161 2538 hac
3177 2476 3412 2554 jubent,
3445 2497 3515 2540 ex
3537 2480 3798 2562 simpIici

2153 2563 2402 2641 etplano
2425 2564 2661 2641 ;.accita
2680 2565 3110 2626 condemnatos
3136 2565 3458 2646 quidquam
3478 2585 3548 2629 ex
3569 2587 3640 2631 eo
3661 2569 3798 2632 sub-

2154 2652 2293 2714 sidii
2325 2671 2541 2734 capere
2555 2653 2777 2730 volunt,
2799 2654 2956 2734 quod
2981 2652 3278 2716 libertatis
3303 2665 3796 2737 propugnatores,

2155 2742 2306 2804 sacri
2336 2744 2454 2804 sint
2506 2741 2736 2804 ordinis
2791 2742 3087 2804 homines.
3148 2741 3294 2816 Quae
3350 2763 3484 2807 cum
3544 2746 3625 2809 ita
3654 2747 3795 2823 sint,

2155 2830 2310 2892 haud
2343 2831 2448 2894 abs
2469 2850 2534 2893 re
2568 2831 2757 2912 primo
2816 2831 3124 2894 defensori
3172 2834 3528 2912 permissum
3561 2837 3696 2910 erit,
3733 2849 3800 2901 ut

2153 2919 2228 2980 iis
2258 2921 2526 3001 quidem,
2591 2920 2693 3001 qui
2747 2939 2921 3001 opem
2977 2920 3445 2986 ecclesiasticam
3503 2925 3800 2990 libertatis

2157 3027 2333 3072 causa
2355 3011 2695 3091 implorant,
2722 3029 2829 3089 per
2867 3009 3349 3090 jurisdictionem
3381 3031 3546 3075 suam
3578 3014 3797 3079 subve-

421 3095 510 3162 καὶ
579 3105 913 3163 συνίστασθαι
967 3103 1172 3181 μᾶλλυν
1231 3095 1460 3185 τούτοις,
1513 3105 1602 3161 καὶ
1658 3101 1884 3161 ἐκδικεῖν
1967 3102 2066 3159 ἀπὸ

2157 3099 2318 3160 niat:
2357 3109 2414 3162 et
2443 3099 2812 3180 reliquorum
2871 3101 2944 3161 ad
2975 3097 3275 3162 Ecclesia:
3321 3101 3797 3183 confugientium

420 3198 529 3251 τῶν
569 3194 967 3274 ἐπηρεαζόντων
1016 3194 1224 3270 αὐτοὺς,
1269 3193 1444 3258 καθώς
1504 3215 1604 3250 που
1644 3193 1733 3250 καὶ
1787 3190 2067 3260 κέκληται.

422 3283 574 3343 Οὕτω
602 3285 704 3365 γὰρ
745 3290 940 3364 ποιῶν,
989 3283 1080 3340 καὶ
1130 3281 1359 3364 φυλάξας
1410 3283 1568 3346 ὁσίως
1626 3283 1692 3338 τὰ
1745 3281 1866 3338 ὅσια
1918 3279 2071 3338 δεόν-

419 3395 530 3438 τως
592 3374 963 3446 ὁσιωθήσετσι.
1011 3373 1111 3431 Καὶ
1164 3379 1330 3430 ταῦτα
1372 3372 1469 3450 μὲν
1511 3371 1876 3453 ἀποχρώντως
1905 3369 2071 3450 ἐγρά-

418 3485 597 3544 φησαν
667 3465 740 3528 είς
825 3463 1086 3543 ἐκτροπὴν
1155 3469 1263 3520 τῶν
1332 3463 1474 3542 παρὰ
1555 3471 1650 3521 τοῦ
1715 3459 2070 3540 πρωτεκδίκου

419 3552 831 3632 προτιθεμένων,
904 3553 991 3609 καὶ
1074 3552 1512 3633 παρασπωμένων
1598 3552 1665 3608 τὰ
1751 3550 1893 3633 παρα
1978 3559 2070 3608 τοῦ

417 3628 819 3724 χαρτοφόλακος
882 3628 1178 3718 ἀμέμπτως
1259 3628 1524 3718 νεμόμενα
1581 3638 1776 3702 δικαία,
1832 3628 2066 3705 ῚΡητέον

416 3734 471 3792 δὲ
525 3737 615 3793 καὶ
667 3735 735 3803 τὰ
775 3741 1098 3793 ωνισιαῦντα
1155 3736 1244 3792 τὸν
1288 3733 1688 3814 χαρτοιρύλακα,
1741 3731 1956 3789 Είπάτω
2010 3728 2065 3786 δὲ

419 3823 622 3902 μᾶλλον
651 3830 816 3882 ταῦτα
855 3828 957 3892 τῆς
982 3822 1229 3892 ἀληθείας
1259 3825 1320 3879 τὸ
1363 3823 1558 3898 στόμα,
1603 3822 1693 3879 καὶ
1733 3825 1834 3888 τῆς
1857 3817 2063 3877 δικαιο-

405 3915 578 3982 ’σύνης
633 3915 662 3971 ό
726 3913 895 3982 ἥλιος.
962 3911 1090 3972 Οὒδὲ
1148 3913 1247 3992 γὰρ
1305 3911 1511 3968 εἴκοθεν
1571 3910 1811 3985 εἴπωμεν
1867 3908 2064 3986 ἐπιμύ-

412 4007 545 4081 θιον,
579 4005 715 4061 κατᾶ
770 4005 892 4070 τοὺς
916 4001 1274 4079 κνηθομένους
1301 4002 1396 4068 τὰς
1427 4001 1614 4076 ἀκοὰς,
1672 4000 1750 4075 τῷ
1792 4000 1938 4077 λόγῳ
1975 4007 2067 4057 τοῦ

412 4092 770 4176 διαφέροντος,
831 4095 920 4150 καὶ
961 4093 1082 4157 τοὺς
1127 4090 1212 4148 ἐπὶ
1264 4089 1449 4155 ὕδατος
1505 4088 1806 4168 ἀντιλογίας
1851 4086 2068 4165 δοκιμά-

401 4190 596 4256 ’ζοντας
650 4184 716 4242 τὰ
777 4181 1044 4263 ἀμφίϐολα
1079 4199 1095 4215 ⁸
1163 4179 1284 4238 ἀλλ’
1358 4181 1539 4238 ἐκεῖνα
1607 4177 1832 4246 διπλόης
1888 4177 2066 4244 πάσης

412 4275 565 4339 ἐκτὸς
624 4272 1002 4355 σχεδιάσομεν,
1076 4270 1175 4328 ὅσα
1230 4283 1392 4350 πεῖρα
1463 4270 1661 4349 μακρὰ,
1716 4269 1803 4324 καὶ
1840 4267 2059 4355 ,χρόνος

410 4363 602 4438 πολὺς,
632 4353 721 4421 καὶ
747 4364 898 4420 θείων
927 4366 1148 4442 Γραφῶν
1202 4359 1498 4439 ἀνάγνωσις
1549 4361 1692 4434 ἡμᾶς
1736 4353 2058 4422 ἀνεδίδαξαν,

2155 3205 2397 3249 causam
2433 3196 2684 3262 tueatur,
2719 3188 3218 3269 quemadmodum
3252 3196 3312 3251 et
3331 3189 3429 3253 ubi
3460 3191 3691 3272 legibus
3711 3203 3804 3258 est

2155 3277 2464 3339 deﬁnitum
2495 3296 2508 3341 :
2542 3278 2810 3359 adeoque
2842 3277 3038 3359 potius
3082 3277 3175 3338 his
3203 3279 3460 3356 assistat,
3495 3289 3555 3345 et
3584 3281 3800 3347 defen-

2153 3367 2256 3428 dat
2313 3385 2417 3428 eos
2473 3366 2547 3428 ab
2607 3366 3005 3429 inferentibus
3062 3366 3367 3448 injuriam,
3449 3371 3628 3433 sicuti
3681 3392 3797 3437 no-

2153 3454 2334 3517 minis
2365 3456 2554 3537 ipsius
2581 3455 2730 3517 ratio
2783 3455 3060 3536 postulat.
3110 3457 3259 3519 Nam
3309 3457 3390 3520 ita
3411 3459 3462 3521 si
3507 3478 3572 3523 se
3603 3471 3792 3542 geret,

2151 3565 2219 3607 ac
2249 3554 2452 3608 sancte
2480 3554 2682 3608 sancta
2729 3546 3076 3620 servaverit,
3125 3545 3283 3608 haud
3334 3547 3517 3612 dubie
3545 3569 3797 3614 venera-

2149 3636 2370 3697 tionem
2405 3633 2754 3697 merebitur.
2770 3634 2979 3696 Ethaec
2993 3633 3233 3715 quidem
3266 3635 3487 3717 scripta
3501 3639 3800 3703 sufficiant

2148 3726 2220 3787 ad
2246 3742 2316 3785 ea
2344 3723 2713 3797 divertenda,
2738 3741 2870 3803 quae
2898 3741 2931 3784 a
2955 3723 3147 3804 primo
3179 3722 3559 3788 defensorem
3594 3729 3795 3809 profe-

2146 3821 2384 3875 runtur:
2411 3832 2479 3875 ac
2501 3815 2636 3893 jura
2687 3814 3046 3889 convellunt,
3097 3811 3159 3873 in
3209 3831 3464 3893 quorum
3494 3815 3797 3899 inculpata

2150 3903 2527 3983 possessione
2555 3901 2948 3964 chartularius
2978 3908 3086 3964 est.
3123 3900 3294 3963 Nunc
3349 3901 3425 3964 de
3453 3903 3528 3966 iis
3557 3923 3797 3988 quoque

2149 3993 2492 4068 dicendum,
2526 4010 2656 4073 quae
2689 4010 2792 4072 pro
2827 3991 3186 4053 chartulario
3220 3991 3464 4057 faciunt.
3509 3992 3616 4057 Vel
3641 3995 3801 4058 dicat

2150 4101 2219 4144 ea
2249 4083 2443 4163 potius
2472 4082 2667 4162 ipsum
2693 4081 2952 4143 veritatis
2981 4099 3069 4154 os,
3115 4089 3175 4142 et
3225 4081 3311 4142 sol
3366 4081 3634 4163 justitiae.
3666 4083 3798 4148 Non

2150 4172 2311 4234 enim
2339 4189 2410 4236 ex
2441 4171 2614 4233 nobis
2643 4170 2902 4232 fabulam
2933 4171 3277 4242 aﬂ‘eremus,
3310 4170 3499 4233 instar
3531 4173 3796 4250 illorum,

2151 4261 2366 4343 quibus
2396 4279 2572 4322 aures
2604 4263 2844 4340 puriunt
2890 4259 2964 4321 ad
3018 4260 3347 4321 orationem
3403 4261 3478 4323 de
3536 4281 3606 4325 eo
3637 4264 3798 4346 quod

2143 4351 2290 4432 ipsis
2320 4350 2594 4432 expedit;
2629 4357 2688 4411 et
2719 4367 2926 4413 eorum
2951 4367 3141 4430 more,
3162 4349 3262 4431 qui
3292 4350 3366 4412 ad
3398 4369 3615 4432 aquam
3646 4371 3795 4414 con-

411 4452 660 4534 ’Λρκτέον
691 4452 802 4528 οὖν,
835 4449 952 4508 ὅθεν
971 4439 1231 4530 ἔρχεσθαι
1260 4448 1476 4526 ἄμεινον
1511 4464 1526 4482 ⁸
1575 4448 1665 4504 καὶ
1696 4445 1973 4527 πορευτέον
2002 4445 2062 4501 ἐκ

2152 4439 2522 4503 tradictionis
2555 4440 2899 4502 examinant
2931 4456 3029 4500 res
3045 4445 3484 4503 controversas:
3515 4440 3619 4502 sed
3652 4441 3800 4504 citra

412 4541 685 4622 δυνάμεως
715 4540 872 4603 πάλιν
897 4542 967 4606 εἰς
996 4539 1236 4616 δύναμιν.

2143 4533 2343 4594 fucum
2373 4548 2613 4592 omnem
2647 4548 2718 4592 ea
2774 4528 3131 4610 simpliciter
3183 4546 3613 4610 proponemus,
3668 4549 3800 4612 qum

409 4616 728 4696 diuturnus
757 4648 902 4694 usus
930 4627 1090 4708 longi
1123 4624 1412 4709 temporis
1443 4624 1812 4702 exercitatio,
1846 4631 1904 4687 et
1933 4641 2239 4688 sacrarum
2270 4621 2627 4684 Litterarum
2659 4619 2836 4681 lectio
2867 4636 2976 4680 nos
3006 4617 3358 4709 docuerunt.
3382 4616 3795 4700 Incipiendum

409 4720 616 4806 igitur,
650 4721 810 4784 unde
843 4707 1083 4802 praestat
1110 4707 1346 4779 initium
1383 4716 1511 4778 ﬁeri
1550 4735 1563 4780 :
1598 4722 1656 4777 et
1683 4733 1722 4806 a
1745 4713 2020 4806 facultate
2055 4715 2345 4806 majorem
2368 4710 2440 4774 ad
2473 4709 2810 4806 facultatem
2843 4707 3373 4806 progrediendum,

493 4803 711 4894 Κεφαλὴ
741 4816 840 4879 τῆς
885 4808 1191 4889 ἅγιωτάτης
1247 4807 1340 4863 τοῦ
1398 4813 1528 4864 Θεοῦ
1572 4804 1814 4884 μεγάλης
1858 4803 2061 4894 ἐκηλη..

412 4906 526 4968 σίας
583 4892 712 4976 ἐστὶ,
775 4901 908 4978 μετὰ
959 4899 1055 4968 τὴν
1115 4897 1333 4978 πρώτην
1391 4894 1650 4976 ἄναρχον.
1725 4896 1812 4951 καὶ
1865 4892 2059 4973 ἀίδιον,

410 4995 498 5054 καὶ
551 4989 966 5072 ἆπειροδόναμον
1018 4985 1280 5066 κεφαλὴν,
1349 4987 1440 5042 τὸν
1515 4985 1702 5062 Κύριον
1773 4985 1862 5042 καὶ
1933 4985 2064 5040 Θεὸν

410 5086 564 5162 ἡμῶν
620 5080 826 5150 Ἰησοῦν
870 5079 1114 5158 Χριστὸν,
1160 5078 1188 5132 6
1247 5075 1604 5150 πνευματικὺς
1673 5073 1892 5155 νυμφίος
1966 5075 2065 5130 αὒ-

411 5179 512 5242 τῆς
583 5175 612 5230 6
689 5171 823 5228 κατὰ
900 5167 1111 5247 καιροὺς
1174 5165 1468 5244 ἀγιώτατος
1526 5165 1890 5241 οἶκουμενικὸς
1959 5185 2065 5220 πα-

413 5264 695 5343 τριάρχης.
771 5265 888 5318 Τῶν
957 5263 1083 5336 γοῦν
1131 5253 1607 5343 ἀκκλησιαστικῶν
1661 5252 1876 5343 δικαίων
1911 5249 2066 5343 ’διαι-

415 5340 682 5434 ρουμένων
713 5349 864 5430 διχῇ,
912 5347 994 5411 εἴς
1044 5367 1101 5403 τε
1146 5346 1213 5401 τὰ
1269 5342 1580 5424 διαφέροντα
1633 5349 1704 5420 τῇ
1779 5340 2070 5413 Ἐκκλησία

417 5432 732 5516 πολυειδῶς,
789 5439 877 5495 καὶ
948 5438 1022 5499 εἷς
1095 5435 1163 5491 τὰ
1231 5437 1312 5506 τῷ
1387 5432 1699 5512 πατριάρχῃ
1753 5453 2068 5506 προσκυρω..

418 5533 572 5589 θέντα
635 5533 950 5605 κανονικῶς,
1028 5524 1210 5592 ἐδέησε
1267 5535 1383 5587 τοῖς
1452 5523 1517 5578 τὰ
1581 5527 1678 5590 τῆς
1747 5519 2069 5588 Ἐκκλησίας

419 5621 791 5702 ὁροθιτήσασιν
860 5615 1147 5697 όρθοδόξοις
1242 5613 1400 5688 ἡμῶν
1481 5611 1919 5702 αὐτοκράτορσιν,
1977 5633 2074 5666 κα-

420 5699 693 5791 ταμερίσαι
737 5715 900 5766 ταῦτα
965 5709 1095 5788 πρὸς
1159 5702 1313 5760 πέντε
1361 5701 1630 5785 ’σεκρέτων
1685 5703 1851 5779 εὒαγῆ
1905 5699 2072 5778 λογο-

2229 4802 2412 4882 Caput
2441 4798 2830 4862 sanctissimae
2851 4796 2956 4859 Dei
2983 4796 3225 4876 majoris
3250 4794 3551 4878 Ecclesiae,
3576 4816 3794 4861 secun-

2148 4893 2286 4956 dum
2311 4897 2486 4972 caput
2511 4889 2656 4950 illud
2680 4887 2940 4969 primum
2964 4885 3132 4947 initio
3156 4904 3363 4947 carens
3385 4895 3443 4947 et
3480 4896 3795 4966 aeternum,

2150 4988 2208 5043 et
2238 4979 2484 5042 infinitae
2513 4974 2815 5058 potentiae,
2838 4973 3154 5036 Dominum
3188 4972 3492 5054 Deumque
3533 4983 3800 5037 nostrum

2147 5073 2348 5132 Jesum
2380 5067 2703 5140 Christum,
2740 5073 2798 5125 et
2827 5062 3151 5145 spiritualis
3207 5061 3310 5124 ille
3359 5081 3615 5144 sponsus
3641 5065 3796 5146 ejus,

2151 5157 2562 5222 sanctissimus
2593 5155 2884 5234 cujusque
2941 5152 3227 5232 temporis
3281 5153 3634 5216 universalis
3691 5173 3800 5236 pa-

2153 5249 2433 5312 triarcha.
2462 5245 2606 5307 Cum
2665 5251 2862 5304 autem
2910 5240 3316 5304 ecclesiastica
3363 5241 3499 5322 jura
3528 5242 3799 5306 bifariam

2153 5337 2516 5408 dividantur,
2545 5333 2850 5407 videlicet,
2872 5331 2932 5393 in
2957 5350 3050 5407 ea,
3109 5349 3239 5412 quae
3280 5332 3460 5393 variis
3511 5333 3703 5396 modis
3726 5335 3804 5397 ad

2153 5427 2340 5509 ipsam
2372 5423 2705 5488 Ecclesiam
2739 5421 3042 5502 pertinent
3067 5440 3083 5497 ;
3113 5427 3174 5481 et
3200 5419 3264 5481 in
3286 5439 3376 5494 ea,
3416 5439 3547 5502 quae
3563 5440 3673 5503 per
3697 5441 3798 5486 ca-

2156 5533 2343 5578 nones
2379 5512 2761 5596 peculiariter
2779 5509 3016 5573 addicta
3043 5517 3182 5572 sunt
3205 5511 3592 5591 patriarchae:
3629 5531 3802 5594 opor-

2155 5605 2266 5669 tuit
2295 5603 2542 5666 omnino
2605 5600 2909 5682 principes
2964 5607 3198 5661 nostros
3255 5600 3638 5673 orthodoxos,
3696 5601 3803 5684 qui

2155 5691 2635 5758 robus’Ecclesiae
2650 5697 2870 5754 certam
2889 5688 3080 5769 legem
3103 5688 3550 5766 (ἰθύει-πηιῑώωο
3575 5689 3805 5774 disper-
