4120 6422
408 362 556 431 1187

1819 363 1951 426 JUS
1989 357 2434 426 CANONICUM

3651 362 3811 439 “88

403 499 502 562 tiri
551 499 610 562 in
642 500 907 582 quinque
960 506 1323 562 secretorum
1371 497 1650 578 religiosa
1677 497 1989 561 ratiocinia

2131 493 2271 552 θέσια
2305 515 2319 530 ⁸
2392 498 2480 553 καὶ
2549 497 2818 556 ἀναθεῖναι
2865 499 2966 568 τὴν
3021 500 3218 558 τούτων
3273 499 3532 569 διοίκησιν
3589 499 3777 559 διακο-

403 599 579 672 atque
638 589 851 651 horum
909 587 1491 650 administrationem
1551 587 1730 650 certis
1763 585 2050 649 ministris

405 678 801 742 committere.
826 677 972 740 Nam
1015 677 1260 739 minime
1292 675 1682 738 conveniebat
1713 675 1906 757 ipsum
1941 693 2048 755 pa-

405 768 746 842 triarcham,
810 775 925 828 tam
958 766 1274 847 insigniter
1327 767 1386 828 in
1445 764 1724 827 omnibus
1783 764 2048 844 speciem

404 856 606 939 sponsi
633 874 752 936 prae
777 874 842 917 se
865 855 1180 927 ferentem,
1201 854 1478 935 occupari
1504 853 1810 915 tractando
1835 859 2049 924 rastro,

405 945 834 1027 mancipiisque
863 944 1169 1007 satiandis.
1202 943 1348 1005 Inde
1370 944 1547 1022 igitur
1583 943 1642 1003 in
1680 943 1836 1003 hunc
1867 960 2053 1022 usque

403 1035 586 1113 diem,
609 1034 914 1115 aquinque
933 1032 1292 1114 priesidibus
1314 1051 1462 1114 quos
1504 1031 1885 1112 magistratus
1907 1031 2050 1092 Exo-

400 1123 714 1185 cataccelos
743 1122 1020 1188 dicimus.
1058 1133 1334 1202 tanquam
1395 1139 1427 1181 a
1478 1121 1742 1201 quinque
1775 1121 2050 1181 sensibus

400 1214 526 1275 hanc
558 1212 1079 1274 administrantur:
1111 1209 1392 1272 nimirum
1419 1226 1684 1288 amagno
1715 1227 2048 1285 (Economo,

398 1321 432 1363 a
490 1321 702 1380 magno
761 1299 1095 1375 sacellario,
1158 1319 1191 1360 a
1252 1318 1462 1378 magno
1521 1299 1968 1378 scevophylace,
2016 1315 2050 1357 a

400 1389 782 1465 chartulario,
817 1396 876 1451 et
905 1407 974 1450 ea
1005 1387 1256 1469 praeside
1285 1387 1532 1450 sacellii.
1596 1389 1838 1466 Magnus
1895 1405 2037 1448 (Bco-

401 1498 615 1542 nomus
645 1477 1000 1560 praediorum
1035 1476 1575 1539 ecclesiasticorum
1614 1495 1814 1538 curam
1847 1477 1998 1554 gerit
2031 1493 2045 1539 :

403 1587 651 1648 magnus
708 1564 1053 1629 sacellarius
1112 1574 1226 1627 tam
1287 1566 1538 1636 urbana,
1594 1586 1771 1646 quam
1800 1566 2050 1627 ulterius

397 1659 508 1720 sita
545 1656 870 1719 monastica
901 1664 1067 1718 curat
1101 1655 1259 1737 (cum
1293 1655 1460 1716 urbis
1507 1655 1907 1736 imperatricis
1938 1656 2048 1717 de-

2133 597 2350 652 νητατς.
2409 584 2538 644 Οὐδὲ
2581 587 2679 665 γὰρ
2724 584 2826 644 ἔδει
2883 590 2974 645 τὸν
3026 588 3192 654 οὕτως
3250 589 3527 669 ἀγακλεῶς
3561 589 3615 646 ἐν
3658 597 3788 647 πᾶσι

2134 673 2678 754 νυμφοστολούμενον,
2743 679 2862 756 περὶ
2939 679 3216 747 σκαπάνην
3291 679 3648 760 ἀσχολεῖσθαι
3706 681 3796 736 καὶ

2134 761 2332 820 δούλων
2363 765 2733 845 χορτάσματα.
2803 776 2998 825 Εκτοτε
3058 777 3183 848 γοῦν
3225 771 3313 826 καὶ
3355 769 3518 850 μέχρι
3570 779 3664 830 τοῦ
3705 776 3796 827 νῦν

2135 854 2275 931 παρὰ
2330 854 2482 912 πέντε
2541 856 2982 938 προκαθημένων,
3041 865 3145 915 τῶν
3221 858 3652 926 ἐξωκατακοίλων
3703 860 3794 938 ἀρ⁶

2138 943 2349 1021 χόντων
2390 945 2550 1025 φημὶ,
2610 947 2683 1009 ὡς
2741 948 2843 1004 ὑπὸ
2901 947 3056 1004 πέντε
3112 950 3403 1019 αἰσθήσεων
3461 951 3607 1005 ταυτὶ
3665 947 3796 1014 διεξ-

2138 1032 2352 1109 άγονται
2383 1047 2403 1066 ⁶
2461 1032 2625 1114 ἤγουν
2679 1042 2771 1092 τοῦ
2803 1035 3036 1114 μεγάλου
3079 1038 3380 1114 οἰκονόμου,
3421 1045 3514 1095 τοῦ
3559 1036 3794 1117 μεγάλου

2136 1120 2509 1203 σακελλαρίου,
2567 1134 2662 1185 τοῦ
2705 1125 2940 1204 μεγάλου
2982 1126 3403 1207 σκευοφύλακος,
3435 1133 3530 1184 τοῦ
3584 1149 3793 1208 χαρτο-

2136 1208 2390 1292 φύλακος,
2447 1214 2532 1269 καὶ
2597 1215 2691 1272 τοῦ
2742 1214 3043 1278 σακελλίου.
3109 1219 3206 1274 Καὶ
3261 1215 3378 1296 ἔχει
3435 1219 3540 1272 τ’ὖν
3597 1214 3790 1283 ἐκκλη·

2133 1309 2420 1356 σιαστικῶν
2475 1305 2767 1379 κτημάτων
2830 1307 2928 1373 τὴν
2984 1307 3257 1386 πρόνοιαν,
3317 1309 3345 1363 6
3403 1306 3570 1385 μέγας
3641 1307 3790 1363 οἱκο-

2133 1387 2296 1464 νόμος
2330 1406 2345 1421 ⁸
2409 1397 2515 1446 τῶν
2571 1393 2708 1448 κατὰ
2765 1393 2947 1475 πόλιν,
3005 1396 3091 1452 καὶ
3134 1401 3240 1450 τῶν
3283 1400 3580 1475 περατικῶν
3629 1415 3792 1470 μονα-

2134 1477 2363 1556 στηρίων
2420 1480 2517 1547 τὴν
2587 1481 2847 1562 μέριμναν
2933 1482 3378 1562 (τρισκαιδέκατος
3436 1484 3535 1562 γὰρ
3593 1483 3789 1562 ρεγεὼν

2133 1573 2230 1634 τῆς
2259 1567 2641 1644 βασιλευούσης
2684 1579 2790 1629 τῶν
2818 1572 3051 1654 πόλεων,
3082 1576 3118 1643 ἡ
3159 1574 3352 1653 περαία
3382 1573 3576 1638 ταύτης
3607 1572 3787 1652 ἐστὶν),

2135 1659 2162 1712 ὁ
2192 1656 2359 1736 μέγας
2390 1658 2736 1740 σακελλάριος
2772 1681 2786 1696 ο
2833 1669 2940 1730 τῶν
2982 1666 3135 1742 ἱερῶν
3178 1660 3470 1740 κειμηλίων
3521 1663 3620 1729 τὴν
3663 1662 3786 1718 ἐπι-

395 1749 550 1811 cima
573 1747 746 1808 tertia
766 1746 958 1827 regio,
982 1745 1057 1806 sit
1081 1746 1208 1826 ejus
1227 1745 1388 1824 regio
1414 1747 1726 1826 extrema),
1760 1745 1836 1806 de
1866 1744 2045 1806 sacris

2134 1744 2375 1843 pélstzv,
2449 1749 2478 1805 6
2537 1749 2704 1828 μέγας
2772 1750 3094 1832 σκευοφύλαξ
3129 1766 3143 1780 ⁶
3192 1753 3283 1809 καὶ
3337 1758 3444 1809 τῶν
3492 1749 3786 1808 καθολικῶν

397 1837 651 1900 cimeliis
669 1835 960 1897 sollicitus
985 1842 1075 1895 est
1096 1853 1342 1914 magnus
1366 1833 1467 1894 ille
1492 1852 1762 1895 vasorum
1795 1842 1990 1895 custos
2030 1855 2044 1894 :

2131 1833 2453 1916 ἐκκλησιῶν,
2484 1839 2616 1916 πρὸς
2645 1836 2700 1895 δὲ
2729 1841 2815 1898 καὶ
2837 1846 2941 1897 τῶν
2977 1840 3343 1920 ἐμφυτεύσεων
3372 1840 3470 1908 τὴν
3503 1837 3779 1919 διοίκησιν,

397 1925 786 1987 ecclesiarum
817 1925 875 1986 in
935 1941 1178 2003 genere,
1239 1930 1413 2002 atque
1472 1922 1646 1983 etiam
1707 1923 2048 2002 amphyteu-

395 2015 550 2077 sium
634 2013 1087 2089 administratio,
1175 2029 1361 2093 penes
1421 2010 1648 2073 sacellii
1707 2011 2046 2092 praefectum

397 2112 508 2167 est.

475 2192 878 2258 Chartularius
901 2198 1095 2252 autem
1125 2209 1230 2272 pro
1253 2209 1356 2251 sua
1375 2197 1536 2271 parte
1559 2191 1720 2252 solus
1741 2209 1810 2252 ea
1827 2189 2046 2268 dirigit,

394 2302 526 2366 quae
544 2284 676 2362 jure
699 2281 1076 2362 pontificatus
1093 2279 1164 2340 ad
1191 2281 1583 2360 patriarcham
1619 2279 1941 2360 pertinent.
1980 2279 2050 2341 Et

399 2392 515 2455 quo
547 2372 788 2453 quidem
823 2378 990 2451 pacto
1023 2377 1372 2430 czetcrorum
1423 2377 1672 2449 quatuor
1731 2369 2044 2449 prmsidum

400 2462 808 2524 institutiones
835 2477 941 2521 seu
969 2458 1298 2519 electiones
1334 2458 1463 2518 fieri
1497 2457 1718 2519 debere
1754 2458 2044 2519 sancitum

397 2551 495 2624 sit,
520 2558 580 2613 et
601 2558 742 2630 quot
759 2567 890 2610 nam
909 2548 1158 2628 quilibet
1181 2549 1391 2608 horum
1415 2547 1808 2609 chartularios
1829 2546 2050 2608 laboris

398 2648 709 2701 consortes
731 2637 968 2708 habeat,
994 2644 1209 2716 quotve
1243 2654 1349 2696 suo
1375 2637 1433 2696 in
1461 2644 1690 2696 secreto
1721 2635 2044 2712 ministros,

397 2729 659 2791 alienum
693 2728 807 2788 hoc
837 2726 968 2787 loco
997 2725 1176 2786 fuerit
1213 2724 1436 2786 dicere.
1498 2723 1626 2786 Non
1659 2725 1818 2786 enim
1853 2725 1927 2786 de
1959 2725 2050 2787 his

398 2818 558 2898 loqui
591 2835 748 2878 nunc
778 2814 1169 2876 instituimus.
1201 2813 1370 2876 Unde
1398 2832 1562 2888 vero,
1617 2823 1676 2876 et
1704 2814 1960 2893 qualiter
1990 2814 2046 2875 id

400 2905 801 2969 venerationis
843 2905 902 2965 in
953 2903 1138 2982 signis
1171 2903 1608 2984 cbartophylaci
1641 2903 1953 2980 tribuatur,
1988 2912 2052 2964 ut

396 3015 462 3058 os
490 3005 546 3057 et
570 3013 776 3056 manus
800 2992 1151 3076 patriarchae
1173 3002 1566 3072 nuncupetur,
1598 2992 2044 3074 inquirendum.

396 3085 465 3148 Et
489 3083 625 3166 quia
647 3082 1162 3170 nonuullinomen
1183 3081 1657 3170 chartOphylacis
1681 3101 1747 3143 ex
1777 3102 1848 3143 eo
1882 3083 2044 3144 deri-

2131 3083 2472 3159 ωνυμίζεσθαι
2555 3089 2646 3144 τὸν
2729 3089 3110 3170 χαρτοφύλακα

311 3249 322 3259 _
397 3181 556 3254 vant,
580 3172 736 3254 quod
763 3168 1286 3259 membranassive
1305 3168 1544 3231 codices
1565 3170 1884 3232 custodiat:
1912 3179 2050 3233 ante

397 3263 600 3326 omnia
631 3260 982 3332 tollendum,
1005 3257 1162 3340 quod
1185 3258 1326 3320 inde
1349 3258 1510 3320 nasci
1538 3267 1758 3341 posset,
1789 3261 2048 3322 scanda-

395 3353 542 3414 lum.
580 3349 1010 3431 Chartopbylax
1041 3366 1157 3410 non
1190 3357 1301 3429 est,
1333 3350 1415 3410 uti
1439 3348 1680 3430 quidam
1707 3349 2046 3429 perhibent,

400 3450 600 3503 custos
629 3439 869 3512 secreti,
905 3446 963 3500 et
984 3437 1209 3518 janitor
1266 3445 1423 3515 (nam
1471 3446 1828 3499 ostartorum
1883 3447 2048 3499 vetns

397 3548 468 3592 ea
488 3528 775 3611 professio
798 3530 932 3606 est),
969 3526 1071 3589 sed
1094 3525 1344 3588 Idoneus
1368 3526 1592 3605 jurium
1623 3526 2044 3608 episcopalium

395 3628 653 3683 curator.
688 3616 786 3680 Sic
814 3617 972 3679 enim
1000 3623 1059 3678 et
1090 3615 1601 3697 nomophylacem,
1626 3623 1686 3677 et
1715 3617 2043 3697 scevophy-

393 3710 581 3771 lacem
607 3715 940 3770 castrorum
957 3704 1248 3786 principis
1260 3704 1533 3766 όὶοιιηυε.
1563 3704 1727 3778 Quod
1750 3709 1794 3768 si
1817 3705 2046 3766 fortiter

395 3799 508 3860 hoc
529 3796 858 3858 inficiautes
884 3803 1173 3876 quaarant,
1200 3794 1300 3875 qui
1327 3793 1452 3875 fiat,
1475 3802 1536 3855 ut
1556 3794 1807 3855 aliorum
1837 3813 1951 3857 sec'
1974 3814 2044 3857 e-

393 3893 586 3949 torum
614 3884 1045 3967 przesides,non
1058 3883 1334 3945 dicantur
1348 3884 1780 3958 custodes,cum
1796 3883 2037 3964 quidem

391 3992 593 4038 rerum
623 3973 1138 4035 administratores
1191 3971 1311 4032 sint
1348 3991 1363 4047 ;
1423 3989 1528 4033 cur
1583 3990 1758 4048 unus,
1793 3991 2040 4052 magnus

391 4072 638 4126 vocetur
693 4078 1083 4140 ceconomus;
1133 4060 1308 4135 alius,
1363 4078 1610 4140 magnus
1669 4061 2036 4138 sacellarius,

393 4153 568 4229 alius,
591 4151 797 4214 sacelli
813 4150 1128 4231 praefectus
1154 4167 1168 4213 :
1194 4148 1456 4230 audiant,
1482 4150 1642 4211 idem
1667 4168 1801 4213 esse
1824 4169 2044 4212 nomen

393 4240 714 4320 cecouomi,
746 4239 1029 4320 custodis,
1064 4239 1357 4301 sacellarii
1388 4247 1445 4300 et
1499 4239 1724 4302 sasellii
1757 4239 2039 4320 praefecti.

2134 1926 2161 1980 6
2191 1924 2490 1988 σακελλίου,

2220 2182 2278 2250 Ὀ
2335 2191 2389 2248 δὲ
2445 2195 2780 2276 χαρτοφύλαξ
2848 2199 3144 2256 κατευθύνει
3204 2204 3512 2277 μονομερῶς
3583 2197 3648 2254 τὰ
3707 2203 3784 2272 τῷ

2132 2281 2462 2376 ⁸Ξτατριάρχῃ,
2534 2283 2718 2361 δικαίῳ
2802 2291 2901 2354 τῆς
2991 2287 3410 2367 ἆργιερωσύνης,
3493 2285 3777 2355 ἀνήκοντα.

2136 2359 2330 2435 υΟπως
2376 2372 2472 2446 μὲν
2517 2374 2606 2430 οὖν
2661 2378 2767 2431 τῶν
2825 2375 2999 2434 ἄλλων
3042 2378 3311 2455 τεσσάρων
3371 2373 3781 2454 προκαθημένων

2130 2459 2224 2522 τὰς
2308 2459 2626 2539 προϐλήσεις
2709 2465 3006 2522 τετύπωται
3090 2467 3344 2546 γίνεσθαι,
3431 2466 3518 2522 καὶ
3589 2463 3782 2527 πόσους

2129 2547 2352 2606 ἕκαατον
2409 2551 2608 2608 τούτων
2663 2552 2779 2633 ἔχει
2837 2553 3252 2634 χαρτουλαρίους
3303 2559 3397 2611 τοῦ
3439 2555 3606 2610 κόπου
3647 2573 3782 2628 συμο

2131 2639 2406 2719 μεριστάς,
2477 2643 2571 2696 καί
2631 2644 2830 2707 πόσους
2886 2646 3218 2724 σεκρετικοὺς
3275 2642 3615 2717 διακονητδις,
3689 2644 3782 2698 οὒκ

2132 2724 2240 2782 ἔστι
2294 2726 2468 2806 λέγειν
2527 2731 2735 2812 καιρός.
2795 2730 2924 2791 Οὐδὲ
2981 2734 3080 2812 γὰρ
3156 2735 3274 2812 περὶ
3343 2734 3542 2790 τούτων
3611 2733 3782 2788 εἰπεῖν

2130 2815 2473 2894 προεθέμεθα.
2537 2808 2701 2878 εὈθεν
2760 2818 2838 2896 δὲ,
2883 2825 2971 2879 καὶ
2996 2808 3170 2888 ⁷ὅπως
3316 2818 3651 2902 χαρτοφύλαξ
3699 2839 3784 2875 σε-

2133 2903 2476 2984 μνολογεϊται
2506 2909 2864 2985 πανευκλεῶς,
2925 2915 3011 2969 καὶ
3068 2911 3317 2968 καλεῖται
3375 2918 3467 2967 τοῦ
3522 2910 3782 2989 πατριάρ-

2131 3015 2236 3073 χου
2293 2996 2464 3071 στόμα
2519 2999 2605 3054 καὶ
2662 3001 2801 3080 χεὶρ,
2849 3001 3134 3072 ζητητέον,
3195 2999 3344 3059 Ἐπεὶ
3401 2999 3456 3056 δέ
3484 3021 3620 3064 τινες
3644 3021 3783 3078 παρ’

3212 3090 3449 3147 θέλουσιν
3550 3089 3611 3146 ἐκ
3692 3094 3786 3145 τοῦ

2132 3170 2406 3252 φυλάττειν
2490 3174 2794 3256 μεμϐράνας
2892 3178 3011 3247 ἤτοι
3097 3179 3336 3256 κωδίκια,
3423 3179 3786 3260 περιαιρετέον

2131 3263 2232 3340 πρὸ
2279 3263 2491 3320 πάντων
2546 3267 2607 3323 τὸ
2664 3265 2723 3322 ἐκ
2777 3269 2962 3328 τούτου
3031 3270 3289 3348 φυόμενον
3359 3256 3676 3326 σκάνδαλον.
3727 3256 3785 3323 Ὀ

2132 3350 2468 3430 χαρτοφύλαξ
2498 3355 2592 3411 οὐκ
2638 3353 2802 3437 ἔστιν,
2861 3357 2934 3422 ὥς
2992 3379 3130 3424 τινες
3183 3357 3452 3438 λέγαυσιν,
3499 3353 3663 3437 φύλαξ
3693 3361 3787 3412 τοῦ

2132 3439 2398 3519 σεκρέτου,
2459 3445 2546 3500 καὶ
2599 3447 2826 3526 θυρωρὸς
2920 3445 3098 3526 (τούτο
3170 3448 3270 3526 γὰρ
3343 3447 3450 3503 τῶν
3504 3445 3786 3525 ὀστιαρίων

2133 3526 2366 3608 ἀρχαῖον
2395 3531 2732 3613 ἐπάγγελμα)
2766 3554 2780 3570 ·
2828 3535 3188 3593 ἑπισκοπικῶν
3246 3533 3301 3590 δὲ
3343 3532 3558 3592 δικαίων
3617 3555 3783 3613 φρον-

2129 3617 2315 3684 τιστὴς
2357 3618 2674 3701 ἀξιόμαχος.
2735 3623 2885 3680 Οὕτω
2935 3625 3035 3704 γὰρ
3091 3625 3178 3681 καὶ
3235 3623 3532 3703 νομοφύλαξ
3587 3621 3784 3679 καλεῖ-

2125 3730 2234 3790 ται,
2309 3711 2397 3765 καὶ
2467 3711 2789 3792 σκευοφύλαξ
2847 3712 3196 3792 στρατοπέδου
3261 3712 3559 3790 βασιλικοῦ.
3621 3713 3682 3769 Εἰ
3738 3707 3783 3766 δ’

2128 3798 2586 3881 ἀπισχυρίζονται,
2644 3805 2759 3866 πῶς
2824 3810 2931 3860 τῶν
3001 3802 3177 3860 ἄλλων
3247 3802 3505 3882 σεκρέτων
3548 3804 3595 3859 οἱ
3652 3823 3781 3882 προ-

2122 3890 2409 3963 καθήμενοι
2493 3889 2720 3970 φύλακες
2802 3892 2861 3949 οὗ
2928 3892 3401 3968 κατονομάζονται,
3461 3893 3550 3948 καὶ
3616 3901 3784 3950 ταῦτα

2123 3977 2451 4054 πραγμάτων
2533 3977 2678 4044 ὄντες
2751 3978 3014 4048 διοικηταί
3051 3997 3063 4012 ’
3152 3980 3273 4037 ἀλλ’
3333 3983 3362 4038 6
3433 3981 3556 4056 μὲν,
3611 3979 3784 4058 μέγας

2125 4066 2401 4142 οἰκονόμος
2433 4066 2676 4127 καλεῖται
2710 4088 2724 4104 °
2786 4072 2815 4126 6
2871 4068 2950 4143 δὲ,
2997 4069 3164 4149 μέγας
3195 4068 3541 4149 σακελλάριος
3575 4083 3589 4099 ⁶
3643 4071 3674 4125 6
3703 4067 3780 4144 δὲ,

2127 4153 2404 4212 σακελλίου
2439 4172 2453 4186 ⁸
2503 4157 2900 4234 ἀκουσάτωσαν,
2974 4162 3049 4223 ὡς
3106 4161 3293 4216 ταυτόν
3381 4159 3521 4216 ἐστιν
3575 4160 3775 4232 εἰπεῖν,

2127 4243 2426 4321 οἰκονόμον,
2473 4245 2702 4327 φύλακα,
2761 4245 3130 4328 σακελλάριον,
3194 4250 3278 4304 καὶ
3331 4249 3424 4306 τὸν
3478 4245 3781 4310 σακελλίου,

393 4332 542 4394 Nam
567 4327 1042 4428 apud-Romanos
1065 4326 1346 4428 sacellum
1369 4326 1975 4428 abadministratione
1988 4337 2045 4391 et

2133 4334 2278 4412 Παρὰ
2334 4334 2434 4428 γαρ
2490 4336 2610 4428 τοῖς
2659 4326 2938 4412 Ῥωμαίοις
2999 4326 3278 4413 σάκελλον,
3331 4338 3472 4417 παρὰ
3523 4338 3584 4392 τὸ
3640 4333 3781 4428 διοι-

392 4419 658 4482 custodia
683 4417 922 4480 dicitur.
956 4418 1152 4497 Atque
1181 4418 1361 4478 etiam
1388 4417 1528 4479 hinc
1548 4417 1764 4480 sacella
1793 4418 2045 4498 patriar-

2131 4435 2245 4478 κεῖν
2301 4424 2388 4478 καὶ
2430 4422 2707 4502 φυλάττειν
2758 4425 2890 4485 ἐστί.
2941 4427 3037 4484 Καὶ
3079 4427 3113 4494 ἡ
3171 4426 3290 4490 τοὺς
3351 4427 3674 4505 κακούργους
3720 4422 3774 4480 δὲ

390 4508 599 4588 chalis,
634 4524 750 4588 qua
780 4505 1034 4567 maleﬁci
1052 4505 1488 4585 custodiuntur,
1525 4525 1643 4567 non
1674 4505 1913 4569 aliunde
1944 4525 2047 4588 ap-

389 4598 605 4680 pellata
635 4604 758 4676 est;
793 4595 948 4657 sicut
977 4603 1034 4656 et
1064 4594 1378 4676 saculium,
1415 4593 1771 4658 Sacellarius
1800 4595 2044 4677 quidem

390 4687 609 4750 dicitur
632 4684 1129 4747 monasteriorum
1153 4683 1598 4746 administrator
1621 4703 1637 4748 :.
1663 4685 2044 4766 etpraefectus

390 4775 590 4839 sacelli
623 4773 1016 4848 deminutive,
1046 4773 1439 4835 ecclesiarum
1471 4774 1532 4834 in
1549 4791 1770 4853 genere
1787 4782 2042 4838 curator.

386 4862 678 4926 Caeterum
711 4881 784 4923 ne
817 4861 877 4922 lii
909 4862 1172 4943 quinque
1205 4861 1488 4942 prasides
1546 4880 1729 4922 unum
1764 4861 2047 4924 duntaxat

387 4952 680 5014 haberent
711 4969 952 5026 nomen,
1016 4950 1241 5031 placuit
1288 4949 1660 5012 diversorum
1707 4951 2040 5014 officiorum

386 5040 884 5122 appellationibus
905 5058 1008 5102 eos
1021 5039 1342 5121 ampliores
1365 5039 1532 5102 reddi
1555 5039 1933 5113 debere.Quo
1953 5043 2040 5118 tit,

386 5130 757 5192 utactionum
775 5129 992 5190 finibus
1005 5129 1162 5191 idem
1178 5129 1860 5207 existentes,ofﬁciorum
1878 5150 2046 5193 voca-

387 5217 542 5280 bulis
559 5219 1018 5296 distinguantur.
1062 5219 1185 5281 Hoc
1201 5221 1376 5282 modo
1391 5228 1555 5282 recte
1575 5219 1805 5282 sublato
1832 5219 2036 5295 dubio,

385 5308 543 5389 quod
573 5309 853 5370 adversus
876 5309 1396 5390 chartophylacem
1427 5310 1602 5371 tacite
1628 5309 1789 5371 nasci
1813 5319 2041 5391 poterat

383 5396 612 5477 reliqua
634 5396 1182 5460 etiamdeclaranda
1197 5399 2042 5463 veniunt.Munuscbartularii

389 5485 609 5547 varium
641 5493 698 5547 et
729 5485 1037 5566 multiplex
1069 5495 1181 5549 est.
1231 5487 1461 5552 Idcirco
1491 5489 1903 5551 sanctissimus
1936 5509 2040 5570 pro

385 5582 655 5656 tempore
680 5573 1036 5655 patriarcha,
1062 5575 1224 5639 velut
1241 5577 1496 5640 alterum
1522 5583 1843 5650 Aaronem,
1879 5578 2040 5642 hunc

383 5662 686 5744 deligens,
711 5680 845 5724 cum
870 5665 1032 5726 Mose
1054 5664 1198 5727 dicit
1216 5667 1288 5728 ad
1314 5664 1631 5728 Dominum
1664 5685 1677 5731 :
1712 5666 2042 5751 «Inspiciat

2127 4509 2457 4590 φυλάττουσα
2526 4516 2888 4594 πατριαρχικὴ
2939 4513 3172 4582 σακέλλη
3244 4515 3500 4590 ἐντεῦθεν,
3557 4515 3647 4570 καὶ
3688 4515 3781 4572 οὐκ

2127 4596 2346 4656 ἄλλοθεν
2403 4603 2832 4678 μετωνόμσσται,
2875 4602 3054 4682 ὥσπερ
3110 4601 3176 4670 δὴ
3219 4605 3306 4659 καὶ
3360 4604 3422 4660 τὸ
3477 4601 3776 4662 σακούλιον.

2127 4685 2349 4764 Λέγεται
2379 4698 2502 4766 γοῦν
2559 4689 2925 4768 σακελλάριος,
3002 4694 3030 4748 6
3086 4691 3192 4748 τῶν
3244 4692 3612 4772 μοναστηρίων
3655 4689 3780 4748 διοι-

2127 4777 2300 4846 κητής
2335 4791 2349 4806 ⁸
2397 4779 2486 4834 καὶ
2513 4781 2542 4834 6
2592 4777 2870 4836 σακελλίου
2911 4781 3351 4860 ὑποκοριστικῶς,
3410 4783 3438 4837 6
3497 4780 3602 4837 τῶν
3658 4785 3780 4837 καθ-

2128 4865 2323 4922 ολικῶν
2365 4866 2666 4934 ἐκκλησιῶν
2723 4858 3091 4948 φροντιστής(
3129 4858 3252 4928 Ηινα
3306 4858 3360 4924 δὲ
3413 4871 3449 4938 ἡ
3493 4870 3597 4928 τῶν
3650 4892 3777 4950 προ-

2127 4955 2438 5031 καθημένων
2535 4959 2728 5022 πεντὰς
2815 4960 2891 5034 μὴ
2971 4964 3470 5034 ταυτωνυμίζηται,
3578 4960 3774 5038 ὠρισθη

2127 5040 2374 5124 διαφόραν
2469 5046 2724 5126 ὀφφικίων
2808 5047 3060 5123 ὀνόμασιν
3144 5048 3306 5114 αὐτὴν
3379 5049 3770 5126 μεγεθύνεσθαι,

2127 5137 2214 5208 Τῷ
2242 5156 2323 5191 τοι
2368 5137 2454 5190 καὶ
2495 5135 2848 5212 ταυτιζομένη
2893 5142 2997 5193 τῶν
3061 5139 3340 5215 ἒνεργειῶν
3395 5149 3513 5202 τοῖς
3570 5136 3772 5194 ἀποτε-

2125 5221 2374 5298 λέσμασι,
2451 5224 2711 5303 μερίζεται
2767 5232 2872 5282 τῶν
2958 5227 3214 5308 όφφικίων
3292 5237 3416 5291 ταῖς
3495 5225 3769 5296 κλήσεσιν,

2124 5312 2272 5369 Οῧτω
2327 5319 2452 5391 γοῦν
2510 5312 2948 5393 περιαιρουμένης
2993 5314 3196 5393 καλῶς,
3243 5321 3342 5382 τῆς
3407 5313 3466 5371 ἐκ
3529 5320 3628 5382 τῆς
3684 5339 3774 5394 φυ-

2122 5400 2291 5470 λακῆς
2359 5401 2829 5479 ὑποκλεπτομένης
2887 5403 3139 5482 ἀσαφείας
3215 5406 3352 5460 κατὰ
3407 5414 3498 5464 τοῦ
3566 5425 3770 5484 χαρτο-

2123 5490 2374 5570 φύλαιιος,
2445 5492 2793 5572 σαφηνιστέον
2853 5494 2940 5549 καὶ
2982 5494 3049 5549 τὰ
3105 5491 3289 5556 λοιπά,
3351 5501 3454 5554 Τοῦ
3510 5493 3772 5573 χαρτοφύ-

2124 5580 2310 5658 λακος,
2381 5583 2416 5648 ἡ
2474 5581 2708 5662 ἐνέργεια
2763 5579 3047 5651 πολυειδὴς
3091 5583 3180 5639 καὶ
3251 5579 3583 5663 πολυσχιδής
3637 5581 3765 5640 ἐστι.

2128 5672 2220 5727 Διὸ
2251 5673 2336 5727 καὶ
2367 5674 2394 5729 ὁ
2445 5673 2578 5730 κατὰ
2636 5673 2850 5753 καιροὺς
2911 5672 3204 5751 ἁγιώτατος
3274 5672 3635 5752 πατριάρχης,
3696 5673 3765 5738 ὡς
