4120 6426
407 385 549 452 1191
1782 384 1911 449 JUS
1954 383 2039 450 CA

2123 383 2404 450 DNICUM
3103 369 3105 371 ’
3655 368 3812 441 1192

396 520 628 602 aliquos
683 519 972 595 habitare,
1025 519 1174 583 solio
1219 519 1872 602 Constantinopolitano
1904 516 2039 583 sub-

2137 515 2462 596 σφαλμάτων
2513 520 2762 597 ψυχικῶν
2818 513 3168 595 διορθώσεως.
3243 515 3395 574 Κατά
3461 510 3516 569 δὲ
3569 505 3803 602 ἱερωμέτ

392 593 608 694 jectos.
960 593 966 595 Π
1615 593 1632 602 ’
2134 593 2238 662 νων
2284 593 2381 663 καὶ
2444 593 2723 688 μοναίῶν,
2815 593 2934 684 περὶ
3003 628 3182 674 πασης
3240 601 3650 694 ἐγκληματικῆς

398 685 738 786 Ξίρηματικῆς
772 702 1066 767 αἰτιάσεως,
1115 708 1254 781 Περᾷ
1282 701 1380 781 γὰρ
1410 704 1500 758 καὶ
1531 702 1689 782 μέχρι
1727 700 1980 780 Γαδείρων
2027 702 2198 758 αὑτῶν
2242 699 2276 766 ἡ
2308 685 2623 757 δικαιοδοσίᾶ
2663 695 3209 778 τοῦξχαρτοφύλακος,
3245 697 3289 753 εί
3317 693 3434 761 δοίη
3463 715 3541 757 τις
3572 685 3799 748 κάκεῖσε

397 817 541 859 τινας
572 805 840 849 κατοικεῖν
869 791 1242 868 ὑποκειμένους
1276 797 1352 864 τῷ
1380 793 1547 869 θρόνῳ
1575 793 1672 859 τῆς
1706 785 2333 853 Κωνσταντινουπόλεως.

476 880 608 944 Jam
639 898 801 950 vero,
837 881 992 960 quod
1043 878 1319 960 praesidet
1377 880 1506 960 ipse
1558 879 1875 942 duodecim
1936 897 2039 959 pa-

2209 880 2280 936 Τὸ
2324 877 2379 934 ἃ
2439 881 2798 954 προκαθησθαι
2857 884 3042 936 τοῦτον
3099 875 3390 942 δωδεκάδος
3461 895 3793 954 πατριαρχι-

397 971 818 1036 triarchalibus
851 971 1120 1046 notariis,
1181 990 1310 1033 eam
1368 991 1440 1034 ex
1499 972 1644 1034 sede
1702 973 1878 1035 ﬁdem
1937 974 2039 1034 ha-

2129 973 2240 1023 κῶν
2282 967 2537 1046 νοταρίων
2581 967 2916 1026 αὖτοπιστίαν
2973 965 3236 1048 ἐχόντων,
3295 965 3418 1023 οἻαν
3475 963 3593 1045 ἔχει
3635 963 3724 1019 καὶ
3753 962 3789 1030 ἡ

395 1062 696 1133 bentibus,
751 1079 926 1142 quam
999 1059 1222 1122 habent
1277 1061 1594 1123 duodecim
1656 1061 1872 1123 notarii
1931 1071 2039 1125 tam

2130 1053 2361 1122 δωδεκὰς
2404 1062 2509 1114 τῶν
2555 1063 2648 1113 τοῦ
2678 1055 2854 1127 Βήλου
2910 1047 3011 1113 καὶν
3035 1047 3146 1112 τοῦ
3203 1047 3554 1135 ’ἱπποδρόμου
3596 1052 3790 1130 κριτῶν

395 1151 549 1227 Veli,
588 1168 765 1232 quam
792 1148 1185 1230 Hippodromi
1231 1149 1504 1230 judicum
1560 1151 1752 1223 (mitto
1789 1168 2039 1232 namque

2135 1144 2230 1225 (ἐῶ
2272 1147 2372 1224 γὰρ
2430 1148 2600 1204 εἰπεῖν
2661 1143 2950 1210 δωδεκάδος
3003 1143 3219 1219 διπλῆς,
3245 1144 3346 1232 ,ὅτι
3390 1143 3499 1200 τῶν
3541 1161 3796 1232 πατριαρ-

392 1230 623 1315 dicere,
653 1239 746 1301 bis
789 1237 1148 1300 duodecim:
1207 1257 1339 1300 cum
1402 1239 1878 1320 patriarcharum
1929 1230 2039 1302 liu-

2131 1241 2250 1314 χῶν
2317 1237 2350 1302 ἦ
2409 1233 2771 1316 φιλανθρωπίαι
2840 1235 2928 1292 καὶ
2989 1231 3378 1313 συγκατάϐασις
3422 1234 3528 1312 οὐχ
3581 1230 3792 1320 ἕλκεται

395 1330 650 1393 manitas
709 1337 768 1390 et
825 1328 1147 1389 submissio
1206 1319 1433 1410 petrahi
1493 1349 1558 1390 se
1617 1349 1731 1391 non
1791 1329 2039 1410 patiatur

2130 1326 2261 1402 πρὸς
2314 1325 2574 1404 ἀναίρεσιν
2634 1331 2740 1382 τῶν
2805 1323 3199 1402 νενομισμένων
3259 1321 3561 1400 ἀνέκαθεν),
3606 1319 3789 1377 ὡσαύ-

395 1420 468 1482 ad
501 1417 895 1482 evertendum
928 1435 1020 1492 ea,
1077 1409 1216 1499 quae,
1235 1417 1562 1499 antiquitus
1614 1419 1674 1480 in
1728 1409 1836 1481 usu
1866 1425 2039 1494 sunt),

2131 1435 2236 1477 τως
2269 1415 2356 1470 καὶ
2412 1416 2471 1471 τὸ
2531 1413 2891 1494 προκαθῆσται
2948 1414 3054 1471 τῶν
3114 1412 3524 1492 μητροπολιτῶν
3568 1409 3621 1466 ἓν
3665 1421 3790 1473 τατς

399 1528 468 1572 ac
498 1509 728 1571 ratione
757 1505 1079 1580 consimili,
1112 1506 1267 1587 quod
1325 1508 1604 1588 praesidet
1648 1515 1786 1570 ante
1821 1516 2039 1570 metro-

2133 1504 2331 1582 ψήφοις
2415 1509 2520 1560 τῶν
2623 1510 2968 1584 χηρευουσῶν
3069 1503 3382 1583 ἁγιωτάτων
3465 1500 3788 1580 ἐκκλησιῶν,

397 1602 694 1684 politanos
714 1601 772 1662 in
797 1599 1187 1662 electionibus
1221 1600 1636 1682 episcoporum
1663 1601 1736 1662 ad
1770 1609 2039 1664 vacantes

2129 1593 2218 1648 καὶ
2300 1591 2355 1648 ἐν
2436 1606 2560 1658 ταῖς
2644 1593 2828 1660 ἔξωθεν
2909 1600 3001 1651 τοῦ
3084 1601 3476 1673 πατριαρχικοῦ
3542 1591 3784 1667 βήματος

396 1677 700 1766 ecclesias,
739 1697 796 1752 et
823 1687 976 1751 iniis
1002 1677 1721 1772 publicis’congressibus,
1755 1693 1854 1772 qui
1881 1699 2039 1754 extra

2128 1681 2430 1761 γινομέναις
2473 1697 2680 1748 κοιναῖς
2725 1682 3110 1764 συνελεύσεσιν,
3171 1681 3308 1739 ἀλλὰ
3365 1682 3473 1756 μὴν
3531 1681 3619 1737 καὶ
3660 1677 3783 1759 ἑορ-

394 1779 782 1864 patriarchale
813 1778 1071 1841 tribunal
1103 1780 1270 1858 ﬁunt,
1307 1779 1425 1840 imo
1447 1780 1624 1842 etiam
1663 1780 1722 1841 in
1752 1781 2039 1843 festorum

396 1869 649 1953 publicis
675 1867 1032 1932 caerimoniis
1061 1877 1237 1950 atque
1255 1869 1668 1946 conventibus,
1699 1889 1814 1932 non
1848 1870 2040 1933 solum

391 1959 552 2042 ipsas
581 1959 737 2020 intra
768 1965 964 2040 partes
1013 1957 1304 2033 ecclesiae,
1369 1976 1572 2019 verum
1626 1960 1802 2020 etiam
1835 1959 2044 2040 quovis

391 2049 453 2112 in
485 2049 636 2124 loco,
672 2047 829 2130 quod
861 2047 1014 2108 nulli
1064 2065 1414 2109 concessum
1469 2054 1561 2108 est
1616 2047 1867 2111 diacono
1899 2067 2040 2130 pro-

392 2146 596 2219 pterea
624 2136 780 2219 quod
813 2135 1056 2198 diseriis
1082 2134 1279 2198 verbis
1309 2154 1343 2197 a
1373 2152 1519 2198 xvur
1539 2155 1770 2199 canone
1825 2146 2044 2201 sanctae

390 2247 458 2290 ac
475 2226 824 2290 universalis
847 2226 1054 2308 prima:
1087 2226 1300 2304 synodi
1339 2225 1726 2304 prohibeatur
1749 2245 1761 2290 :
1782 2247 2037 2309 quonam

389 2336 587 2400 quaeso
619 2315 869 2397 referes,
901 2314 1142 2376 auditor
1164 2313 1656 2395 prudentissime?
1678 2316 1936 2380 Omnino
1961 2318 2040 2378 fa-

389 2407 609 2470 teberis
639 2407 851 2467 horum
899 2403 1164 2466 omnium
1229 2412 1580 2484 potestatem
1637 2406 1693 2466 ei
1753 2408 2036 2470 tributam

386 2506 724 2578 prepterea,
752 2492 906 2576 quod
933 2492 1302 2554 existimetur
1323 2512 1456 2554 esse
1507 2513 1594 2564 os,
1648 2503 1706 2554 ct
1765 2495 1949 2572 labra,
1983 2505 2040 2560 et

393 2604 602 2647 manus
662 2587 917 2662 quodam
975 2582 1151 2642 modo
1213 2583 1587 2662 patriarcha).
1651 2583 1887 2665 Abripit
1944 2606 2040 2649 me

391 2674 673 2756 proclivis
704 2674 959 2753 impetus
991 2670 1200 2746 animi,
1255 2681 1314 2732 ut
1370 2672 1588 2748 dicam,
1651 2682 1709 2734 et
1765 2683 2039 2738 accurate

384 2763 706 2837 declarem,
741 2779 922 2842 quam
953 2758 1026 2820 ob
1059 2777 1294 2821 causam
1327 2780 1503 2841 supra
1552 2770 1798 2824 creteros
1828 2765 2038 2845 prasi—

2124 1773 2365 1848 τασίμοις
2434 1770 2734 1848 πανδήμοις
2792 1771 3068 1839 τελευταῖς
3126 1794 3181 1828 τε
3238 1772 3326 1829 καὶ
3400 1770 3780 1849 πανηγύρεσιν,

2125 1863 2186 1918 ού
2243 1863 2402 1938 μόνον
2447 1861 2594 1925 ἐντὸς
2646 1867 2754 1920 τῶν
2809 1868 2908 1927 τῆς
2977 1862 3264 1930 ἐκκλησίας
3335 1865 3534 1940 μερῶν,
3581 1855 3699 1915 ἀλλ’
3731 1857 3788 1914 ἓν

2125 1951 2276 2026 τόπῳ
2346 1954 2525 2026 παντὶ,
2594 1951 2724 2031 ὅπερ
2795 1951 2962 2010 οὗδενὶ
3031 1950 3262 2025 διακόνῳ
3335 1948 3780 2029 πεφιλοτίμηται,

2125 2039 2210 2097 διὰ
2265 2043 2325 2097 τὸ
2397 2041 2570 2119 ῥητῶς
2629 2043 2732 2099 ὑπὸ
2789 2049 2884 2099 τοῦ
2946 2031 3026 2110 ιη’
3080 2042 3298 2119 κανύνρς
3357 2044 3457 2107 τῆς
3504 2038 3656 2116 ἁγίας
3697 2038 3786 2095 καὶ

2128 2131 2498 2206 οἷκουμενικῆς
2542 2133 2758 2210 πρώτης
2813 2129 3010 2189 σποδοῦ
3035 2129 3354 2210 κωλύεσθαι,
3415 2133 3518 2186 ποῦ
3574 2129 3781 2200 θήσεις,

2125 2221 2357 2302 ἀκροατὰ
2421 2223 2794 2304 συνετώτατε,
2879 2225 3096 2287 Πάντως
3179 2221 3242 2278 ἂν
3322 2218 3499 2284 εἴποις
3586 2220 3785 2276 τούτων

2124 2313 2336 2369 πάντων
2393 2312 2603 2382 δοθῆναι
2660 2314 2760 2380 την
2798 2311 3032 2380 ὶξουσίαν
3093 2315 3257 2387 αὐτῷ,
3303 2309 3390 2366 διὰ
3437 2313 3500 2365 τὸ
3569 2307 3781 2386 λογίζε-

2124 2406 2239 2459 σθαι
2283 2403 2476 2478 στόμα,
2523 2405 2611 2459 καὶ
2671 2403 2857 2483 χείλη,
2915 2404 3002 2459 καὶ
3057 2414 3250 2483 χεῖρας
3308 2399 3500 2457 ὡσανεὶ
3528 2419 3780 2478 πατριαρ-

2122 2494 2307 2570 χικάς.
2345 2483 2538 2549 εἘλκει
2595 2515 2663 2568 με
2719 2495 2780 2548 τὸ
2831 2492 3097 2571 πρόθυμον
3153 2493 3326 2548 εἰπεῖν
3369 2489 3457 2546 καὶ
3485 2487 3776 2566 ὕπεξεργά-

2123 2585 2332 2659 σασθαι,
2392 2582 2530 2645 τίνος
2581 2581 2740 2662 χάριν
2797 2582 2939 2658 παρᾶ
2994 2582 3115 2644 τοὺς
3173 2578 3364 2643 ἄλλους
3423 2575 3774 2658 προκαθημέ-

2121 2693 2238 2736 νους
2283 2675 2311 2728 ὁ
2368 2670 2706 2752 χαρτοφύλαξ
2762 2671 2850 2728 καὶ
2895 2669 3052 2746 μόνος
3109 2668 3308 2733 διττοτς
3383 2666 3768 2734 ἐκκλησιαστι-

2120 2775 2241 2825 κοϊς
2315 2760 2688 2841 μεγαλύνεται-
2732 2761 3018 2838 τάγμασιν,
3079 2759 3513 2822 ἐπισκοπειανοῒς
3570 2757 3775 2826 δηλαδὴ

2119 2853 2207 2907 καὶ
2251 2863 2598 2931 σεκρετικοϊς.
2655 2839 2784 2906 ΗΟτι
2817 2848 2870 2905 δὲ
2914 2854 3012 2916 τῆς
3069 2849 3267 2905 τούτων
3323 2847 3574 2924 εὑρέσεως
3635 2849 3774 2906 ὓπο-

376 2943 530 3022 joris
556 2940 927 3004 auctoritatis
957 2959 1134 3001 causa
1161 2941 1434 3018 geminos
1488 2942 1723 3016 habeat,
1790 2945 2033 3026 episco-

2123 2939 2280 3021 ϐάθρα
2355 2963 2436 3006 τις
2525 2941 2789 3017 τιμήεσσα
2857 2940 3155 3019 πρόκειται,
3242 2939 3330 2995 καὶ
3409 2941 3473 2994 τὸ
3557 2945 3778 3018 πρᾶγμα

383 3032 692 3114 pianorum
716 3029 1010 3102 videlicet,
1038 3048 1105 3090 ac
1119 3029 1563 3092 secreticorum.
1596 3032 2032 3114 Sed'quoniam

2123 3029 2418 3111 παρακαλεῖ
2472 3031 2560 3087 καὶ
2630 3029 2824 3097 ταύτην
2901 3029 3440 3108 ἀργυρογνωμονῆσαι
3524 3025 3608 3083 διὰ
3676 3029 3775 3096 τὴν

382 3118 767 3182 institutionis
796 3119 1010 3180 horum
1044 3119 1277 3198 insigne
1309 3119 1605 3200 quoddam
1664 3122 2029 3186 fundamen-

2123 3126 2214 3188 τῆς
2283 3118 2530 3186 ἀληθείας
2587 3119 2936 3199 παράστασιν,
3000 3118 3335 3194 ἀναμεινάτω
3385 3118 3516 3196 πρὸς
3587 3119 3776 3197 μικρὸν

382 3218 503 3271 tum
538 3217 648 3285 est,
683 3228 749 3270 ac
777 3226 874 3269 res
905 3208 1032 3288 ipsa
1061 3207 1337 3290 postulat,
1400 3210 1510 3271 hoc
1554 3209 1748 3290 ipsum
1796 3232 2034 3295 quoque

2123 3213 2146 3268 ί)
2215 3210 2375 3289 λόγος
2430 3210 2530 3278 τὴν
2588 3216 2693 3266 τῶν
2763 3208 3026 3287 ῥηθέντων
3097 3208 3388 3286 ταγμάτων
3457 3209 3771 3279 συζήτησιν.

381 3298 646 3360 veritatis
676 3295 1035 3359 exhibendae
1084 3315 1260 3359 causa
1294 3299 1618 3361 examinari
1661 3319 1673 3363 :
1729 3303 2034 3385 paulisper

2123 3299 2203 3355 καὶ
2230 3298 2440 3376 ῥητέον,
2473 3298 2612 3361 τίνος
2671 3297 2831 3377 χάριν
2891 3297 3032 3375 παρά
3081 3297 3184 3364 τὴν
3222 3303 3328 3352 τῶν
3395 3295 3547 3352 θείων
3600 3298 3770 3354 κανό-

379 3387 724 3449 differamus
774 3403 902 3448 eam
960 3385 1312 3462 orationem,
1391 3407 1507 3469 qua
1565 3383 1942 3471 supradictos
1969 3395 2028 3455 in

2123 3410 2217 3444 νων
2289 3386 2598 3467 μερίληψιν,
2656 3386 2709 3442 ἐν
2767 3385 3028 3450 διακόνοις
3100 3389 3128 3443 ὁ
3180 3383 3517 3466 χαρτοφόλαξ
3571 3388 3768 3442 ταττό-

378 3476 622 3539 ordines
672 3475 1092 3557 disquiremus,
1155 3494 1221 3536 ac
1279 3477 1592 3552 dicamus;
1638 3479 2023 3556 quamobrem

2123 3498 2292 3552 μενος,
2383 3477 2489 3534 τῶν
2573 3475 2865 3556 ἀρχιερέων
2950 3476 3306 3555 προκάθηται,
3393 3475 3464 3532 Τὸ
3547 3476 3766 3551 ζήτημα

378 3575 592 3648 praeter
609 3565 691 3642 id,
713 3564 870 3647 quod
893 3564 1082 3626 sacris
1106 3565 1438 3628 canonibus
1460 3568 1822 3645 continetur,
1857 3572 2029 3633 char-

2123 3573 2263 3623 τοῡτο
2291 3567 2353 3622 τὸ
2407 3563 2835 3645 πολυθρνέλλητον
2899 3563 3074 3622 πολλὰ
3129 3565 3264 3622 κατά
3319 3562 3593 3642 διαφόρους
3637 3586 3764 3620 και-

377 3655 621 3717 tuiarius
653 3654 1039 3717 diaconorum
1071 3653 1128 3715 in
1189 3673 1439 3716 numero
1489 3656 1849 3732 consistens,
1887 3667 2026 3722 ante

2123 3658 2228 3721 >οὺς
2283 3655 2528 3734 ἀνήγειρε
2590 3653 2877 3735 σκάνδαλα,
2921 3656 3010 3711 καὶ
3061 3653 3270 3732 μεγάλη
3329 3654 3513 3710 τούτου
3567 3651 3756 3719 κατεξ-

377 3745 685 3826 pontiﬁces
711 3743 935 3806 sedeat.
969 3741 1106 3805 Haac
1139 3743 1480 3824 pervulgata
1528 3745 1777 3826 quaestio
1839 3751 2025 3810 multa

2123 3747 2286 3809 Ξτασις
2345 3745 2529 3824 γέγονε
2616 3743 2776 3820 μέσον
2863 3753 2955 3803 τοῦ
3037 3741 3444 3823 χαρτοφύλακος
3515 3744 3603 3799 καὶ
3657 3743 3764 3800 τῶν

374 3833 624 3894 diversis
679 3831 1052 3912 temporibus
1101 3831 1378 3893 excitarit
1415 3833 1719 3916 scandala,
1752 3841 2028 3920 varieque

2123 3836 2402 3917 ὶρχιερξων
2485 3841 2576 3891 τοῦ
2656 3833 2838 3913 θρόνου
2942 3838 3041 3900 τῆς
3133 3831 3763 3897 Κωνσταντινουπόλεως.

374 3923 700 4002 disceptata
751 3921 860 3982 fuit
910 3921 1068 3982 inter
1125 3921 1542 3983 chartularium
1601 3931 1661 3986 et
1713 3925 2025 4004 pontiﬁces

2123 3927 2211 3983 Καὶ
2240 3925 2381 4004 τάχο
2425 3922 2714 4000 μειδιώσης
2764 3923 3053 4003 ἀκροθιγῶς
3109 3927 3209 3989 τῆς
3251 3923 3383 3999 ὑπὲρ
3439 3928 3546 3977 τῶν
3579 3921 3766 4000 ἀρχιε-

374 4009 1466 4092 soliiConstantinopolitani.Cumque
1499 4013 1758 4091 cognitio
1780 4017 2030 4096 patriar-

2123 4015 2242 4072 :éwv
2288 4013 2683 4094 πατριαρχικῆς
2727 4011 3062 4090 διαγνώσεως
3124 4009 3207 4067 διὰ
3261 4013 3352 4068 τὸν
3409 4018 3502 4067 τοῦ
3569 4009 3764 4088 ῥηθέν-

379 4101 588 4175 chalis,
614 4098 994 4180 pontiﬁcibus
1007 4099 1227 4181 favens,
1246 4100 1475 4162 eis-.iem
1491 4101 1686 4164 obiter
1703 4104 2017 4187 arrideret,

2123 4127 2193 4169 τος
2239 4104 2488 4183 ἀνωτέρω
2555 4103 2774 4165 κανόνος
2818 4101 3127 4182 περίληψιν,
3172 4102 3530 4180 προεκομίσθη
3586 4099 3762 4179 πρόσ-

373 4188 449 4250 ob
471 4188 716 4250 indicati
741 4188 1642 4269 superiuscanonissententiam
1671 4210 1684 4255 :
1728 4193 2018 4272 prolatum

2123 4215 2281 4272 ταγμα
2350 4192 2444 4250 τοῦ
2502 4189 2738 4268 ἀοιδίμου
2815 4190 3100 4271 βασιλέως,
3183 4200 3340 4270 κυροῦ
3411 4187 3642 4255 ’Δλεξίου
3669 4199 3762 4248 τοῦ

374 4286 466 4341 est
507 4279 773 4340 edictum
819 4279 1132 4340 clarissimi
1187 4278 1496 4360 principis,
1560 4281 1788 4343 domini
1830 4282 2024 4346 Alexii

2123 4289 2407 4360 ἰομνηνοῦ,
2441 4278 2562 4343 τάδε
2591 4281 2726 4337 κατά
2754 4280 2904 4358 ῥῆμα
2934 4277 3290 4355 διαλαμϐάνον
3323 4294 3338 4308 ’

374 4368 684 4442 Comneni,
706 4387 825 4449 quo
855 4368 983 4429 hmc
1011 4367 1082 4428 ad
1117 4366 1360 4429 verbum
1393 4369 1817 4436 continentur:
2044 4431 2086 4449 ἢ
3101 4418 3103 4420 .

461 4483 483 4515 α
518 4431 928 4520 Εεοιεέὶιιειὶοἱ
963 4457 1092 4535 (69)
1121 4457 1327 4520 decori
1351 4477 1554 4521 curam
1587 4460 1864 4540 majestas
1891 4481 2024 4525 mea

2193 4483 2217 4519 ι
2269 4451 2331 4519 Ἠ
2381 4458 2622 4537 βασιλεία
2664 4481 2766 4534 μου
2824 4457 2922 4526 τῆς
2973 4456 3420 4524 ἐκκλησιαστικῆς
3481 4457 3760 4534 εὖκοσμίας

369 4567 605 4628 gerens,
644 4555 703 4610 et
732 4546 949 4610 cumin
1008 4545 1175 4608 omni
1236 4545 1392 4608 civili
1448 4557 1606 4612 statu
1668 4549 1890 4612 bonum
1921 4569 2022 4614 or-

2123 4550 2464 4632 ρροντίζουσα.
2525 4551 2612 4604 καὶ
2681 4549 2743 4604 τὸ
2801 4549 3052 4604 εὔτακτον
3135 4547 3222 4605 καὶ
3304 4547 3358 4602 ὲν
3427 4547 3585 4602 παντὶ
3659 4548 3757 4622 μὲν

368 4637 567 4699 dinem
585 4636 922 4718 requirens,
953 4643 1075 4696 tum
1100 4637 1212 4697 hoc
1236 4635 1608 4700 instudiosus
1640 4639 2016 4716 incumbens,

2123 4648 2332 4711 ζητοῦσα
2391 4646 2468 4714 τῷ
2552 4635 2921 4716 πολιτεύματι,
3000 4634 3250 4693 ἐπιπλέον
3321 4633 3376 4690 δὲ
3429 4648 3546 4698 τοῖς
3600 4635 3758 4701 θείοις

369 4725 512 4788 utis
560 4727 747 4806 magis
800 4725 978 4786 etiam
1032 4724 1216 4786 sacris
1272 4725 1332 4785 in
1393 4726 1576 4788 rebus
1615 4723 2016 4809 Observetur;

2123 4729 2257 4786 τοῦτο
2341 4726 2729 4784 ἐπολιτεύεσθαι
2825 4723 2910 4781 διὰ
3009 4722 3242 4790 σπουδῆς
3337 4724 3608 4800 τιθεμένη,
3693 4724 3760 4781 τὰ

367 4815 676 4897 privilegia
722 4813 936 4894 cuique
982 4815 1270 4894 graduum
1325 4815 1867 4880 ecclesiasticarum
1893 4819 2018 4899 jam

2123 4819 2338 4898 ὶρχῆθεν
2438 4813 2883 4890 ἀπονενεμημένα
2985 4814 3246 4892 προνόμια
3342 4813 3551 4886 ἑκάστῳ
3649 4819 3757 4869 τῶν

367 4906 505 4966 olim
542 4904 783 4986 tributa,
818 4923 1076 4985 eumque
1108 4913 1345 4981 statum,
1380 4906 1481 4986 qui
1513 4907 1803 4970 hactenus
1836 4909 1898 4970 in
1931 4910 2017 4972 eis

2123 4905 2558 4973 ηκκλησιαστικῶν
2609 4905 2849 4980 βαθμῶν,
2938 4903 3026 4958 καὶ
3108 4907 3207 4969 την
3279 4899 3409 4982 ἄχρι
3467 4903 3555 4958 καὶ
3608 4900 3755 4982 δεῦρο

363 4995 565 5072 viguit,
599 4995 778 5056 etiam
811 4994 1100 5076 deinceps
1133 4994 1565 5058 immutabilem
1599 4997 1923 5060 subsistere.
1950 5020 2018 5062 ac

2123 4998 2530 5071 μπικραττίσασαν
2623 4993 2677 5049 ἐν
2749 4993 2954 5056 τούτοις
3047 4993 3390 5069 κατάστασιν,
3476 4992 3612 5050 κατά
3693 4993 3754 5048 τὸ

367 5101 720 5162 permanere
750 5082 931 5164 cupit,
967 5092 1026 5144 et
1074 5103 1308 5164 (equum
1371 5093 1598 5160 censet,
1639 5087 2018 5152 sanctissime

2123 5085 2454 5142 ιναλλοίωτον
2511 5085 2598 5140 καὶ
2663 5083 2735 5145 εἷς
2820 5084 2881 5138 τὸ
2939 5080 3058 5149 ἑξῆς
3125 5095 3264 5139 εἶναι
3321 5083 3409 5139 καὶ
3491 5079 3752 5158 διαμένειν

366 5171 628 5245 domine,
691 5173 852 5233 velut
907 5191 942 5232 a
990 5179 1074 5233 tot
1130 5172 1305 5234 annis
1361 5183 1696 5256 acceptum,
1749 5185 1805 5236 ct
1837 5177 2013 5257 longo

2123 5176 2341 5233 ἰούλεταί
2370 5196 2426 5230 τε
2477 5174 2565 5228 καὶ
2607 5169 2838 5245 εὖδοκεϊ,
2897 5170 3157 5250 ἁγιώτατε
3213 5169 3463 5250 δέσποτα,
3523 5172 3596 5235 ὡς
3663 5180 3755 5236 καὶ

358 5257 482 5337 jam
519 5260 704 5338 spatio
739 5260 1028 5342 temporis
1059 5261 1458 5336 observatum,
1509 5273 1567 5324 et
1597 5267 1904 5345 perpetuis
1935 5267 2008 5329 ab

2123 5263 2524 5346 ιαραδεχθεϊσαν
2593 5259 2677 5316 διὰ
2737 5259 3002 5316 τοσούτων
3062 5259 3222 5335 ἑτῶν,
3279 5260 3368 5315 καὶ
3435 5266 3514 5334 τῷ
3565 5267 3756 5339 μακρῷ

363 5367 478 5437 uno
514 5357 781 5428 tempore
811 5350 870 5409 in
901 5349 1061 5410 aliud
1125 5353 1643 5432 progressionibus
1702 5356 2014 5437 hucusque

2123 5356 2276 5436 [ρόνῳ
2332 5349 2880 5429 ἐμπολιτευσαμένην,
2962 5351 3049 5405 καὶ
3123 5350 3246 5414 ταῖς
3316 5348 3410 5404 ἀπ’
3469 5347 3629 5405 ἄλλου
3685 5353 3758 5415 εἷς

365 5436 512 5500 citra
562 5437 948 5500 mutationem
995 5439 1277 5519 praeclare
1336 5443 1752 5506 conﬁrmatum
1784 5463 1852 5506 ac
1884 5436 2010 5508 sta-

2123 5443 2256 5501 ΰιλον
2298 5443 2433 5500 κατὰ
2487 5443 2549 5498 τὸ
2592 5438 2978 5505 ἀνεξάλλακτον
3006 5437 3109 5502 ἕως
3165 5446 3258 5496 τοῦ
3315 5445 3404 5494 νυν
3461 5436 3760 5517 μεταϐήσε-

1922 5613 2172 5680 NOTAE.

385 2853 492 2915 des
523 2851 682 2912 solus
716 2847 1109 2911 chartularius
1143 2850 1386 2912 ordines
1437 2851 1874 2915 ecclesiasticos
1906 2873 2036 2917 ma-

444 5741 576 5826 (69)
606 5740 758 5806 Vide
784 5739 1086 5806 Novellam
1110 5758 1148 5803 ι
1177 5741 1368 5805 Alexii
1399 5743 1711 5808 Comneni.
