4120 6422
531 444 685 509 1195

1894 435 1926 498 J
1934 432 2026 498 US
2065 430 2536 498 CANONICUM.

3756 427 3908 497 1196

529 595 635 657 per
657 593 790 639 eam
815 591 932 636 non
968 571 1379 636 debilitantur.
1412 568 1595 650 Igitur
1625 566 2165 657 aio,c_hartularium

2260 566 2552 646 τοφύλακα,
2607 568 2744 624 κατὰ
2801 571 2898 635 τὴν
2955 573 3060 624 τῶν
3109 568 3260 624 θείων
3311 568 3546 625 κανόνων
3602 567 3905 648 περίληψιν,

526 653 745 726 habere
759 663 1006 745 primam
1027 660 1356 722 sessionem
1382 657 1560 721 etiam
1581 655 1908 718 secundum
1929 653 2176 745 id,quod

526 756 713 816 sacris
729 744 1596 828 canonibuscoutineturzquod
1612 764 1754 807 sane
1777 763 1943 805 sacra
1961 744 2173 825 princi-

527 839 1083 924 piscircumspectio
1101 849 1243 902 tunc
1269 846 1480 918 sponte
1495 833 1906 897 rcticuil.Nam
1929 833 2173 894 licetin-

528 922 1126 994 dicatusille.Nicaani
1141 928 1316 1008 primi
1336 924 1572 988 concilii
1592 942 1783 986 canon
1798 923 2020 992 statuit,
2052 922 2169 983 dia-

525 1040 742 1084 conum
757 1039 868 1082 nec
884 1019 1260 1100 participare.
1293 1034 1403 1077 nec
1417 1015 1632 1077 sedere
1657 1020 1792 1074 ante
1808 1011 2170 1100 sacerdotes,

528 1099 1028 1191 septimusta’meu
1062 1125 1252 1168 canon
1271 1112 1489 1166 sancta;
1523 1121 1592 1164 ac
1626 1099 1976 1162 universaiis
1999 1107 2176 1160 sextae

526 1188 734 1280 synodi
745 1195 1074 1278 jubet,utis
1087 1195 1186 1276 qui
1206 1211 1520 1274 personam
1535 1189 1902 1280 patriarchae,
1920 1188 2171 1280 velsim-

527 1276 764 1368 pliciter
784 1285 1047 1367 episcopi
1074 1283 1219 1361 gerit
1233 1289 1392 1363 ,ante
1413 1280 1752 1342 sacerdotes
1769 1276 2173 1368 sedeat.ldeo-

527 1366 644 1457 que
667 1366 992 1453 magnusac
1009 1379 1247 1434 sanctus
1264 1371 1438 1432 etiam
1457 1366 2174 1450 Cyrillus,Alexandrinus

529 1483 701 1546 papa,
757 1462 937 1542 capiti
996 1464 1242 1525 fasciam
1297 1458 1691 1521 circumdedit
1743 1475 2007 1546 auream,
2055 1473 2173 1535 quo

525 1545 794 1635 tempore
826 1560 1043 1614 sanctae
1075 1564 1133 1613 et
1158 1549 1485 1611 universali
1519 1547 1707 1610 tertiae
1751 1545 1974 1627 synodo
2013 1563 2172 1635 pra;-

527 1632 666 1705 fuit:
689 1639 1419 1723 QuippeCelestinilocum
1443 1635 1745 1698 obtinebat
1770 1636 1920 1714 ejus,
1947 1632 2170 1714 quiRo-

527 1751 760 1793 manam
806 1739 947 1792 tunc
993 1728 1239 1808 regebat
1279 1726 1632 1797 Ecclesiam;
1667 1723 2170 1802 quemadmodum

2259 663 2412 713 τοῦτο
2467 654 2597 736 ὅπερ
2653 658 2686 724 ἡ
2737 655 3001 734 βασίλειος
3045 657 3155 714 θεία
3213 659 3461 735 περιωπή
3530 658 3700 714 ἑκοντὶ
3756 679 3906 723 τηνι-

2258 745 2423 801 καῦτα
2464 746 2868 825 παρεσιώπησε,
2931 745 3038 804 Κᾶν
3094 747 3194 825 γὰρ
3237 749 3264 803 6
3321 748 3493 825 ῥηθεὶς
3553 751 3650 813 τῆς
3698 747 3758 803 ἐκ
3816 754 3908 802 Νι-

2256 835 2379 906 καίᾳ
2433 836 2652 913 πρώτης
2725 833 2940 892 συνόδου
2995 837 3169 892 κανὼν
3236 834 3546 914 διορίζηται,
3607 837 3685 911 μὴ
3745 857 3906 911 μετα-

2256 921 2542 998 λαμϐάνειν
2584 923 2721 1000 μηδὲ
2783 928 3038 992 καθῆσθαι
3083 927 3185 1005 πρὸ
3245 927 3350 982 τῶν
3413 926 3590 1005 ἱερέων
3649 924 3904 1004 διάκονον,

2256 1011 2377 1068 ἀλλ’
2409 1015 2437 1069 6
2480 1003 2529 1085 ζ’
2575 1016 2749 1071 κανὼν
2820 1015 2916 1082 τῆς
2974 1003 3135 1093 ἁγίας.
3183 1038 3272 1092 καὶ
3327 1003 3695 1091 οἶκούμενικῆς
3755 1003 3906 1082 ἕκτης

2258 1099 2470 1158 συνόδου
2550 1101 2985 1181 παρακελεύεται,
3090 1105 3182 1160 τὸν
3279 1103 3546 1184 ἒπὲχοντα
3627 1103 3908 1182 πρόσωπον

2257 1194 2642 1271 πατριαρχικὸν
2698 1193 2733 1261 ἢ
2785 1195 2967 1258 ἁπλῶς
3021 1193 3387 1266 ἐπισκοπικὸν,
3442 1197 3542 1272 πρὸ
3586 1194 3690 1249 τῶν
3734 1192 3909 1270 ἱερέων

2255 1281 2578 1352 καθέζεσθαι,
2632 1284 2724 1338 Διὸ
2767 1285 2854 1338 καὶ
2905 1284 2932 1338 6
2983 1282 3150 1360 μέγας
3206 1285 3358 1362 ἅγιος
3414 1281 3666 1362 Κύριλλος
3718 1285 3746 1339 6
3803 1303 3911 1338 πα-

2257 1391 2360 1433 πας
2443 1369 2860 1450 Ἀλεξανδρείας,
2948 1371 3033 1427 ἐπὶ
3103 1371 3339 1453 κεφαλῆς
3423 1379 3660 1452 χρησοῦν
3745 1370 3912 1449 λὼρον

2257 1456 2655 1539 περιεϐέϐλητο,
2718 1459 2806 1515 ὅτε
2864 1466 2962 1528 τῆς
3007 1462 3156 1540 ἁγίας
3216 1463 3303 1518 καὶ
3370 1463 3740 1537 οἰκουμενικῆς
3803 1463 3913 1540 τρί-

2255 1570 2355 1615 της
2407 1546 2621 1605 συνόδου
2669 1551 2986 1624 προίστατο.
3065 1549 3292 1630 Ἐπεῖχε
3349 1553 3450 1630 γὰρ
3503 1553 3712 1607 καὶτὸν
3754 1551 3913 1606 τόπον

2254 1644 2345 1694 τοῦ
2418 1637 2750 1718 Κελεστίνου,
2837 1646 2930 1696 τοῦ
2983 1639 3083 1706 τὴν
3153 1637 3473 1707 Ἐκκλησίαν
3541 1642 3638 1706 τῆς
3703 1631 3911 1715 Ῥώμης

2253 1727 2531 1807 ἰθύνοντος,
2579 1729 2750 1791 καθὼς
2808 1729 2963 1785 τοῦτο
3026 1730 3342 1808 παρίσταται
3400 1729 3460 1785 ἐκ
3514 1735 3618 1785 τῶν
3695 1751 3909 1808 πρακτι-

525 1820 713 1901 liquet
743 1837 814 1882 ex
852 1819 997 1882 actis
1029 1817 1298 1897 ejusdem
1333 1815 1540 1897 synodi
1570 1813 1780 1876 tertiae.
1815 1811 1884 1873 Et
1913 1830 2028 1901 qua
2059 1811 2165 1872 Ce-

2251 1815 2358 1872 κῶν
2414 1821 2514 1880 τῆς
2555 1817 2737 1891 τρίτης
2793 1817 3030 1880 συνόδου.
3098 1820 3194 1876 Καὶ
3251 1820 3326 1881 ὡς
3383 1819 3588 1883 ἐκεῖνος
3640 1817 3905 1896 ἐμεγαλύ-

523 1900 777 1970 lestinus
828 1907 1104 1970 utebatur
1152 1907 1359 1986 gloria,
1413 1904 1744 1967 secundum
1797 1900 2168 1963 sanctionem

524 1999 810 2078 apostolis
840 1997 1082 2078 aequalis
1102 1995 1261 2057 illius
1295 1994 1485 2055 sancti
1517 1993 1832 2072 magnique
1877 1994 2168 2078 Constans

526 2077 657 2162 tini,
701 2077 927 2150 factam,
945 2085 1019 2148 ad
1051 2093 1319 2146 sanctum
1352 2082 1724 2162 Silvestrum,
1761 2099 1895 2142 cum
1935 2077 2171 2160 imperii

525 2183 756 2256 sceptra
809 2192 916 2256 per
977 2173 1081 2237 Dei
1136 2171 1563 2252 providentiam
1627 2189 1693 2231 ex
1752 2167 1938 2230 veteri
1983 2169 2171 2229 Roma

523 2264 985 2326 transferrentur
1014 2262 1074 2323 in
1105 2263 1254 2324 hanc
1286 2266 1496 2322 urbem
1525 2259 1762 2321 urbium
1790 2256 2126 2337 principem
2152 2277 2167 2333 ;

520 2372 637 2433 qua
667 2357 962 2426 statuitur,
997 2369 1177 2413 aurea
1219 2350 1398 2412 fascia
1435 2357 1557 2410 tum
1589 2347 1775 2428 ipsius
1828 2347 2014 2407 sancti
2045 2346 2168 2408 Sil-

521 2443 724 2518 vestri,
752 2451 872 2503 tum
906 2459 1320 2502 successorum
1373 2440 1522 2518 ejus,
1573 2436 1918 2518 pontiﬁcum
1955 2435 2170 2498 Roma-

522 2549 734 2592 norum
765 2537 940 2610 caput
971 2528 1360 2590 condecorari
1392 2526 1613 2589 debere
1643 2543 1655 2587 :
1687 2524 1894 2587 eadem
1944 2536 2003 2587 ct
2055 2523 2168 2605 Cy-

522 2620 692 2682 rillus
723 2617 1150 2680 exornabatur.
1211 2616 1608 2689 Quamobrem
1664 2623 1722 2676 et
1775 2614 1838 2685 ii,
1892 2613 1990 2695 qui
2037 2619 2170 2694 post

518 2709 717 2789 ipsum
748 2706 1119 2769 Alexandriae
1157 2705 1560 2787 pontiﬁcatum
1613 2721 1877 2782 gessere,
1931 2711 2171 2782 pr0pter

524 2807 806 2859 aeternam
859 2795 1205 2857 memoriam
1251 2795 1405 2874 ejus,
1457 2792 1612 2872 quod
1664 2801 1802 2853 tunc
1857 2790 2167 2853 decretum

522 2885 653 2961 fuit,
688 2885 897 2946 eodem
932 2884 1108 2946 modo
1154 2884 1212 2944 in
1265 2885 1424 2945 hunc
1455 2901 1643 2962 usque
1669 2882 1827 2943 diem
1863 2882 2029 2942 titulo
2062 2901 2168 2942 suo

520 2974 1280 3054 cohonestantur.Cumque
1303 2989 1515 3034 omnes
1540 2972 1642 3033 alii
1673 2971 1966 3051 capitibus
1989 2989 2166 3051 aper-

523 3062 601 3124 tis
634 3079 730 3123 res
761 3079 961 3123 sacras
993 3067 1298 3141 peragant,
1351 3059 1516 3120 solus
1574 3057 2006 3120 Alexandrinus
2059 3077 2167 3138 pa-

2253 1926 2395 1984 νετο,
2479 1907 2614 1962 κατὰ
2684 1908 2744 1962 τὸ
2828 1907 3094 1983 θέσπισμα
3161 1918 3254 1968 τοῦ
3334 1907 3691 1965 ίσαποσεόλου
3761 1907 3903 1985 ἁγίου

2253 1993 2490 2072 μεγάλου
2548 1997 2980 2078 Κωνσταντίνου,
3021 1997 3083 2053 τὸ
3132 1999 3352 2075 γεγονὸς
3402 1997 3532 2075 πρὸς
3593 1998 3688 2053 τὸν
3761 1997 3903 2074 ἅγιον

2253 2081 2591 2164 Σίλϐεστρον,
2651 2084 2739 2140 ὃτε
2795 2085 2860 2140 τὰ
2916 2089 3162 2164 σκῆπτρα
3221 2089 3318 2154 τῆς
3389 2084 3657 2162 βασιλείας
3711 2085 3772 2140 ἐκ
3812 2091 3903 2152 τῆς

2252 2170 2481 2236 παλαιᾶς
2554 2164 2767 2248 (Ρώμης
2839 2175 2977 2230 κατὰ
3033 2181 3165 2231 Θεοῦ
3222 2175 3472 2255 πρόνοιαν
3556 2175 3907 2250 μετετέθησαν

2252 2262 2325 2324 εἷς
2366 2261 2464 2328 τὴν
2506 2267 2611 2317 τῶν
2667 2261 2876 2318 πόλεων
2924 2261 3326 2344 βασιλεύουσαν,
3385 2264 3474 2320 καὶ
3531 2260 3904 2338 διοριζόμενον,

2252 2350 2386 2426 μετὰ
2415 2351 2788 2430 χρυσοπάστου
2846 2349 3016 2429 λώρου
3072 2352 3172 2418 τὴν
3230 2359 3323 2408 τοῦ
3383 2352 3532 2429 ἁγίου
3588 2349 3906 2426 Σιλϐἑστρου

2249 2438 2511 2519 κεφαλὴν,
2544 2441 2631 2496 καὶ
2672 2441 2778 2496 τῶν
2823 2439 2940 2515 μετ’
2973 2440 3128 2496 αὒτὸν
3174 2440 3462 2521 ἀρχιερέων
3522 2441 3616 2508 τῆς
3698 2432 3903 2518 Ῥώμης

2250 2526 2754 2603 κατακαλλύνεσθαι,
2856 2531 2942 2586 καὶ
3037 2531 3189 2595 αὐτὸς
3277 2530 3695 2608 τοιουτοτρόπως
3778 2534 3901 2586 καθ-

2251 2621 2530 2696 ωραίζετο.
2581 2617 2863 2676 Κάντεῦθεν
2907 2620 2993 2675 καὶ
3035 2622 3080 2675 οἱ
3124 2619 3244 2694 μετ’
3272 2619 3479 2676 ἐκεῖνον
3536 2625 3609 2682 εἰς
3667 2617 3904 2685 Ἀλεξάν-

2251 2704 2420 2785 δρειαν
2493 2709 2984 2788 ἀρχιερατεύοντες,
3045 2706 3130 2764 διὰ
3216 2711 3436 2784 μνήμην
3521 2710 3736 2764 αἰώνιον
3817 2716 3903 2765 τοῦ

2250 2796 2370 2853 τότε
2426 2795 2782 2870 συνδόξαντος,
2841 2799 3094 2861 ὡσαύτως
3153 2798 3316 2878 μέχρι
3372 2804 3464 2854 τοῦ
3523 2806 3608 2854 νῦν
3668 2820 3902 2854 κατακο-

2251 2888 2500 2961 σμοῦνται
2586 2885 3131 2967 στηλογραφούμενοι.
3238 2888 3335 2944 Καὶ
3432 2887 3643 2944 πάντων
3733 2887 3903 2966 ἀπερι-

2249 2974 2537 3041 καλύπτοις
2607 2977 3012 3054 ἱερουργούντων
3093 2989 3213 3042 ταῖς
3284 2977 3566 3057 κεφαλαῖς,
3658 2977 3819 3052 μόνος
3877 2978 3902 3031 6

2250 3066 2591 3145 πατριάρχης
2647 3062 3038 3145 Ἀλεξανδρείας
3094 3069 3355 3144 ἱερουργετ
3411 3067 3546 3141 μετὰ
3601 3074 3698 3122 τοῦ
3742 3065 3899 3146 λώρου

525 3152 785 3212 triarcha
813 3169 940 3212 rem
973 3149 1231 3210 divinam
1265 3148 1426 3224 facit,
1461 3148 1640 3210 fascia
1671 3147 1826 3208 dicta
1855 3157 2030 3228 caput
2052 3146 2160 3208 ob-

2250 3155 2344 3210 τὰν
2397 3154 2634 3234 κεφαλὴν
2715 3153 3135 3230 καλυπτόμενος.
3213 3157 3309 3213 Καὶ
3376 3157 3498 3219 τοὺς
3567 3153 3774 3212 δώδεκα
3849 3154 3894 3210 δὲ

524 3240 780 3301 volutus.
831 3238 1165 3311 Quinetiam
1224 3255 1304 3301 xu
1365 3238 1501 3299 illos
1555 3237 1926 3299 cardinarios
1995 3240 2167 3317 Papa;

521 3329 914 3391 consimiliter
939 3329 1208 3390 videmus
1255 3328 1429 3410 pileis
1473 3327 1674 3389 aureis
1716 3336 1957 3388 ornatos
2005 3328 2162 3406 (65),

517 3419 696 3480 veluti
728 3421 899 3498 Papae
918 3436 1226 3498 personam
1245 3416 2020 3498 reprwsentantes,ejusque
2029 3419 2168 3494 jura

521 3509 858 3571 fulcientes.
884 3507 1030 3570 Nam
1055 3508 1451 3588 appellatione
1483 3505 1742 3568 cardinis
1765 3505 1918 3585 apud
1953 3507 2166 3567 Roma-

521 3617 630 3660 nos
663 3609 830 3680 potes
877 3597 1090 3658 forium
1145 3597 1414 3659 veniunt.
1445 3595 1648 3676 Itaque
1700 3602 2166 3656 consentaneum

521 3695 631 3761 est,
667 3706 767 3749 eos
789 3687 943 3750 haud
978 3687 1156 3748 dubie
1186 3705 1390 3748 verum
1427 3685 1647 3757 dicere,
1694 3684 1793 3764 qui
1828 3683 2163 3764 perhibent,

523 3777 697 3839 etiam
720 3778 1010 3857 cujusque
1053 3775 1339 3857 temporis
1378 3773 1804 3836 chartularium
1831 3791 2009 3835 aurea
2037 3774 2168 3853 ejus

520 3866 680 3926 modi
705 3865 874 3939 tiara,
899 3875 1094 3926 certos
1125 3873 1262 3927 ante
1299 3883 1508 3935 annos,
1541 3863 1605 3934 in
1635 3862 1887 3944 publicis
1913 3861 2164 3943 quibus-

519 3953 652 4014 dam
687 3953 1078 4015 conventibus
1103 3972 1298 4025 usum,
1325 3953 1423 4033 qui
1455 3971 1572 4013 non
1607 3959 1829 4012 tantum
1864 3969 1968 4031 pro
2001 3968 2165 4012 more

519 4044 886 4104 haberentur
912 4043 970 4102 in
1005 4042 1310 4116 Ecclesiis,
1341 4059 1545 4104 verum
1578 4041 1754 4102 etiam
1805 4039 1864 4100 in
1917 4058 2162 4120 proces-

517 4131 810 4206 sionibus,
847 4141 908 4194 et
937 4131 1080 4192 foris
1125 4131 1402 4212 publicis.
1440 4131 1631 4210 Atque
1672 4129 1949 4210 equidem
1997 4137 2163 4190 certo

517 4220 662 4294 scio,
700 4219 758 4280 in
791 4221 948 4281 hunc
990 4239 1177 4300 usque
1208 4220 1364 4280 diem
1397 4219 1723 4297 repositum
1759 4236 1891 4278 esse
1941 4216 2162 4297 pileum

518 4311 647 4387 ejus
679 4309 839 4370 modi
876 4327 1019 4370 auro
1048 4309 1474 4388 interSpersum
1507 4307 1568 4368 in
1599 4325 1734 4368 arca
1764 4307 2108 4368 chartularii
2145 4323 2158 4368 :

2250 3241 2632 3322 Καρδηναρίους
2691 3253 2782 3303 τοῦ
2851 3245 3007 3300 Πάπα
3078 3245 3382 3324 παρομοίως
3467 3243 3741 3322 βλέπομεν
3808 3267 3894 3302 κε-

2247 3333 2531 3408 κοσμένους
2573 3345 2799 3413 χρυσοῖς
2863 3331 3243 3408 ἐπιϐλήμασιν,
3299 3334 3372 3398 ὡς
3432 3333 3893 3412 ἀντιπροσωποῦν-

2248 3443 2340 3485 τας
2385 3427 2462 3495 τῷ
2514 3423 2696 3497 Πάπα,
2768 3423 2857 3478 καὶ
2910 3423 2974 3480 τὰ
3047 3422 3228 3478 τούτου
3297 3422 3642 3501 στηρίζοντας
3707 3421 3892 3483 δίκαια.

2254 3508 2469 3589 Κάρδων
2511 3511 2611 3590 γὰρ
2670 3511 2812 3590 παρὰ
2872 3501 3178 3590 Ῥωμαῖοις,
3239 3513 3291 3568 αἱ
3361 3509 3507 3592 φλιαὶ
3562 3513 3671 3567 τῶν
3740 3515 3898 3592 θυρῶν

2252 3600 2615 3675 ὀνομάζονται.
2699 3604 2916 3680 Ἀραρεν
2989 3599 3078 3657 οὗν
3147 3599 3421 3666 ἀληθεύειν
3489 3598 3726 3680 ἐναργῶς
3784 3601 3897 3663 τοὺς

2250 3687 2502 3768 λέγοντας
2553 3691 2638 3747 καὶ
2685 3692 2775 3746 τὸν
2819 3692 2905 3746 καὶ
2947 3691 3082 3746 κατὰ
3111 3692 3318 3770 καιροὺς
3362 3690 3745 3771 χαρτοφύὶακα
3772 3692 3901 3767 μετὰ

2249 3779 2497 3846 τοιαύτης
2569 3781 2746 3860 νιάρας
2804 3785 3010 3859 χρυσῆς
3083 3782 3184 3860 πρὸ
3253 3779 3624 3858 μετρουμένων
3697 3782 3901 3862 χρόνων

2248 3873 2426 3942 τινῶν,
2515 3867 2571 3924 ἕν
2635 3891 2742 3926 τισι
2798 3867 3097 3945 πανδήμοις
3155 3867 3452 3941 δοξάζεσθαι
3525 3871 3897 3949 πανηγύρεσιν,

2249 3960 2309 4014 οὗ
2382 3958 2540 4032 μόνον
2601 3955 2686 4014 ἐπ’
2760 3956 3078 4026 Ἐκκλησίας
3141 3958 3469 4038 γινομέναις,
3545 3961 3617 4023 ὡς
3691 3959 3897 4033 εἴωθεν,

2248 4044 2383 4101 ἀλλὰ
2412 4045 2581 4102 καὶέν
2631 4046 2897 4127 προόδοις,
2953 4047 3048 4104 καί
3100 4047 3348 4128 ἀγοραῖς.
3411 4046 3898 4129 Πεπληροφόρημαι

2248 4133 2302 4190 δὲ
2333 4137 2421 4191 καὶ
2451 4136 2663 4217 αὐτοὺς,
2693 4137 3010 4194 ἀποκεῖσθαι
3081 4137 3245 4218 μέχρι
3288 4145 3380 4194 τοῦ
3433 4143 3518 4194 νῦν
3579 4139 3654 4202 εἰς
3706 4140 3768 4194 τὸ
3813 4144 3899 4193 τοῦ

2247 4223 2654 4304 χαρτοφύλακος
2712 4224 2982 4300 κιϐώτιον,
3040 4227 3418 4306 χρυσόπαστον
3485 4237 3724 4286 τοιοῦτον
3781 4225 3896 4282 ἐπί-

2247 4311 2433 4390 ϐλημα
2467 4329 2481 4344 ⁸
2545 4316 2631 4371 καὶ
2663 4316 2855 4395 χρόνος
2898 4318 2993 4372 οὐκ
3032 4314 3141 4372 ἔστι
3198 4314 3460 4395 γηραλέος
3489 4317 3576 4372 καὶ
3601 4314 3894 4392 πέμπελος,

517 4417 712 4478 neque
743 4398 983 4476 longum
1016 4396 1353 4469 intercedit,
1402 4416 1473 4458 ac
1521 4409 1816 4458 remotum
1879 4396 2164 4476 temporis

2249 4389 2383 4459 ἀλλᾶ
2442 4402 2556 4467 νέος
2607 4389 2717 4461 καί*
2751 4405 3076 4484 πρόσφατος.
3140 4389 3238 4463 Καίἱ
3276 4389 3483 4485 ’φθόνος
3539 4405 3634 4462 οὒκ
3675 4389 3894 4484 ἆγεν-ἦς,

514 4487 792 4568 spatium,
826 4488 928 4548 sed
957 4486 1047 4548 rei
1077 4486 1362 4548 memoria
1390 4503 1603 4546 recens
1633 4494 1743 4547 est.
1776 4487 1899 4547 Nec
1926 4484 2161 4561 ignobi-

515 4577 586 4637 lis
609 4575 848 4652 invidia,
883 4576 972 4637 vel
1005 4575 1280 4656 imperita
1313 4575 1543 4636 scilicet
1593 4573 1826 4651 religio,
1880 4592 2158 4651 magnum

512 4665 806 4745 ejusmodi
863 4665 1237 4746 privilegium
1297 4665 1478 4744 hujus
1535 4663 1716 4726 officii
1749 4661 2155 4726 aboleverunt.

508 4755 739 4836 Quippe
770 4773 877 4835 per
900 4755 1088 4835 ipsam
1119 4763 1175 4815 te
1209 4754 1510 4816 veritatem
1541 4753 1824 4826 obtestor,
1869 4769 1978 4831 per
2010 4754 2156 4814 cha-

507 4844 740 4905 ritatem
775 4844 1123 4917 fraternam,
1186 4861 1291 4923 per
1318 4861 1584 4904 amorem
1629 4860 1766 4921 erga
1815 4841 2024 4915 Deum,
2059 4842 2156 4904 dic

509 4933 680 5014 mihi,
714 4934 1010 5014 quodnam
1045 4934 1237 5012 majus
1259 4931 1437 4993 fuerit
1459 4951 1655 5012 Operae
1693 4933 2152 5012 pretium,quam

505 5022 929 5083 chartularium
964 5023 1167 5084 videre
1194 5039 1620 5101 nonnunquam
1654 5039 1758 5100 per
1781 5020 1975 5082 forum
2011 5040 2152 5100 pro-

504 5111 814 5172 cedentem
863 5130 996 5172 cum
1043 5129 1185 5171 auro
1227 5111 1593 5188 interspersa
1645 5109 1812 5181 tiara,
1848 5108 1948 5189 qui
1997 5109 2155 5172 mulo

503 5199 771 5274 vehatur,
801 5207 860 5260 et
889 5217 1054 5260 more
1083 5198 1462 5279 patriarchali
1493 5207 1739 5260 ornatus
1770 5198 1846 5258 sit
1868 5197 2004 5259 albo
2038 5196 2158 5258 lin-

509 5285 1140 5366 teo,quemadmodum
1175 5287 1231 5348 id
1255 5306 1493 5368 quoque
1526 5306 1632 5367 per
1660 5286 1982 5349 indicatam
2015 5306 2156 5350 san-

2243 4491 2278 4560 ἢ
2362 4495 2450 4549 καί
2513 4491 2820 4559 ἀπαίδευτος
2877 4491 3030 4561 δῆθεν
3099 4491 3366 4574 ειῦλάϐεια,
3428 4494 3494 4550 τὰ
3547 4495 3608 4550 τὸ
3665 4501 3895 4551 τοιοῦτον

2244 4579 2588 4660 σχολάσαντα
2640 4582 2777 4663 μέγα
2829 4591 2921 4639 τοῦ
2978 4584 3218 4664 ὀφφικίου
3273 4583 3586 4663 προνόμιον.
3645 4584 3706 4641 Τί
3774 4583 3893 4661 γὰρ,

2242 4670 2354 4727 εἰπέ
2387 4694 2476 4748 μοι
2507 4674 2636 4751 πρὸς
2684 4672 2780 4739 τῆς
2830 4671 3076 4740 ἀληθείας
3123 4673 3306 4748 αὐτῆς,
3373 4675 3504 4752 πρὸς
3551 4677 3652 4740 τῆς
3681 4671 3892 4751 ἀδελφι-

2240 4761 2340 4825 κῆς
2413 4760 2650 4840 ἀγάπης,
2713 4762 2844 4840 πρὸς
2914 4763 3011 4828 της
3064 4763 3201 4818 κατὰ
3255 4763 3384 4818 Θεὸν
3443 4759 3747 4842 διαθέσεως,
3807 4756 3890 4823 εἴη

2239 4847 2299 4905 ἂν
2356 4848 2780 4929 σπουδαιότερον,
2849 4858 2940 4907 τοῦ
2995 4849 3215 4928 βλέπειν
3273 4851 3412 4909 ἔστιν
3456 4849 3543 4907 ὅτε
3585 4852 3674 4907 τὸν
3707 4869 3894 4930 χαρτο-

2237 4936 2444 5017 φύλακα
2515 4937 2599 4994 διὰ
2653 4939 2748 5007 τῆς
2792 4939 2988 5019 ἀγορᾶς
3045 4938 3392 5018 προοδεύοντα
3451 4940 3586 5016 μετὰ
3629 4937 3890 5019 χρυσοπά-

2237 5048 2361 5082 στου
2399 5027 2606 5108 τιάρας,
2662 5029 2749 5084 καὶ
2807 5028 3173 5108 ἐποχούμενον
3235 5029 3290 5085 ἐν
3346 5029 3577 5105 ἡμιόνῳ,
3638 5047 3890 5106 πατριαρ-

2242 5123 2413 5196 χικῶς
2468 5118 2602 5192 μετὰ
2671 5117 2864 5173 ἐθονίου
2920 5117 3304 5194 κεκοσμημένη
3335 5115 3384 5159 εί
3457 5117 3668 5190 λευκοῦ,
3735 5115 3895 5175 καθὼς

2239 5207 2327 5262 καὶ
2381 5213 2537 5262 τοῦτο
2605 5203 2688 5262 διὰ
2757 5216 2850 5264 τοῦ
2928 5205 3176 5284 ῥηθέντος
3246 5207 3601 5282 θεσπίσματος
3659 5205 3893 5285 ὥρισται,

2241 5296 2330 5351 καὶ
2387 5297 2488 5352 ὑπὸ
2560 5292 2949 5373 ἐξκουϐιτώρων
3009 5294 3498 5376 δορυφορούμενον;
3559 5297 3614 5352 Εἰ
3687 5295 3764 5370 μή
3819 5312 3891 5353 τις

1843 5456 2101 5521 VARI/E
2134 5460 2570 5530 LECTIONES.

580 5560 635 5613 81
669 5560 1093 5640 κεκοσμημένον.

575 5839 696 5916 (64)
734 5837 901 5900 Nota:
941 5838 1276 5902 cardinales
1309 5837 1588 5902 Ecclesiae
1618 5838 1791 5903 Rom.
1827 5839 1965 5903 olim
1999 5736 2329 5911 ᾱυῗεὲεἷέη.
2344 5846 2550 5914 fuisse.
