4120 6412
234 407 387 475 1197

1560 407 2245 478 GR/EGO-ROMANUM
2253 455 2267 472 .

3480 419 3640 485 H98

229 547 374 626 λέγει
415 546 778 628 προτιμητέαν
837 550 980 606 εἶναι
1038 550 1138 617 τὴν
1193 549 1434 632 κεφαλήν
1488 552 1586 618 τῆς
1614 550 1819 631 χειρὸς,
1852 544 1887 613 ἢ

1971 541 2233 606 ctionem
2283 551 2566 608 statutum
2625 555 2767 624 est,
2828 557 2887 612 et
2943 549 3356 614 excubitorum
3417 551 3638 616 habeat

235 635 398 694 ἄλλου
454 635 643 713 μέλους
700 644 794 694 τοῦ
851 639 1123 716 σώματος.
1171 647 1334 698 Τοῦτο
1377 640 1475 719 γὰρ
1531 639 1614 696 διὰ
1669 638 1767 708 τὴν
1796 639 1887 694 εύ-

235 728 412 796 ήθειαν
469 728 528 783 οὒ
596 723 1071 806 παραλληλίζετκι.
1141 725 1286 785 Ἀλλ’
1345 729 1618 787 ἐπανιτέον
1690 726 1803 784 ὅθεν
1859 727 1887 782 6

235 814 392 895 λόγος
473 815 752 891 μετέπεσε,
832 817 924 874 καὶ
991 817 1273 898 ζητητέον,
1355 819 1494 883 τίνος
1549 817 1711 898 χάριν
1780 814 1886 872 τῶν

237 905 336 979 μὲν
403 903 578 961 ἄλλων
646 905 906 985 σεκρέτων
978 909 1026 962 οἱ
1096 908 1487 986 προκαθήμενοι
1545 909 1727 984 μόνοις
1795 905 1883 970 ἐξ-

233 1001 613 1074 υπηρενοῦνται
659 995 990 1075 σεκρετικοῖς
1046 993 1353 1063 δουλευταῒς
1387 1014 1402 1029 ⁸
1465 1000 1493 1053 6
1522 996 1576 1053 δὲ
1608 996 1886 1077 χαρτοφύ-

235 1081 329 1149 λαξ
382 1084 615 1162 τάγμασι
688 1081 886 1148 διττοτς
930 1082 1257 1153 διακονητῶν
1301 1088 1654 1165 μεγιθύνεται.
1703 1084 1885 1160 Φαμὲν

236 1173 347 1246 οὖν,
381 1172 462 1230 ὅτι
504 1173 570 1229 τὰ
624 1180 717 1231 τοῦ
759 1171 1166 1255 χαρτοφύλακος
1213 1173 1386 1232 δίκαια
1431 1180 1676 1256 ψυχικῶν
1726 1176 1890 1252 ῥυπα-

237 1263 453 1338 σμάτων
508 1264 581 1326 εἷς
638 1264 985 1342 καθαρτήρια,
1060 1265 1148 1320 καὶ
1198 1265 1513 1341 νοσημάτων
1571 1269 1891 1340 σωματικῶν

234 1350 559 1429 ἀλεξιτήρια,
643 1353 738 1407 Διὸ
801 1353 888 1408 καὶ
956 1353 1276 1428 τετύπωται,
1349 1355 1632 1433 ταγμάτων
1703 1351 1890 1410 διττῶν

233 1442 518 1520 ὑπουργοϊς
575 1439 711 1496 αάτὰ
767 1442 1192 1504 κατευθύνεσθαι.
1275 1453 1347 1499 Av
1390 1452 1514 1521 γοῦν
1567 1442 1888 1517 θεμιστεύων

234 1530 586 1610 προκάθηται,
663 1531 751 1586 καὶ
835 1529 1111 1588 δικαστικά
1190 1529 1428 1603 διϋλίζων
1495 1533 1739 1607 νοήματα
1795 1531 1889 1587 νό-

236 1641 364 1692 μους
435 1619 673 1696 συνάπτῃ
742 1619 985 1696 νομίμοις
1056 1618 1478 1696 Θεσπιωδήμασι,
1552 1621 1641 1678 καὶ
1706 1621 1892 1690 κανόσι

235 1707 460 1771 κανόνας
536 1705 835 1788 ἁρμολογῇ,
913 1707 975 1764 ἂν
1055 1706 1347 1788 δικολογῶν
1432 1710 1712 1789 προτάσεις
1804 1731 1872 1765 κα

1972 632 2366 721 satellitium?
2396 635 2505 697 nisi
2541 637 2675 715 quis
2722 637 2924 701 dicere
2968 639 3132 718 velit,
3196 641 3328 721 plus
3377 641 3626 704 honoris

1970 719 2360 784 deferendum
2392 725 2773 807 capiti,quam
2808 729 3129 810 manui,vel
3161 719 3333 792 alteri
3356 729 3626 792 membro

1968 810 2410 889 corporis.Nam
2445 814 2572 876 haec
2603 817 2991 897 comparatio,
3025 836 3134 880 ceu
3167 818 3365 892 stulta,
3403 839 3519 882 non
3541 820 3627 881 in-

1969 899 2380 964 stituitur.Sed
2413 902 2810 981 'edeundum,
2857 907 3016 969 unde
3046 907 3291 970 deﬂexit
3322 910 3532 986 oratio,
3566 917 3626 970 et

1970 987 2416 1066 inquirendum,
2480 992 2872 1073 quamobrem
2941 995 3194 1059 aliorum
3255 1005 3626 1060 secretorum

1973 1077 2256 1157 praesides
2312 1081 2620 1144 secreticis
2668 1082 2956 1147 duntaxat
3002 1085 3260 1148 servitiis
3317 1095 3560 1149 utantur
3611 1109 3624 1151 :

1971 1184 2104 1227 cum
2138 1167 2531 1232 chartularius
2561 1172 2933 1236 auctoritatis
2957 1175 3202 1255 majoris
3222 1193 3396 1238 causa
3425 1177 3621 1255 gemi-

1974 1273 2081 1316 nos
2112 1255 2325 1320 habeat
2376 1259 2784 1323 ministrorum
2819 1263 3083 1326 ordines.
3109 1263 3318 1346 Itaque
3347 1266 3625 1344 dicimus,

1974 1348 2034 1409 in
2067 1366 2136 1409 eo
2163 1351 2387 1412 versari
2409 1353 2550 1432 jura
2582 1354 3028 1431 chartularii,ut
3056 1355 3391 1419 animorum
3419 1358 3628 1420 sordes

1976 1455 2042 1498 ex
2051 1446 2357 1518 purget,ac
2370 1441 2597 1504 morbis
2617 1444 2920 1525 corporeis
2935 1445 3293 1508 medicinam
3321 1447 3625 1510 adhibeat.

1975 1525 2234 1617 [deoque
2268 1536 2551 1592 statutum
2582 1541 2696 1607 est,
2725 1534 2851 1595 haec
2877 1552 3008 1595 esse
3041 1534 3354 1615 dirigenda
3385 1555 3491 1617 per
3519 1555 3629 1616 ge-

1975 1614 2273 1678 minorum
2313 1619 2589 1681 ordinum
2606 1621 3016 1684 administros.
3050 1614 3183 1686 Sive
3205 1614 3400 1704 igitur
3407 1626 3508 1705 jus
3528 1614 3620 1687 idi-

1976 1723 2118 1766 cens
2149 1707 2481 1791 praesideat,
2525 1719 2582 1771 et
2629 1710 2962 1791 judiciaros
3011 1714 3324 1794 percolans
3379 1714 3624 1777 intelle-

234 1797 519 1862 ἀντιθέσεις
575 1797 910 1878 σφυρηλατῇ,
988 1801 1076 1856 καὶ
1133 1800 1227 1864 τὰς
1282 1801 1380 1876 μὲν
1424 1799 1757 1878 ἀποσμιλεύῃ
1813 1805 1882 1877 τῇ

1971 1802 2116 1869 ctus,
2150 1795 2311 1874 leges
2341 1816 2475 1858 cum
2522 1800 2714 1878 legum
2747 1800 3159 1863 sanctionibus
3191 1810 3530 1883 componat,
3568 1810 3628 1862 et

234 1885 380 1960 λυὲίᾳ
448 1888 546 1956 τῆς
607 1887 962 1967 διαγνώσεως,
1035 1890 1126 1956 τὰς
1199 1888 1254 1946 δὲ
1328 1890 1698 1971 παραδέχηται
1735 1939 1749 1953 ,
1802 1891 1891 1947 καὶ

235 1974 410 2051 τέλος,
447 1975 507 2034 ἂν
551 1977 748 2056 κρίσεις
801 1985 1206 2059 πατριάρχικῶν
1263 1980 1516 2059 νοταρίων
1571 1984 1886 2059 ζυγοστατῇ,

237 2071 554 2144 σεκρετικῶν
624 2063 926 2131 διαλαλιαῒς
1011 2067 1364 2147 μεγαλόνεται
1403 2089 1416 2102 ·
1505 2069 1593 2125 καὶ
1659 2067 1886 2145 μᾶλλον,

236 2155 362 2213 ὅταν
392 2158 454 2212 τὸ
507 2155 840 2237 δικαστήριον
900 2157 956 2213 ἐν
1003 2159 1185 2235 μόνοις
1228 2160 1501 2240 πραγμάσι
1559 2161 1887 2237 στημονίζη-

236 2268 346 2308 ται.
403 2247 459 2304 Ιὲῖ
515 2244 568 2302 δὲ
628 2248 954 2326 προκάθηται
1012 2249 1260 2330 ψυχικῶν
1315 2248 1744 2328 ἀῤῥωττημάτων
1794 2254 1887 2307 θε-

237 2334 455 2412 ραπείαν
538 2336 878 2410 ποιούμενος,
979 2339 1067 2395 καὶ
1172 2337 1486 2406 σεσηπότων
1569 2340 1886 2418 τραυμάτων

237 2423 685 2500 ἐπισκεπτόμενος
713 2425 1053 2502 κακόηθειαν,
1112 2428 1188 2496 πῆ
1239 2427 1335 2504 μὲν
1394 2425 1593 2508 σιδήρῳ
1637 2429 1888 2509 χωνεύων

234 2511 327 2568 τοῦ
356 2513 548 2578 πάθους
578 2513 677 2580 τὴν
706 2514 1063 2597 ὑπουλότητα,
1123 2519 1201 2584 πῆ
1271 2513 1318 2571 δ’
1373 2515 1681 2573 ἐπιπάσσων
1755 2515 1890 2584 ἤπια

233 2601 508 2680 φάρμακα,
567 2602 708 2681 παρὰ
758 2608 857 2670 τῆς
900 2605 1096 2672 τάξεως
1165 2605 1510 2684 ὑπηρετετται
1569 2612 1676 2662 τῶν
1765 2605 1889 2663 ἐπι-

232 2697 587 2754 σκοπειανῶν,
666 2693 721 2749 Εἰ
790 2691 837 2748 δ’
893 2693 1032 2752 ἔστιν
1089 2694 1176 2753 ὅτε
1245 2695 1382 2752 κατὰ
1454 2693 1722 2775 διορισμὸν
1780 2718 1893 2752 πα-

230 2783 569 2862 τριαρχικὸν,
643 2782 761 2838 τινὰ
825 2787 930 2840 τῶν
1008 2785 1309 2864 προνομίων
1393 2785 1592 2842 τούτων
1648 2806 1894 2865 παρασα-

232 2867 492 2942 λεύοιντο,
526 2869 658 2935 τέως
703 2870 810 2950 ἐγὼ
861 2873 1063 2952 ἀγνοῶ,
1135 2873 1226 2930 καὶ
1286 2871 1607 2951 συγγνώμης
1663 2871 1894 2943 ἀξιωθή-

233 2979 415 3034 σομαι,
472 2960 570 3026 τὴν
614 2959 844 3017 παλαιὰν
901 2960 1258 3019 ἀναδιδάσκων
1313 2959 1622 3038 παράδοσιν.
1685 2963 1894 3020 Τούτων

231 3047 321 3104 οὗν
387 3048 526 3105 οὕτω
579 3047 758 3114 καλῶς
800 3049 1283 3132 διευκρινηθέντων,

1971 1902 2232 1946 canones
2278 1904 2412 1948 cum
2474 1887 2804 1950 canonibus
2863 1890 3144 1952 conciliet
3189 1911 3202 1951 :
3242 1890 3364 1952 sive
3418 1909 3626 1952 causas

1971 1991 2174 2052 agens,
2208 1976 2645 2055 propositiones
2674 1984 2735 2039 et
2763 1977 3137 2058 objectiones
3178 1979 3289 2040 sub
3341 1979 3621 2041 incudem

1973 2071 2235 2138 revocet,
2273 2072 2330 2125 et
2361 2065 2468 2126 bas
2497 2065 2738 2146 quidem
2769 2068 2927 2128 velut
2956 2067 3202 2130 abradat
3232 2086 3340 2150 per
3374 2069 3622 2150 Lydium

1975 2151 2328 2231 cognitionis
2357 2154 2638 2237 lapidem,
2675 2156 2805 2218 illas
2843 2156 3154 2239 admittat;
3191 2157 3316 2220 sive
3363 2158 3625 2240 denique

1963 2241 2192 2320 judicia
2225 2243 2586 2304 notariorum
2619 2245 3136 2326 partriarchalium
3170 2247 3484 2328 ponderet,
3517 2265 3625 2327 per

1971 2330 2394 2394 secreticorum
2432 2333 2839 2395 ministrorum
2865 2335 3110 2397 decreta
3131 2354 3404 2414 magnam
3428 2349 3631 2398 aucto-

1971 2418 2207 2480 ritatem
2243 2421 2652 2503 consequitur;
2685 2425 3017 2502 praesertim
3043 2443 3176 2485 cum
3201 2424 3343 2486 solis
3366 2424 3425 2485 in
3446 2423 3630 2486 rebus

1964 2506 2256 2587 judicium
2287 2511 2452 2570 texit.
2487 2509 2590 2573 Sin
2624 2511 2704 2572 ita
2730 2512 3032 2592 praesidet,
3072 2521 3134 2574 ut
3176 2513 3628 2592 aagritudinibus

1971 2596 2156 2658 animi
2172 2599 2505 2660 remedium
2527 2598 2897 2675 adhibeat,et
2919 2601 3293 2682 putridorum
3317 2601 3626 2665 vulnerum

1974 2684 2296 2749 fceditatem
2329 2687 2630 2767 inspiciat,
2661 2707 2731 2750 ac
2760 2709 3190 2772 nonnunquam
3241 2691 3398 2752 ferro
3438 2691 3628 2752 latens

1975 2773 2099 2835 vitii
2129 2777 2348 2837 malum
2381 2777 2612 2858 adurat,
2648 2797 3074 2860 nonnunquam
3133 2778 3295 2840 mitia
3324 2780 3632 2860 inspergat

1978 2864 2434 2941 medicamenta,
2468 2865 2696 2927 ordinis
2728 2867 3248 2949 episcopianorum
3295 2861 3629 2929 ministerio

1977 2953 2184 3016 utitur.
2219 2959 2308 3017 An
2332 2973 2469 3016 vero
2518 2953 2817 3018 interdum
2850 2955 2936 3017 sic
2960 2955 3218 3036 jubente
3267 2975 3335 3018 ac
3391 2956 3629 3018 volente

1355 3053 1429 3115 ὡς
1485 3052 1667 3128 οἶμαι,
1726 3050 1887 3130 ἀναγ-

1976 3043 2304 3122 patriarcha
2353 3044 2682 3126 usuveniat,
2731 3052 2795 3105 ut
2840 3045 3077 3126 aliquod
3132 3047 3344 3107 horum
3376 3046 3621 3128 privile-

229 3149 393 3194 καῖαν
436 3135 576 3203 ἔδοξέ
631 3161 722 3214 μοι
782 3145 1003 3208 ποιῆσαι
1035 3142 1122 3197 καὶ
1173 3142 1303 3220 πρὸς
1349 3142 1439 3197 τὸν
1493 3141 1628 3198 κατὰ
1681 3142 1887 3220 καιροὺς

1977 3130 2206 3210 giorum
2231 3133 2358 3194 loco
2382 3141 2712 3215 moveatur;
2735 3134 3010 3216 equidem
3028 3136 3185 3197 scire
3205 3154 3321 3196 non
3356 3127 3620 3216 possum,

225 3225 610 3308 χαρτοφύλακα
667 3226 870 3286 δικαίαν
922 3227 1153 3296 ἀξίωσιν.
1221 3229 1463 3291 Δέσποτά
1525 3252 1628 3306 μου
1679 3253 1890 3311 χαρτο-

221 3314 418 3397 φύλαξ,
508 3319 569 3373 τὸ
653 3317 992 3394 ἐμπιστευθέν
1077 3343 1160 3377 σοι
1244 3318 1500 3377 τάλαντον
1585 3318 1690 3376 ἀπὸ
1760 3327 1890 3378 Θεοῦ

224 3407 679 3488 παντοκράτορος,
745 3409 821 3484 μὰ
892 3410 1271 3490 καταχωσθείη
1327 3407 1412 3466 διὰ
1466 3409 1714 3489 νωθρείαν
1767 3431 1886 3490 σου,

219 3493 322 3551 ’ίνα
351 3495 428 3572 μὴ
459 3495 690 3574 ἀκούσῃς
733 3496 915 3562 δοῦλος
946 3501 1180 3578 πονηρὸς
1229 3501 1316 3557 καὶ
1364 3497 1652 3579 ἂχάριστος
1687 3517 1704 3536 ο
1751 3499 1888 3574 μηδὲ

218 3586 287 3641 τὰ
348 3583 518 3664 κέρμα
572 3587 678 3642 τῶν
735 3585 987 3666 μεγάλων.
1034 3589 1341 3668 προνομίων
1399 3590 1557 3644 αὐτοῦ
1613 3585 1886 3668 προδοθείη

215 3674 365 3730 κατὰ
412 3674 510 3741 σὴν
559 3673 766 3744 πολλὴν
823 3675 1106 3735 ἐπιείκειαν
1141 3694 1155 3708 ·
1219 3675 1356 3733 ἀλλᾶ
1405 3675 1698 3747 διαδοθήτω
1755 3679 1886 3755 πρὸς

217 3766 564 3843 τραπεζίτας,
621 3767 708 3824 καὶ
762 3765 1291 3837 διπλασιασθήσεται.
1365 3767 1572 3824 Σκοπόν
1642 3787 1700 3824 σε
1749 3788 1886 3822 κατ-

215 3853 419 3920 έστησε
475 3852 714 3934 δεύτερον
769 3858 798 3912 6
870 3857 999 3920 Θεὸς
1083 3853 1167 3912 διὰ
1250 3857 1433 3936 χειρὸς
1505 3853 1884 3922 ἑπισκοπικῆς.

215 3942 297 3999 Κᾶ
313 3945 516 4000 ντεῦθεν
571 3943 657 4001 ἐπὶ
712 3948 790 4020 τῷ
845 3945 1068 4022 στόματί
1131 3967 1225 4001 σου
1300 3945 1496 4007 πάντες
1554 3943 1884 4024 εἰσέρχονται

212 4033 288 4096 εἰς
359 4031 516 4089 οἷκον
573 4033 705 4091 Θεοῦ
759 4035 1204 4113 παντοκράτορος,
1261 4035 1348 4091 καὶ
1403 4033 1490 4090 ἐπὶ
1531 4039 1608 4107 τῷ
1662 4033 1886 4109 στόματί

215 4143 318 4178 σου
363 4119 690 4202 ἐξέρχονται.
752 4124 843 4192 Μὴ
901 4130 990 4181 οῦν
1051 4122 1239 4200 εἴπῃς,
1288 4121 1348 4182 Τί
1404 4120 1576 4189 δοθείη
1622 4144 1738 4202 μοι,
1798 4122 1886 4178 καὶ

217 4211 272 4267 τί
312 4212 624 4290 προστεθείη
670 4233 761 4288 μοι
805 4214 938 4292 πρὸς
998 4212 1256 4293 μέριμναν
1311 4209 1626 4291 ὁλοχρόνιον
1663 4229 1680 4290 ;
1738 4206 1886 4275 Μηδὲ

216 4302 481 4380 σιγήσῃς,
567 4299 702 4378 μηδὲ
783 4304 1176 4380 καταπραύνῃς,
1258 4299 1395 4376 μηδὲ
1481 4299 1728 4374 λαλήσης
1813 4299 1886 4360 ὡς

217 4389 520 4470 ἀνθρώποις
603 4390 862 4472 ἀρέσκων,
965 4391 1120 4449 εἶπεν
1203 4393 1232 4446 6
1316 4390 1485 4468 μέγας
1584 4385 1882 4450 ἀπόστολος

219 4457 456 4554 Παῦλος,
513 4457 650 4536 κατ’,
689 4457 896 4539 ἐκεῖνον
949 4482 1040 4538 τὸν
1123 4457 1358 4559 πονηρδν
1400 4457 1717 4555 ’μισθωτὸη
1793 4457 1948 4532 τὸνΪ)

216 4567 341 4625 καθ’
402 4569 586 4625 ἑαυτὸν
657 4571 998 4650 ψιθυρίσαντα
1042 4585 1058 4602 ⁸
1140 4571 1202 4625 τὸ
1257 4567 1510 4626 ἐκλεῖπον
1567 4564 1880 4645 ἐκλειπέτω,

215 4659 283 4714 τὸ
341 4657 755 4739 ἐσκορπισμένον
813 4661 891 4736 μὴ
937 4659 1250 4740 συναχθείη,
1307 4660 1396 4714 καὶ
1445 4659 1506 4714 τὸ
1565 4677 1882 4736 συντετριμ-

1976 3231 2035 3284 et
2058 3221 2291 3284 veniam
2322 3223 2622 3298 merebor,
2657 3224 2758 3306 qui
2791 3224 3282 3287 consuetudinem
3316 3225 3626 3306 antiquam

1974 3311 2300 3375 doceo.His
2329 3311 2509 3391 igitur
2537 3313 2598 3374 in
2631 3314 2790 3376 hunc
2823 3315 3062 3376 modum
3094 3323 3258 3377 recte
3287 3313 3626 3394 declaratis,

1975 3408 2036 3461 ut
2065 3400 2340 3476 arbitror,
2380 3402 2787 3464 necessarium
2814 3403 2958 3464 mihi
2977 3403 3169 3465 visum
3195 3411 3304 3480 est,
3331 3412 3395 3466 ut
3403 3404 3629 3484 justam

1974 3490 2319 3571 petitionem
2353 3491 2425 3553 ad
2462 3492 2688 3569 cujuvis
2753 3494 3040 3575 temporis
3073 3493 3497 3556 chartularium
3531 3493 3628 3554 in-

1972 3576 2238 3640 stituam.
2276 3579 2528 3640 Domine
2563 3579 2641 3640 mi
2670 3579 3118 3663 cbartophylax,
3173 3582 3457 3644 talentum
3489 3581 3630 3643 ﬁdei

1972 3672 2086 3727 tuae
2115 3667 2406 3728 creditum
2451 3667 2524 3729 ab
2557 3668 2969 3750 omnipotente
2998 3670 3145 3743 Deo,
3183 3687 3291 3752 per
3335 3669 3628 3750 ignaviam

1974 3764 2131 3815 tuam
2153 3773 2228 3816 ne
2251 3755 2556 3818 defossum
2588 3755 2666 3818 sit
2689 3777 2704 3834 ;
2737 3775 2814 3819 ne
2837 3775 3050 3820 servus
3069 3776 3323 3839 nequam
3349 3766 3407 3820 et
3437 3758 3629 3837 ingra-

1972 3848 2063 3904 tus
2096 3843 2457 3924 appelleris:
2496 3863 2642 3922 neve
2675 3864 3020 3926 magnorum
3075 3847 3252 3927 hujus
3289 3846 3468 3909 ofticii
3498 3847 3628 3928 pri-

1970 3932 2316 4010 vilegiorum
2352 3952 2454 4014 ws,
2487 3934 2674 3998 nimia
2707 3936 3164 3999 mansuetudine
3191 3944 3291 3998 tua
3318 3936 3624 4018 prodatur,

1970 4021 2074 4083 sed
2105 4021 2262 4083 inter
2310 4023 2741 4086 nummularios
2771 4024 3244 4103 distribuatur,et
3267 4024 3626 4106 duplicetur.

1968 4111 2242 4173 Alterum
2295 4119 2351 4174 te
2417 4131 2666 4193 scopum
2723 4113 2882 4176 Deus
2931 4115 3332 4198 episcopalem
3384 4132 3626 4176 manum

1971 4203 2298 4266 constituit.
2359 4201 2485 4275 Quo
2544 4203 2629 4283 tit,
2687 4211 2752 4265 ut
2779 4205 2850 4266 ad
2884 4224 2953 4266 os
2981 4213 3148 4267 tuum
3200 4203 3628 4285 omnipotentis

1971 4291 2078 4354 Dei
2109 4292 2350 4354 domum
2383 4310 2592 4354 omnes
2625 4292 3058 4375 ingrediantur,
3107 4303 3168 4357 et
3211 4294 3283 4355 ad
3333 4310 3400 4357 os
3457 4301 3623 4356 tuum

1972 4382 2373 4461 egrediantur.
2436 4383 2567 4444 Non
2622 4400 2762 4462 ergo
2820 4383 3044 4446 dixeris
3075 4401 3089 4446 :
3125 4382 3278 4456 Quid
3311 4383 3442 4444 dari
3475 4381 3621 4443 milii

1967 4470 2172 4551 possit,
2208 4477 2267 4532 et
2294 4470 2435 4551 quid
2458 4470 2637 4551 adjici
2657 4471 2732 4532 ad
2758 4471 3220 4535 sollicitudinem
3245 4473 3624 4552 perpetuam?

1964 4557 2123 4620 Neve
2156 4559 2436 4630 tacueris,
2463 4577 2573 4620 nec
2602 4559 2983 4642 demulseris,
3011 4579 3123 4622 nec
3145 4561 3379 4622 locutus
3409 4559 3618 4634 fueris,

1964 4649 2143 4711 veluti
2173 4649 2272 4730 qui
2302 4647 2644 4710 hominibus
2673 4649 2908 4730 placere
2933 4649 3102 4727 velis,
3130 4649 3321 4730 inquit
3369 4665 3622 4729 magnus

217 4747 386 4824 μένον
419 4737 496 4823 μη
526 4747 900 4826 ὁλομεληθείη.
960 4737 1147 4828 Ἀρκεῖ
1201 4737 1301 4828 γαρ
1355 4753 1424 4824 τῇ
1481 4745 1656 4826 ἡμέρα
1698 4747 1732 4813 ἡ
1790 4767 1886 4800 κα-

1971 4739 2062 4800 ille
2079 4738 2601 4818 Paulusapostolus
2633 4737 2822 4801 instar
2841 4739 2999 4800 illius
3021 4739 3183 4820 pravi
3211 4739 3595 4813 mercenarii,

215 4838 310 4894 κία
396 4837 584 4906 αὐτῆς.
658 4837 828 4896 Ἀλλὰ
901 4836 1123 4918 σήρυξον
1193 4836 1584 4910 ἀποστολικιῖκ,
1657 4833 1882 4890 ἐνώπιον

219 4932 360 4982 Θεοῦ
417 4926 516 4994 τὴν
583 4927 858 4998 ἀλήθειαν.
933 4925 1212 4995 Ἐπίστηθι
1288 4926 1564 5007 εὐκαίρως,
1626 4925 1882 5000 ἀκαίρως,

217 5012 460 5096 ἔλεγξον,
553 5017 892 5094 ἐπιτίμησον,
980 5014 1376 5096 παρακάλεσον,
1477 5013 1879 5083 κακοπάθησον,

218 5103 380 5184 ἔργον
462 5105 688 5174 ποίησον
772 5103 1172 5186 εύαγγελιστοῦ,
1258 5105 1358 5172 τὴν
1441 5102 1707 5162 διακονίαν
1791 5123 1884 5158 σου

217 5192 663 5275 πληροφόρησον.
729 5196 826 5254 Καὶ
881 5196 1027 5274 τάχα
1083 5201 1337 5259 νεανικῶς
1395 5193 1533 5250 οὕτω
1574 5195 1668 5250 τὸν
1724 5189 1889 5248 καλὸν

219 5283 412 5361 ἀγῶνα
455 5285 592 5341 κατὰ
632 5286 695 5341 τὸ
738 5283 1084 5362 ἂπῃτημένον
1142 5283 1572 5360 ἀγωνισάμενος,
1632 5283 1720 5339 καὶ
1789 5279 1890 5346 τὴν

221 5371 496 5430 διακονίαν
606 5395 700 5432 σου
811 5374 1146 5452 συντηρήσας
1256 5370 1688 5429 ἀνεπιϐούλευτον
1800 5371 1887 5426 καὶ

221 5461 494 5536 ἀμείωτον
563 5463 618 5520 ἐν
659 5470 738 5539 τῷ
808 5462 994 5539 μηδενὶ
1064 5459 1126 5518 ἂν
1169 5466 1509 5537 ταπεινώσῃς
1567 5461 1691 5524 τοὺς
1735 5460 1890 5514 ἀντι-

220 5551 541 5633 πίπτοντας,
601 5555 689 5609 καὶ
757 5551 918 5629 ἐρεῖς.
994 5554 1094 5611 Τὸν
1170 5549 1363 5628 δρόμον
1436 5549 1708 5625 τετέλεκα,
1794 5549 1892 5616 τὴν

220 5636 405 5696 πίστιν
448 5642 741 5720 τετήρηκα,
801 5642 1000 5698 Λοιπὸν
1061 5639 1339 5697 ἀπόκειταί
1394 5661 1485 5715 μοι
1542 5643 1640 5706 τῆς
1685 5637 1893 5694 δικαιο-

224 5727 396 5794 σύνης
427 5731 455 5784 6
485 5730 767 5811 στέφανος.
803 5721 892 5794 ’ος
948 5731 1035 5786 καὶ
1093 5726 1369 5798 δοθήσεταί
1426 5749 1508 5784 σοι
1567 5727 1708 5806 παρά
1765 5733 1897 5783 Θεοῦ

1966 4828 2066 4910 qui
2097 4827 2254 4908 apud
2285 4827 2676 4908 semetipsum
2709 4829 3057 4890 susurrabat
3093 4850 3105 4892 :
3139 4827 3412 4899 Deﬁciat,
3464 4829 3625 4908 quod

1967 4916 2188 4989 deﬁcit,
2223 4916 2560 4996 dispersum
2596 4935 2715 4978 non
2746 4917 3078 4996 colligatur,
3131 4916 3449 4979 contritum
3503 4934 3622 4978 non

1966 5007 2436 5087 redintegretur.
2490 5007 2719 5069 Suﬁicit
2775 5024 3031 5088 namque
3063 5006 3187 5069 diei
3220 5005 3459 5067 afﬂictio
3491 5022 3622 5068 sua.

1971 5097 2086 5161 Sed
2121 5096 2314 5176 potius
2343 5096 2668 5176 apostolico
2703 5115 2870 5158 more
2889 5097 3195 5158 veritatem
3219 5095 3278 5156 in
3302 5101 3624 5176 conspectu

1973 5184 2080 5250 Dei
2105 5183 2609 5246 iiraadicatOJnsta
2631 5187 3204 5266 opportune,imporl
3219 5203 3354 5245 une.
3393 5183 3625 5246 Redar-

1973 5273 2383 5356 gue,increpa,
2411 5275 2746 5350 cohortare,
2784 5276 3042 5338 tolerans
3069 5284 3215 5351 esto,
3250 5275 3338 5335 fac
3361 5272 3624 5334 ofﬁcium

1974 5361 2372 5444 evangelista},
2409 5363 2808 5427 ministerium
2841 5373 3007 5427 tuum
3032 5365 3236 5446 imple.
3259 5364 3342 5426 Ac
3361 5362 3629 5424 fortassis

1973 5454 2054 5515 ita
2077 5451 2431 5533 juveniliter
2459 5453 2732 5514 absoluto
2766 5454 3050 5534 praeclaro
3083 5454 3434 5528 certamine,
3457 5459 3630 5531 prout

1975 5543 2082 5606 abs
2109 5551 2164 5606 te
2197 5541 2558 5622 postulatum
2589 5543 2788 5620 fuerit,
2823 5553 2882 5607 et
2911 5551 3256 5607 conservato
3299 5540 3629 5603 ministerio

1978 5640 2078 5694 tuo
2109 5629 2255 5692 citra
2301 5630 2579 5707 insidias,
2610 5649 2678 5694 ac
2709 5632 2958 5696 minime
2999 5632 3335 5712 deminuto,
3371 5629 3432 5692 in
3462 5628 3627 5690 nullo

1979 5717 2321 5790 humiliabis
2340 5719 2746 5804 adversantes,
2777 5739 2846 5787 ac
2877 5722 3039 5786 dices
3067 5741 3080 5786 :
3109 5723 3361 5785 Cursum
3380 5715 3628 5791 absolvi,
