4120 6426
562 431 722 496 1199

1948 438 1980 500 J
1989 435 2080 498 US
2121 432 2572 503 CANONICUM

3783 444 3912 510 1900

563 565 743 628 ﬁdem
765 564 1130 656 conservavi.
1163 562 1248 627 De
1278 573 1492 656 caetero
1518 568 1781 649 reposita
1815 568 1957 630 mihi
1983 578 2077 633 est
2106 590 2195 632 co-

2295 575 2715 652 παντοκράτορος
2764 574 2816 631 ἕν
2845 597 2900 632 τε
2932 582 3020 633 νῦν
3047 579 3218 654 αἰῶνι,
3252 579 3345 632 καί
3392 575 3445 631 ἐν
3487 583 3561 649 τῷ
3589 574 3840 656 μέλλοντι,
3867 577 3911 632 ἐν

560 672 710 716 rona
735 655 1004 734 justitiae.
1039 653 1180 728 Quae
1209 654 1449 736 quidem
1496 656 1732 719 dabitur
1761 657 1867 719 tibi
1897 658 1970 720 ab
2013 661 2212 721 omni-

558 751 800 823 potente
833 747 956 805 Deo
991 752 1106 805 tam
1137 744 1200 805 in
1233 745 1347 805 hoc
1379 745 1619 816 saeculo,
1657 766 1833 828 quam
1867 749 1924 808 in
1987 750 2208 824 futuro,

555 832 738 914 idque
768 833 830 894 in
859 832 1093 896 Christo
1144 835 1288 896 Jesu
1333 833 1588 896 Domino
1639 845 1864 912 nostro,
1900 839 1994 899 cui
2024 839 2215 918 gloria

556 933 615 988 et
645 927 966 1006 imperium
999 926 1058 987 in
1093 926 1333 989 saecula.
1365 928 1579 989 Amen.

1221 1020 1556 1086 EIUSDEM

555 1115 857 1196 Cognitio,
886 1117 974 1199 de,
989 1116 1321 1198 disceptata
1341 1118 1409 1178 in
1439 1117 1669 1199 synodo
1701 1120 2208 1199 quastionegmm

633 1213 794 1259 unus
824 1204 882 1259 et
916 1198 1075 1260 idem
1104 1199 1344 1261 duabus
1374 1198 1641 1260 sobrim's
1665 1199 1851 1278 jungi
1879 1198 2121 1262 debeat.

637 1378 1090 1441 Atheniensium
1124 1387 1240 1442 tam
1273 1379 1771 1461 iudigenze,quam
1787 1380 2206 1464 advenae,nulli

554 1466 654 1528 alii
686 1467 773 1529 rei
805 1467 1112 1544 vacabant,
1140 1470 1332 1552 inquit
1368 1488 1612 1548 magnus
1645 1471 1744 1532 ille
1769 1469 2204 1553 Paulus,quam

553 1564 616 1617 ut
638 1555 862 1637 aliquid
894 1557 1028 1619 novi
1062 1565 1185 1620 tum
1222 1558 1582 1639 proferrent,
1633 1568 1752 1620 tum
1799 1561 2095 1623 audirent.
2132 1563 2206 1624 At

551 1663 688 1706 vero
722 1645 990 1708 Ecclesia
1022 1646 1152 1727 Dei,
1188 1649 1277 1709 vel
1310 1665 1476 1709 sacra
1509 1649 1705 1730 potius
1753 1649 1915 1728 regia
1945 1659 2203 1712 sanctts-

551 1733 718 1796 simae
768 1735 872 1796 Dei
924 1737 1172 1816 majoris
1214 1737 1523 1813 Ecclesiae,
1578 1757 1610 1799 a
1658 1739 1876 1799 sanctis
1938 1740 2204 1802 l’atribus

549 1823 791 1886 decreta
820 1823 1236 1906 corroborans,
1273 1844 1511 1886 onmem
1537 1827 2004 1907 superﬂuitatem
2040 1828 2202 1889 novi—

550 1911 684 1972 tatis
712 1912 973 1993 speciem
999 1913 1314 1976 habentem
1349 1913 1636 1976 radicitus
1669 1916 1975 1996 exstirpat,
1997 1926 2055 1978 et
2077 1917 2200 1979 cul-

551 2023 712 2065 mum
765 2004 1028 2067 veritatis
1071 2006 1144 2067 ad
1186 2004 1497 2068 ferendum
1547 2007 1799 2068 fructum
1855 2009 2197 2090 centuplum

549 2094 1233 2158 vultcrescere.Proﬁcit
1255 2100 1413 2156 enim
1435 2115 1541 2176 per
1555 2095 1663 2158 Dei
1686 2097 2023 2178 gratiam,in
2039 2099 2201 2160 omni

548 2191 792 2265 accepta
822 2182 940 2246 Deo
989 2192 1103 2245 tam
1137 2184 1431 2260 oratione,
1465 2203 1639 2266 quam
1682 2185 1939 2263 negotio.
1974 2185 2198 2259 Quam-

548 2273 754 2334 obrem
789 2273 965 2334 etiam
999 2273 1080 2352 id,
1115 2273 1190 2336 de
1221 2293 1336 2356 quo
1370 2293 1487 2336 non
1524 2275 1604 2334 ita
1637 2273 1864 2354 pridem
1889 2275 2198 2356 quaesitum

549 2373 638 2426 est
668 2364 728 2426 in
762 2364 1010 2445 synodo,
1043 2383 1184 2426 num
1235 2384 1390 2427 unus
1421 2373 1478 2426 et
1509 2365 1668 2426 idem
1729 2364 1956 2426 duabus
2004 2367 2198 2428 sobri-

547 2454 642 2514 nis
670 2453 932 2534 copulari
975 2453 1209 2530 debeat,
1271 2454 1518 2516 minime
1574 2454 1762 2515 voluit
1814 2473 1922 2516 ceu
1983 2475 2196 2518 novum

545 2543 796 2624 aliquid,
830 2543 890 2604 in
921 2544 1199 2623 angulum
1231 2543 1490 2624 aliquem
1539 2543 1756 2604 cadere
1809 2545 2140 2621 neglectum
2179 2565 2192 2607 :

546 2633 654 2694 sed
685 2633 770 2694 uti
825 2652 952 2693 rem
995 2633 1250 2712 alicujus
1284 2633 1572 2695 momenti
1606 2641 1663 2694 et
1692 2633 2090 2716 utilissimam,
2125 2637 2196 2697 ad

547 2739 796 2783 examen
825 2721 1127 2802 publicum
1161 2722 1488 2804 proposuit.
1524 2721 1591 2782 Et
1621 2722 1759 2802 quia
1788 2723 2200 2787 sanctissimus

545 2809 647 2871 ille
669 2829 923 2890 sponsus
957 2813 1175 2889 ejus,et
1204 2811 1624 2873 canonicarum
1658 2811 2035 2873 traditiouum
2065 2834 2196 2875 me-

545 2899 761 2962 ditator
795 2900 1425 2979 vigilantissimus,nos
1451 2919 1688 2982 quoque
1721 2901 2044 2983 participes
2067 2905 2197 2982 ejus

545 2987 686 3050 boni
719 3008 850 3052 esse
877 2990 1082 3065 voluit,
1117 2990 1374 3051 dicimus
1434 2991 1665 3071 aliquos
1719 2991 1890 3052 latam
1926 2999 1982 3053 et
2012 2993 2197 3054 offen-

544 3078 730 3140 sionis
760 3088 1061 3160 expertem
1097 3079 1184 3160 (ut
1213 3079 1324 3160 ipsi
1373 3079 1615 3160 quidem
1649 3079 1831 3159 aiunt)
1871 3080 2018 3141 viam
2049 3100 2196 3161 ape-

2297 669 2504 739 Χριστῴ
2537 663 2716 730 Ἰησοῦ
2742 673 2819 740 τῷ
2848 667 3020 744 Κυρίῳ
3061 667 3240 746 ἡμῶν,
3273 670 3318 740 ᾦ
3348 667 3382 733 η
3416 664 3536 730 δόξα
3561 666 3644 720 καὶ
3672 667 3727 721 τὸ
3750 668 3909 744 κράτος

2295 752 2366 814 εἰς
2397 753 2519 816 τοὺς
2551 755 2768 818 αἰῶνας,
2793 752 2991 831 Ἀμήν.

2909 1032 3038 1081 ΤΟΥ
3081 1031 3320 1082 ΑΥΤΟΥ.

2300 1131 2323 1164 ι
2365 1110 2683 1189 Διάγνωσις,
2715 1110 2874 1190 χάριν
2917 1113 3008 1169 τοῦ
3037 1110 3358 1180 λαληθέντος
3389 1108 3670 1190 συνοὸικῶς
3696 1111 3916 1190 ζητήμα-

2370 1212 2483 1262 τος,
2516 1193 2633 1270 περὶ
2662 1189 2776 1270 τοῦ,
2799 1189 2858 1246 εἰ
2901 1195 3012 1271 χρὴ
3041 1194 3128 1249 τὸν
3161 1195 3315 1250 αὐτὸν
3343 1195 3430 1248 καὶ
3458 1190 3548 1247 ἕνα
3577 1189 3683 1247 δυσὶ
3738 1189 3914 1256 δισεξα-

2371 1269 2595 1350 δέλφαις
2628 1269 3000 1334 συνάπτεσθαι,
3038 1296 3065 1328 ι

2369 1375 2428 1430 Οἱ
2487 1380 2590 1430 τῶν
2650 1373 2942 1440 Ἀθηναίων
2998 1376 3260 1454 ἰθαγενεῖς
3323 1376 3410 1432 καὶ
3468 1373 3783 1454 προσήλυτοι
3853 1375 3917 1436 εἷς

2288 1459 2431 1518 οῦδὲν
2487 1462 2662 1542 ἕτερον
2713 1462 3002 1542 εὔκαίρουν,
3081 1467 3109 1520 6
3153 1465 3319 1543 μέγας
3395 1463 3597 1526 Παῦλός
3653 1486 3827 1543 φησιν,
3888 1463 3919 1528 ἦ

2287 1550 2459 1630 λέγειν
2503 1574 2554 1607 τι
2613 1554 2699 1609 καὶ
2754 1553 2962 1608 ἀκούειν
3018 1557 3345 1633 καινότερον.
3423 1544 3483 1610 Ἠ
3559 1551 3835 1618 Ἐκκλησία
3873 1549 3920 1606 δὲ

2287 1648 2378 1697 τοῦ
2423 1649 2574 1716 Θεοῦ,
2633 1644 2718 1698 καὶ
2773 1641 2976 1717 μᾶλλον
3031 1645 3280 1701 τὸθεϊον
3311 1643 3599 1721 ἀνάκτορον
3641 1648 3737 1707 τῆς
3777 1642 3921 1719 ἁγιω-

2287 1731 2453 1796 τάτης
2485 1738 2578 1788 τοῦ
2635 1738 2767 1789 Θεοῦ
2823 1731 3065 1809 μεγάλης
3119 1729 3466 1811 Ἐκκλησίας,
3519 1732 3584 1787 τὰ
3641 1730 3777 1808 παρά
3829 1735 3921 1784 τῶν

2287 1819 2448 1896 ἁγίων
2518 1820 2765 1898 Πατέρωθ
2834 1818 3248 1898 δογματισθέντα
3328 1821 3674 1900 κρατύνουσα,
3760 1815 3922 1892 προθέ-

2283 1905 2478 1983 λυμνον
2543 1909 2762 1981 ἀποσπᾷ
2814 1915 2989 1964 πᾶσαν
3042 1915 3335 1991 καινοφανή
3410 1909 3781 1988 περιττότητι,
3846 1907 3922 1962 καὶ

2282 1995 2420 2052 θέλει
2491 2002 2588 2064 τῆς
2658 1997 2905 2064 ἀληθείας
2962 2000 3052 2054 τὸν
3125 1997 3364 2078 ἅσταχυν
3414 1996 3714 2054 ἀνατέλλειν
3759 1997 3920 2052 ἑκατο-

2284 2087 2557 2146 στεύοντα.
2608 2087 2934 2166 Προσκόπτει
2995 2089 3094 2166 γὰρ
3159 2094 3226 2164 τῇ
3281 2089 3461 2167 γάριτι
3515 2109 3607 2144 του
3664 2094 3810 2158 Θεοῦ,
3850 2083 3922 2139 ἐπὶ

2281 2177 2437 2231 παντὶ
2479 2175 2741 2256 θεαρέστῳ
2789 2175 2935 2254 λόγῳ
2985 2179 3070 2232 καὶ
3124 2177 3420 2256 πράγματι.
3498 2177 3598 2232 Διά
3656 2197 3732 2231 τοι
3787 2183 3922 2232 τοῦτο

2280 2265 2458 2321 καὶτὸ
2488 2263 2770 2329 συνοδικῶς
2827 2265 3090 2344 ἐρωτηθὲν
3146 2267 3245 2345 πρὸ
3305 2273 3515 2345 μικροῦ,
3561 2267 3679 2343 περὶ
3747 2270 3831 2320 τοῦ
3887 2263 3923 2316 εἰ

2283 2354 2392 2432 χρὴ
2422 2355 2512 2411 τὸν
2572 2355 2727 2410 αὐτὸν
2770 2357 2860 2409 καὶ
2916 2353 3006 2411 ἕνα
3061 2352 3170 2410 δυσὶ
3231 2353 3621 2434 δισεξαδέλφαις
3677 2353 3922 2409 συνάπτε-

2281 2446 2418 2517 σθαι,
2469 2443 2558 2499 οὒκ
2614 2441 2906 2510 ηωόκησεν
2965 2443 3036 2508 ὥς
3090 2466 3141 2500 τι
3172 2445 3526 2522 καινοπρεπὲς
3583 2445 3685 2499 ὑπὸ
3741 2441 3918 2522 γωνίαν

2280 2545 2468 2589 πεσεῖν
2523 2531 2862 2609 ἀτημέλητον
2897 2551 2912 2566 ⁸
2973 2531 3092 2588 ἀλλ’
3154 2535 3227 2596 ὡς
3285 2533 3574 2590 σπουδαῖον
3625 2535 3710 2588 καὶ
3740 2555 3920 2612 χρησι-

2282 2623 2550 2701 μώτατον,
2598 2624 2670 2686 είς
2716 2623 2901 2689 κοινὴν
2943 2622 3193 2699 προέθετο
3250 2622 3606 2688 κατεξέτασιν.
3661 2621 3804 2680 Ἐπεὶ
3845 2621 3922 2676 οῦν

2284 2715 2312 2768 6
2355 2713 2759 2789 παναγιώτατος
2817 2713 3034 2792 νυμφίος
3093 2714 3280 2786 αὐτῆς,
3338 2714 3426 2768 καὶ
3487 2720 3596 2768 τῶν
3653 2717 3925 2768 κανονικῶν

2281 2799 2620 2879 παραδόσεων
2693 2799 2991 2876 μελεδωνὸς
3062 2801 3477 2880 ἀγρυπνότατος,
3564 2802 3789 2870 ἠθέλησε
3851 2799 3926 2854 καὶ

2280 2893 2424 2965 ἡμᾶς
2483 2891 2844 2970 συμμεριστάς
2905 2890 3144 2969 γενέσθαι
3202 2898 3295 2948 τοῦ
3350 2891 3566 2970 ἀγαθοῦ,
3631 2891 3799 2970 φαμὲν
3855 2887 3925 2943 ὅτι

2279 2981 2415 3043 τινὲς
2471 2978 2732 3036 πλατεῖαν
2817 2979 2938 3036 ὁδὸν
3010 2983 3096 3037 καὶ
3174 2980 3513 3060 ἀπρόσκοπον
3604 2980 3700 3059 (ὥς
3757 2977 3920 3060 φασιν)

2280 3067 2538 3135 ἥπλωσαν
2596 3076 2672 3144 τῷ
2760 3071 3050 3149 Δημητρίῳ
3119 3071 3309 3150 τυχὸν,
3383 3077 3459 3144 τῷ
3541 3069 3925 3150 χρηματίσαντι

544 3167 738 3229 ruisse
793 3157 1119 3248 Demetrio,
1171 3157 1272 3250 qui
1323 3157 1518 3231 Mariae
1579 3157 1886 3248 cujusdam
1951 3157 2195 3232 maritus

2281 3158 2490 3236 γαμέτῃ
2519 3159 2718 3238 Μαρίας
2777 3161 2944 3239 τινὸς,
3001 3157 3369 3239 δισεξαδέλφην
3427 3159 3626 3226 ταύτης
3672 3157 3918 3235 Θεοδώραν

544 3256 753 3331 fuerat,
787 3257 1162 3319 matrimonio
1195 3257 1513 3338 copulandi
1554 3257 1860 3320 sobrinam
1895 3260 2046 3338 ejus,
2086 3279 2197 3320 no-

545 3345 707 3406 mine
747 3345 1146 3410 Theodoram.
1179 3347 1252 3408 Et
1284 3347 1657 3426 interrogati,
1692 3347 2105 3429 quamobrem,
2143 3358 2202 3411 et

543 3435 843 3515 quomodo
875 3435 945 3497 ad
976 3437 1088 3497 hoc
1112 3435 1384 3510 invitent,
1418 3437 1606 3512 aiunt,
1635 3437 1795 3497 hunc
1828 3445 2195 3498 contractum

543 3523 616 3585 ad
669 3525 988 3605 septimum
1039 3525 1288 3605 gradum
1323 3525 2008 3606 pertingere,propterea
2040 3527 2196 3606 quod

545 3613 880 3676 Demetrius
905 3626 965 3676 et
995 3615 1200 3690 Maria,
1235 3615 1452 3695 conjux
1484 3616 1613 3696 ejus
1647 3623 2197 3693 mortua,personas

541 3702 709 3780 duas,
763 3711 822 3764 et
863 3711 1305 3785 consequentur
1349 3705 1568 3784 gradus
1615 3705 1766 3768 duos
1807 3708 2189 3782 constituant,

540 3791 680 3855 licet
709 3791 784 3852 ob
835 3812 1193 3855 consensum
1227 3801 1285 3854 et
1327 3812 1589 3855 amorem
1639 3802 1907 3854 mutuum
1939 3812 2047 3873 pro
2080 3814 2196 3856 una

539 3899 719 3943 carne
749 3881 1130 3944 haberentur.
1182 3881 1327 3944 Nam
1362 3883 1566 3957 Maria,
1612 3882 1909 3962 inquiunt,
1961 3893 2189 3945 sextum

539 3989 670 4032 cum
703 3971 1022 4033 Theodora
1050 3971 1294 4049 gradum
1327 3970 1553 4044 habuit,
1589 3990 1706 4032 non
1738 3971 1946 4032 itidem
1969 3971 2188 4035 Deme-

542 4060 898 4134 trius,veluti
924 4061 1025 4140 qui
1056 4061 1126 4121 ad
1153 4078 1466 4139 personam
1491 4061 1898 4140 septimam,et
1919 4061 2188 4139 ejusdem

541 4149 776 4210 numeri
805 4150 1053 4226 gradum
1072 4149 1468 4212 referatur.At
1487 4149 1814 4210 secundum
1843 4149 2038 4211 thema
2059 4152 2188 4231 (65)

538 4236 751 4316 capitis
780 4254 939 4300 xxxn
993 4238 1148 4299 tituli
1177 4255 1214 4298 v
1263 4237 1400 4299 libri
1444 4255 1632 4301 xxvm
1685 4237 2102 4319 Basilicarum,
2135 4248 2192 4302 et

538 4341 730 4385 canon
763 4341 854 4386 Liv
884 4333 1103 4387 coactae
1136 4324 1196 4386 in
1231 4345 1436 4404 magna
1487 4326 1686 4406 palatii
1736 4325 1940 4387 Trullo
1973 4335 2192 4389 sanctae

539 4424 599 4474 et
631 4412 982 4475 universalis
1034 4414 1264 4496 synodi,
1327 4433 1514 4494 usque
1570 4413 1642 4476 ad
1681 4414 1925 4494 gradum
1960 4424 2192 4477 sextum

541 4501 918 4563 matrimonia
975 4511 1093 4565 tam
1154 4523 1222 4564 ex
1275 4503 1581 4577 affinitate,
1614 4522 1790 4584 quam
1843 4507 2192 4580 cognatione

538 4592 1487 4673 contracta,constrixerunt.Quae
1521 4609 1660 4654 vero
1683 4600 1911 4654 sextum
1938 4611 2191 4673 sequun-

2279 3246 2614 3324 καλουμένην
2697 3249 3050 3328 ἁρμόσασθαι,
3139 3249 3238 3306 Καὶ
3321 3247 3682 3328 ἐρωτώμενοι,
3781 3247 3921 3302 πόθεν

2280 3338 2368 3392 καὶ
2409 3335 2552 3401 ὅπως
2611 3344 2766 3394 τοῦτο
2835 3337 3208 3417 προτρέπουσι,
3280 3336 3520 3416 λέγουσιν
3589 3339 3664 3398 εἰς
3721 3334 3924 3411 ἕϐδομον

2281 3427 2483 3502 βαθμὸν
2538 3433 2798 3499 καταντᾷν
2853 3429 2952 3495 τὴν
3029 3438 3122 3487 τοῦ
3177 3427 3618 3506 συναλλάγματος
3692 3428 3918 3499 ποῗησιν,

2281 3514 2364 3571 διὰ
2421 3518 2482 3572 τὸ
2537 3517 2798 3596 πρόσωπα
2855 3515 2968 3592 δύο,
3041 3519 3130 3574 καὶ
3183 3517 3482 3580 ἀκολούθως
3541 3515 3634 3572 δύο
3707 3516 3926 3593 βαθμοὺς

2279 3609 2617 3663 καθίστασθαι
2688 3610 2779 3663 τὸν
2843 3610 3150 3687 Δημήτριον
3209 3609 3343 3683 μετὰ
3401 3608 3603 3686 Μαρίας
3672 3612 3772 3674 τῆς
3830 3605 3930 3661 ἀπ-

2278 3695 2570 3775 οιχομένης
2640 3697 2859 3776 συζύγου
2918 3698 3096 3771 αὐτοῦ,
3166 3695 3267 3753 κᾶν
3316 3703 3385 3773 τῇ
3438 3696 3662 3771 ὁμονοία
3715 3696 3802 3752 καὶ
3868 3700 3932 3769 τῇ

2275 3791 2476 3863 στοργῇ
2539 3784 2664 3864 σὰρξ
2707 3787 2803 3861 μία
2857 3785 3191 3865 λογίζωνται,
3243 3778 3306 3843 Ἦ
3361 3788 3460 3866 γὰρ
3503 3787 3702 3864 Μαρία,
3764 3785 3932 3864 φασὶν,

2275 3871 2426 3930 ἕκτον
2490 3875 2617 3954 εἶχε
2674 3875 2814 3950 μετά
2854 3880 2952 3943 τῆς
3025 3873 3297 3954 Θεοδώρας
3353 3875 3578 3952 βαθμὸν,
3644 3876 3704 3931 οῦ
3761 3875 3866 3949 μὴν
3909 3875 3933 3927 6

2279 3963 2609 4043 Δημήτριος,
2669 3965 2740 4026 ὡς
2808 3965 2880 4027 εἰς
2937 3961 3160 4040 ἕϐδομον
3216 3963 3523 4044 πρόσωπον,
3589 3965 3682 4019 καὶ
3739 3962 3933 4044 βαθμὸν

2273 4039 2686 4133 τοσαυτάριθμον
2744 4039 3095 4133 ἀναγόμενος.
3157 4055 3228 4112 Τὸ
3260 4039 3340 4133 ’δὲ
3380 4043 3433 4128 β’
3485 4051 3647 4133 θέμα,
3704 4039 3797 4108 τοῦ
3853 4039 3934 4126 λβ’

2272 4132 2558 4221 κεφαλαίου
2612 4148 2704 4198 τοῦ
2736 4132 2783 4221 ε’
2839 4132 3016 4199 τίτλου
3067 4143 3161 4199 τοῦ
3204 4132 3299 4210 κη’
3348 4139 3550 4219 βιϐλίου
3603 4143 3713 4198 τῶν
3773 4150 3932 4197 Βασι-

2273 4220 2459 4305 λικῶν,
2493 4233 2581 4286 καὶ
2611 4233 2639 4287 6
2683 4220 2760 4286 νδ¹
2814 4233 2988 4288 κανὼν
3041 4232 3138 4300 τῆς
3192 4232 3246 4288 ἐν
3297 4239 3374 4304 τῷ
3407 4229 3657 4310 Τρούλλῳ
3688 4231 3781 4286 τοῦ
3835 4251 3932 4306 με-

2277 4317 2443 4397 γαῖλου
2501 4318 2760 4377 παλατίου
2841 4321 3108 4388 συστάσης
3193 4321 3344 4399 ἁγίας
3414 4321 3500 4376 καὶ
3557 4321 3929 4396 οἷκουμενικῆς

2277 4406 2510 4488 συνόδον,
2572 4409 2735 4489 μέχρι
2777 4411 2869 4466 τοῦ
2941 4410 3096 4468 ἕκτου
3165 4410 3368 4487 βαθμοῦ
3411 4411 3498 4466 καὶ
3553 4410 3720 4466 αὐτοῦ
3777 4411 3844 4466 τὰ
3883 4406 3929 4472 ἐξ

2273 4497 2585 4578 ἀγχιστείας
2627 4500 2716 4554 καὶ
2772 4499 2839 4556 τὰ
2894 4498 2946 4564 ἐξ
2991 4501 3221 4576 α’ἷματος
3278 4499 3778 4578 ἐξεστενοχώρησαν
3808 4519 3929 4552 συν-

2275 4585 2613 4666 αλλάγματα.
2673 4589 2748 4645 Τά
2803 4587 2856 4644 δὲ
2929 4591 3064 4664 μετά
3128 4599 3336 4666 τοῦτον,
3410 4585 3574 4652 ἀδεως
3666 4586 3930 4645 ἀπέλυσαν

538 4689 655 4754 tur,
685 4679 872 4742 libere
921 4681 1167 4742 conﬂari
1201 4682 1624 4762 permiserunt.
1669 4684 1750 4742 Ac
1805 4685 2037 4743 tametsi
2072 4703 2184 4763 pu-

2280 4676 2693 4755 ἀναχώννοσθαι,
2756 4678 2853 4734 Καὶ
2907 4677 3006 4733 κᾶν
3058 4676 3320 4759 ἐξηνέχθη
3379 4677 3699 4757 προσφάτως
3770 4675 3926 4750 τόμος

537 4768 788 4831 blicatus
819 4770 895 4832 sit
923 4789 1136 4832 recens
1187 4781 1379 4832 tomus
1427 4771 1747 4852 synodalis,
1803 4772 2185 4835 confirmatus

535 4859 716 4920 etiam
769 4859 964 4920 edicto
1028 4859 1438 4940 imperatorio,
1496 4879 1612 4941 quo
1668 4859 2046 4941 praecipitur,
2111 4881 2186 4924 ne

533 4947 717 5026 gradu
751 4949 1009 5030 septimo
1040 4950 1341 5029 conjuncti
1377 4967 1482 5030 per
1513 4949 1948 5028 cognationem,
1977 4951 2186 5012 matri-

535 5039 734 5098 monia
766 5039 1160 5100 contrahant:
1199 5049 1394 5102 tamen
1443 5039 1515 5100 ad
1568 5040 1679 5102 hoc
1729 5039 1792 5114 ii,
1828 5039 1927 5120 qui
1974 5041 2184 5102 eodem

534 5129 718 5204 gradu
752 5144 859 5205 per
889 5126 1232 5188 afﬁnitatem
1269 5145 1404 5190 sese
1454 5127 1848 5204 constrigunt,
1886 5147 2004 5189 non
2035 5148 2184 5190 con-

534 5213 922 5292 stringuntur.
987 5218 1263 5294 Magnum
1318 5215 1475 5278 enim
1535 5216 1862 5278 discrimen
1913 5217 2187 5280 estinter

534 5301 1039 5366 necessitudinem
1071 5306 1397 5384 sanguinis,
1433 5314 1490 5366 et
1546 5305 1908 5382 cognaticam
1943 5307 2180 5387 simpli-

534 5389 684 5451 citer
715 5392 1218 5472 propinquitatem
1256 5415 1270 5454 :
1303 5413 1372 5455 ac
1395 5412 1606 5474 magna
1635 5394 1792 5454 inter
1824 5396 1948 5456 haec
1991 5396 2178 5457 stabi-

533 5477 636 5541 lita
659 5480 808 5541 ratio
830 5489 942 5556 est,
964 5481 1114 5543 alios
1136 5483 1441 5563 copulans,
1475 5483 1624 5544 alios
1647 5482 1959 5544 dirimens.
1985 5483 2174 5546 Etiam

2269 4764 2563 4840 συνοδικὸς,
2623 4766 2929 4845 στηριχθεὶς
2987 4768 3074 4823 καὶ
3140 4766 3419 4846 προστάξει
3476 4764 3760 4843 βασιλικῇ,
3814 4765 3929 4826 τοὺς

2267 4852 2319 4918 ἐξ
2373 4853 2603 4930 α’ἷματος
2653 4854 2805 4918 ὄντας
2863 4853 3086 4931 ἑϐδόμου
3143 4858 3344 4932 βαθμοῦ
3413 4855 3490 4931 μὴ
3555 4856 3926 4931 συνάπτεσθαι,

2268 4941 2405 4998 ἀλλά
2458 4943 2578 5006 τοὺς
2661 4942 2713 5009 ἐξ
2788 4943 3102 5024 ἀγχιστείας
3189 4946 3448 5002 οἷκείωσιν
3529 4945 3929 5022 τοιουτόμετρον

2269 5031 2517 5112 ἔχοντας,
2569 5033 2663 5088 οὐκ
2720 5031 3144 5113 ἐστενοχώρησε.
3210 5034 3348 5092 Πολὺ
3407 5035 3506 5114 γάρ
3550 5034 3661 5090 ἐστι
3694 5035 3757 5089 τὸ
3812 5030 3926 5086 διά-

2268 5143 2424 5201 φορον
2481 5121 2643 5196 μέσον
2701 5124 3002 5200 συγγενείάς
3045 5122 3098 5189 ἐξ
3168 5123 3425 5204 α’ίματος,
3479 5124 3567 5179 καὶ
3610 5124 3924 5201 συγγενικῆς

2268 5209 2448 5275 ἁπλῶς
2521 5210 2838 5274 οίκειώσεως
2870 5231 2884 5245 °
2959 5213 3046 5268 καὶ
3112 5212 3272 5291 λόγος
3348 5212 3516 5291 μέγας
3594 5210 3763 5287 μέσον
3819 5209 3926 5265 τού·-

2265 5321 2372 5355 των
2455 5299 2783 5378 ἐστήρικται,
2869 5301 2990 5366 τοὺς
3095 5303 3192 5377 μὲν
3278 5304 3582 5376 συνάπτων,
3667 5302 3793 5363 τοὺς
3875 5295 3924 5353 δὲ

2263 5386 2499 5467 διαιρὶυν.
2574 5391 2634 5446 Οἱ
2698 5388 2911 5453 πλείους
2983 5389 3038 5447 δὲ
3093 5393 3294 5449 τούτων
3377 5393 3464 5447 καὶ
3539 5389 3921 5470 ἐπιχειρήμασι

2261 5477 2714 5558 συλλογιστικοῖς,
2772 5481 2860 5536 καὶ
2931 5477 3014 5540 διά
3066 5487 3165 5549 τῆς
3233 5484 3306 5546 εἷς
3377 5483 3440 5538 τὸ
3495 5479 3756 5537 ἀδύνατον
3833 5477 3928 5533 ἀπή

2111 5659 2362 5723 NOTAE.

614 5794 743 5877 (65)
777 5793 945 5868 Quod
980 5793 1418 5876 paragraphum
1453 5793 1642 5857 nostri
1663 5793 1886 5857 dicunt.
