4120 6416
265 348 411 413 1201

1585 347 2304 417 ἃΒλΕΟΟ-ΒΟΜΑΝΗΜ.

3492 345 3645 412 1202

246 490 470 564 αγωγῆς
514 489 632 551 τοὺς
679 489 897 551 οἰκείους
960 486 1113 555 δῆθεν
1168 488 1356 567 λόγους
1413 489 1732 567 στηρίζουσι,
1790 485 1897 543 Λέ-

1994 479 2258 561 plerique
2312 481 2526 542 horum
2580 480 2965 561 syllogisticis
3011 482 3408 562 argumentis,
3442 490 3504 545 et
3533 499 3645 563 per

249 595 399 652 γουσι
454 576 577 656 γὰρ,
634 577 709 641 ὡς
765 579 810 634 ei
877 575 1049 645 δοθείη
1120 575 1357 657 γενέσθαι
1414 576 1513 645 τὴν
1571 576 1772 656 Μαρίαν
1814 576 1904 633 καὶ

1994 567 2401 632 abductionem
2421 568 2494 632 ad
2514 569 3180 651 impossibile,rationes
3198 588 3340 635 suas
3364 570 3643 634 fulciunt.

249 662 343 717 τὸν
418 666 735 745 Δημήτριον
781 667 896 731 ἐνὸς
966 668 1168 744 βαθμοῦ
1240 667 1375 743 μετᾶ
1442 667 1541 735 τὴν
1597 666 1899 747 συνάφειαν,

1994 657 2167 721 Aiunt
2196 659 2355 721 enim
2373 657 2424 747 si
2442 676 2795 747 concessum
2823 659 3169 734 sit,Mariam
3194 668 3252 723 et
3270 659 3645 723 Demetrium

253 751 427 810 πολλὰ
468 756 820 832 συμπέσουσιν
851 756 1026 815 ἄτοπα
1058 773 1072 788 ⁸
1122 761 1264 831 οἷον,
1316 757 1621 833 Δημήτριος
1664 754 1902 835 γαμέτης

250 846 350 910 τῆς
408 846 605 924 Μαρίας
669 845 1020 923 καλούμενος,
1097 847 1186 903 καὶ
1242 843 1479 927 γαμϐρὸς
1548 851 1641 903 τοῦ
1708 845 1904 912 ταύτης

250 933 472 1011 πατρὸς,
529 936 715 992 τούτου
771 937 868 1012 μὲν
938 948 1095 1017 παῖς,
1164 936 1369 1003 ἰιείνης
1409 934 1464 992 δὲ
1508 933 1729 1016 ἀδελφὸς
1771 956 1906 1010 μετ-

252 1024 695 1098 ονομασθήσεται,
746 1032 839 1082 τοῦ
885 1026 1087 1102 βαθμοῦ
1128 1030 1196 1102 τῇ
1252 1024 1535 1092 ταυτότητι
1568 1040 1583 1054 ⁸
1642 1025 1729 1081 καὶ
1771 1023 1910 1081 οὕτω

252 1106 532 1169 διαπᾶσθαι
606 1115 669 1170 τὸ
735 1114 1082 1188 συνοικὲσιον,
1170 1116 1243 1178 εἷς
1326 1112 1695 1196 ἀῖελφομιξίαν
1751 1133 1908 1192 περ’-

253 1198 557 1276 ιστάμενον.
620 1203 959 1283 Προστιθέασι
1017 1201 1073 1260 δὲ
1125 1204 1262 1260 κατὰ
1295 1212 1450 1263 τοῦτο
1505 1204 1568 1259 τὸ
1598 1201 1792 1260 ἄτοπον
1822 1202 1912 1259 καὶ

251 1289 346 1352 τὰς
402 1288 455 1356 ἐξ
507 1288 778 1350 ἀδιαθὲτου
847 1291 1124 1373 διαδοχὰς,
1201 1290 1451 1363 ἀλλήλων
1508 1313 1591 1368 τε,
1661 1293 1751 1350 καὶ
1804 1296 1914 1351 τῶν

248 1376 447 1455 γονέων
502 1380 727 1454 τούτων,
785 1384 868 1439 ναὶ
921 1381 1104 1458 μέντοι
1173 1382 1262 1438 καὶ
1328 1403 1528 1461 προσγε
1541 1388 1661 1460 νῶν,
1721 1380 1908 1444 αὐτοὺς

253 1468 673 1547 σφετερίσασθαι.
737 1461 1008 1536 Ὠσαύτως
1059 1472 1147 1527 καὶ
1229 1472 1289 1527 τὸ
1349 1471 1426 1547 μὴ
1484 1468 1731 1528 δύνασθαι
1786 1471 1907 1534 τοὺς

1989 754 2121 828 post
2171 746 2609 828 copulationem
2668 746 2846 810 unius
2901 748 3034 811 fieri
3086 750 3326 831 gradus,
3387 748 3647 813 absurda

1990 837 2177 899 multa
2205 855 2616 902 concursura:
2651 837 2819 901 verbi
2853 840 3061 919 gratia,
3087 841 3247 923 quod
3277 838 3645 915 Demetrius,

1989 927 2093 1008 qui
2122 926 2322 989 Mariae
2349 928 2597 990 maritus
2627 946 2761 992 esse
2791 929 3167 1010 perhibetur,
3196 939 3259 995 et
3302 929 3485 1012 patris
3514 929 3647 1010 ejus

1990 1032 2197 1097 gener,
2259 1016 2530 1097 ejusdem
2583 1035 2822 1099 quoque
2880 1017 3061 1097 ﬁlius,
3093 1026 3153 1085 et
3187 1020 3372 1082 frater
3418 1019 3645 1099 Mariis,

1993 1112 2239 1185 propter
2270 1105 2639 1169 identitatem
2668 1106 2912 1186 gradus,
2929 1109 3006 1171 sit
3028 1108 3650 1190 appetlandus.Atque

1994 1194 2108 1256 hoc
2137 1196 2314 1258 modo
2345 1194 2752 1261 dirimendum
2784 1196 3254 1273 matrimonium,
3290 1197 3463 1260 veluti
3488 1196 3649 1279 quod

1994 1283 2069 1345 ad
2099 1284 2476 1347 concubitum
2509 1284 2708 1347 fratris
2733 1303 2867 1347 cum
2901 1304 3109 1349 sorore
3134 1286 3362 1350 tendat.
3397 1286 3650 1350 Addunt

1995 1372 2135 1435 huic
2166 1372 2422 1435 absurdo
2454 1393 2559 1436 eos
2590 1374 2773 1436 etiam
2801 1375 3217 1439 successiones
3235 1374 3308 1439 ab
3338 1375 3644 1452 intestato,

1992 1468 2108 1523 tam
2133 1462 2398 1542 ipsorum
2430 1462 2587 1526 inter
2614 1481 2702 1543 se,
2738 1481 2912 1544 quam
2945 1471 3286 1545 parentum,
3319 1464 3441 1527 imo
3467 1464 3648 1526 etiam

255 1555 587 1636 ἐτερομερεϊς
630 1559 909 1640 ἀρχιστεϊς
969 1558 1226 1631 ἀλλήλοις
1295 1560 1669 1639 συνάπτεσθαι,
1736 1560 1905 1625 καθὼς

1994 1549 2491 1631 propinquorum,
2515 1549 2631 1612 sibi
2662 1550 2985 1614 vindicare.
3008 1552 3415 1617 Consimiliter
3442 1571 3513 1615 ex
3533 1570 3652 1615 una

250 1651 349 1712 τῆς
376 1646 687 1728 ἀγχιστείας
728 1639 793 1706 τὰ
823 1652 1025 1726 νόμιμα
1054 1646 1362 1728 διορίζονται
1397 1668 1413 1683 ⁸
1453 1648 1590 1706 ἀλλὰ
1619 1648 1756 1706 κατὰ
1786 1649 1904 1712 τοὺς

1994 1648 2156 1719 parte
2185 1640 2469 1701 duntaxat
2496 1639 2707 1702 afﬁnes
2736 1640 2894 1703 inter
2914 1660 2980 1704 se
3008 1642 3279 1724 copulari
3308 1661 3427 1704 non
3449 1658 3646 1722 posse,

310 1709 346 1712 __
424 1709 490 1728 ,Ν
672 1709 682 1713 _
886 1709 897 1726 ι
950 1709 961 1725 ι
1137 1709 1147 1728 δ
1196 1709 1213 1720 ,
1891 1709 1900 1712 -

250 1735 452 1812 γάμους
480 1743 585 1794 τῶν
616 1737 670 1804 ἐξ
712 1737 943 1814 α’ἷματος
986 1744 1312 1817 προσγενιῖη.

1994 1709 2494 1809 quemadmodum
2526 1728 2830 1791 alﬁnitatis
2851 1730 2989 1810 jura
3009 1709 3281 1796 statuunt
3306 1750 3320 1795 :
3348 1709 3466 1794 sed.
3484 1709 3646 1792 idem

340 2004 438 2060 Καὶ
468 2004 575 2079 μὴν
624 2003 679 2061 ἐν
733 2010 800 2083 τῇ
859 1997 1138 2083 Ῥωμαϊκῇ
1194 2005 1460 2079 συνηθείᾳ,
1492 2006 1580 2061 καὶ
1608 2011 1676 2082 τῇ
1704 2004 1903 2073 ἐκκληα

255 2098 503 2168 σιαστικῇ
557 2094 900 2174 καταστάσει,
986 2095 1131 2175 φασὶ,
1211 2096 1274 2150 τὸ
1357 2092 1588 2150 ἐναντίον
1671 2096 1904 2173 σήμερον

253 2179 604 2240 πολιτεύεται.
667 2191 823 2247 Θεϊος
866 2184 965 2264 γὰρ
1019 2186 1108 2242 καὶ
1160 2183 1378 2259 ἀνεψιὸς
1449 2183 1583 2259 μετὰ
1637 2184 1777 2248 θείας
1818 2185 1907 2241 καὶ

254 2269 474 2347 ἀνεψιᾶς
531 2270 814 2336 ἀκωλύτως
845 2273 1220 2354 συνάπτονται,
1276 2272 1428 2330 ἕκτον
1483 2271 1535 2338 ἐξ
1593 2273 1905 2353 ἀγχιστείας

254 2361 342 2417 καὶ
381 2360 547 2417 ταῦτα
573 2360 833 2441 λαχόντες
869 2363 1093 2439 βαθμὸν,
1150 2364 1224 2427 ὡς
1268 2369 1359 2420 τοῦ
1400 2361 1565 2439 τόμου
1611 2370 1705 2419 τοῦ
1733 2364 1904 2442 ἁγιω-

256 2448 417 2509 τάτου
473 2452 804 2532 πατριάρχου
835 2453 1063 2510 Σισινίου
1130 2454 1251 2516 τοὺς
1304 2453 1543 2532 πρώτους
1601 2450 1907 2534 ὲξαδέλφους

253 2539 589 2603 κωλύσαντος
672 2540 812 2599 δυσὶν
893 2541 1243 2625 αὒταδέλφαις
1346 2544 1719 2608 συνάπτεσθαι,
1810 2556 1905 2601 Δι-

1987 1816 2051 1880 in
2083 1817 2176 1881 his
2219 1818 2582 1896 faciendum,
2636 1817 2794 1899 quod
2825 1818 2889 1881 in
2919 1820 3143 1902 nuptiis
3182 1819 3472 1901 sanguine
3502 1836 3647 1900 pro-

1991 1906 2372 1989 pinquorum.

2070 1995 2250 2077 Atqui
2280 1996 2510 2074 dicunt,
2541 1996 2601 2059 in
2632 1996 3074 2062 consuetudine
3101 2000 3463 2072 Romana,et
3483 2004 3644 2061 statu

1991 2085 2794 2167 ecclesiastico,contrarium
2814 2086 2993 2149 hodie
3014 2086 3388 2153 observatur.
3397 2090 3652 2151 Patruus

1989 2175 2172 2248 enim,
2222 2184 2278 2237 et
2332 2174 2530 2238 fratris
2560 2175 2744 2251 filius,
2776 2194 2911 2239 cum
2961 2176 3142 2240 amita
3186 2185 3246 2240 et
3296 2176 3496 2240 fratris
3526 2175 3650 2239 tilia

1988 2262 2120 2324 sine
2151 2262 2271 2344 imp
2281 2263 2582 2325 cdimento
2607 2264 3091 2346 copulantur,qui
3106 2266 3352 2345 gradum
3367 2286 3439 2329 ex
3456 2268 3645 2331 aﬂini-

1991 2360 2108 2439 tate
2134 2362 2365 2414 sextum
2395 2352 2705 2415 obtinent:
2730 2371 2864 2415 cum
2889 2354 3250 2418 sanctissimi
3291 2359 3645 2439 patriarchas

1991 2438 2237 2502 Sisinnii
2272 2453 2467 2504 tomus
2510 2441 2902 2505 consobrinos
2949 2445 3206 2507 vetuerit
3247 2438 3385 2510 cum
3415 2447 3649 2512 duabus

1991 2531 2290 2608 germanis
2314 2530 2624 2593 sororibus
2646 2532 2840 2611 jungi.
2894 2533 3119 2613 Urgent
3173 2544 3483 2616 praeterea,
3536 2557 3649 2602 nec

253 2629 546 2687 ενίστανται
601 2627 680 2711 δὲ,
741 2629 877 2708 μηδὲ
933 2618 1165 2713 ἀπρεπές
1219 2656 1297 2706 τι,
1350 2634 1438 2690 καὶ
1488 2639 1593 2690 τῶν
1636 2634 1905 2711 ὀνομάτων

1994 2618 2293 2713 inhonesti
2324 2619 2673 2713 quidquam,
2704 2621 2795 2713 vel
2829 2622 2986 2713 quod
3017 2622 3263 2713 nomina
3292 2626 3642 2705 confundat,

257 2720 580 2799 συγχυτικὸν
663 2709 1031 2796 ὖποσύρεσθαι,
1118 2722 1179 2778 ἐκ
1247 2728 1339 2780 τοῦ
1421 2725 1514 2780 τὸν
1588 2724 1743 2780 αυτὸν
1801 2721 1905 2780 δυσῖ

1995 2725 2063 2769 ex
2095 2725 2165 2769 eo
2199 2709 2492 2799 irrepere,
2520 2711 2677 2799 quod
2709 2709 2870 2799 idem
2895 2711 3124 2774 duabus
3154 2712 3415 2778 sobrinis
3444 2735 3637 2798 copu-

255 2796 644 2888 δισεξαδέλφαις
699 2810 1048 2867 συνάπτεσθαι
1081 2825 1097 2840 ⁸
1158 2808 1240 2869 ὅτι
1296 2811 1417 2868 τότε
1486 2811 1612 2891 φασὶ
1660 2833 1905 2890 παρατη-

1994 2796 2172 2857 letur.
2209 2799 2375 2859 Tunc
2399 2797 2584 2874 enim,
2616 2798 2915 2880 inquiunt,
2949 2810 3223 2865 accurata
3254 2804 3406 2867 ratio
3445 2796 3648 2867 nomi-

256 2909 425 2974 ρεϊται
483 2904 588 2954 τῶν
647 2898 922 2973 ὀνομάτων
984 2896 1243 2973 ἀκρίϐεια,
1327 2901 1417 2957 καὶ
1483 2901 1545 2957 τὸ
1612 2900 1905 2980 ἀσύγχυτον

330 2987 341 3003 ,
603 2985 623 3003 κ
653 2987 666 3003 ,
951 2987 976 3003 η
1125 2986 1148 3003 ρ.
1212 2987 1231 3003 κ
1308 2989 1322 3003 ς
1467 2988 1478 3003 ,
1850 2989 1861 3003 .

2000 2904 2141 2946 num
2172 2885 2444 2960 habetur,
2470 2896 2528 2949 et
2557 2888 2907 2950 eorumdem
2935 2889 3206 2952 confusio
3228 2903 3488 2971 cavetur,
3510 2914 3646 2957 cum

2002 2977 2332 3003 -..--....ι;,....ζ
2386 2976 2611 3003 [ιλ-ιη..-
2666 2977 2899 3003 --.η-212-
2949 2978 3263 3003 2..ι-..--.13ι
3292 2999 3305 3003 -
3344 3002 3347 3003 ,
3398 3002 3403 3003 ,

253 2987 451 3043 τούτων
533 2985 873 3067 φυλάττεται,
948 2987 1036 3044 ὅτε
1120 2986 1338 3056 δουλική
1422 2988 1567 3069 τύχη
1652 2976 1905 3064 μεσιτεύει

1998 2977 2336 3069 cognationi
2363 2976 2619 3069 fortuna
2665 2977 2901 3040 servilis
2946 2978 3460 3069 interceditznon
3503 3003 3644 3046 cum

256 3076 561 3154 συγγένειαν
596 3092 610 3108 '
684 3077 744 3133 οὗ
821 3077 918 3152 μὲν
988 3076 1115 3133 ὅταν
1170 3078 1233 3135 ἐκ
1303 3078 1580 3159 συναφείας
1638 3078 1905 3157 ὀμοζύγων

1998 3082 2071 3125 ex
2124 3062 2500 3159 copulatione
2550 3065 2875 3159 conjugum
2906 3065 3141 3159 iegibus
3167 3067 3453 3145 admissa,
3485 3070 3649 3134 velut

258 3153 379 3231 τοις
404 3166 587 3242 νόμοις
645 3163 856 3241 δειιτῇς,
905 3169 976 3234 ὡς
1007 3167 1069 3224 ἐκ
1124 3167 1270 3246 ῥίζης
1327 3153 1469 3232 τινὸς
1525 3167 1739 3247 πτόρθοι
1795 3153 1905 3247 γεν-

1997 3171 2067 3215 ex
2096 3153 2297 3215 radice
2338 3153 2615 3235 quadam,
2668 3155 2820 3217 rami
2858 3156 3282 3223 convenientes
3312 3177 3642 3241 procrean-

254 3241 481 3321 νηθῶσιν
549 3253 902 3321 κατάλληλοι.
967 3258 1024 3313 Ei
1067 3241 1167 3336 γάρ
1221 3254 1393 3325 δοθείη
1435 3256 1533 3313 κᾶν
1564 3241 1769 3320 τουτοις
1797 3241 1905 3314 συν-

1996 3249 2113 3305 tur.
2143 3241 2293 3336 _Nam
2325 3244 2375 3336 si
2408 3244 2609 3305 datum
2638 3243 2816 3306 fuerit
2861 3244 3039 3336 etiam
3086 3245 3148 3308 in
3197 3248 3291 3310 his
3339 3248 3648 3312 observari

257 3347 531 3423 τηρεῖσθαι
631 3347 738 3401 τῶν
797 3345 1075 3421 ὀνομάτων
1133 3347 1194 3403 τὸ
1250 3345 1504 3426 εὖπρεπὲς
1535 3347 1625 3403 καὶ
1670 3345 1905 3427 ἀσύγχυ-

1997 3331 2305 3394 nominum
2339 3332 2733 3411 honestatem,
2771 3342 2829 3396 et
2857 3333 3321 3400 declinationem
3348 3340 3646 3402 confusio—

254 3420 369 3507 τον,
455 3420 899 3513 στενοχωρηθείη
968 3436 1056 3492 καὶ
1150 3442 1255 3493 τῶν
1346 3420 1759 3516 τρισεξαδέλφων
1784 3420 1905 3493 ⁷’καῖ

1995 3420 2109 3496 nis,
2144 3421 2304 3483 velut
2355 3420 2417 3482 in
2465 3433 2695 3482 aratum
2736 3421 3039 3503 redigetur
3069 3425 3245 3488 etiam
3278 3446 3357 3490 ex
3386 3428 3645 3493 sobrinis

258 3521 442 3602 ἐφεξῆς
487 3525 520 3591 ἡ
551 3522 869 3603 ὲκχωρητὲα
906 3521 971 3574 33
1012 3524 1264 3604 συνάφεια
1299 3542 1313 3556 ⁸
1373 3524 1467 3582 ’ίνα
1509 3525 1588 3599 μὴ
1643 3525 1905 3591 κληθῶσιν

1995 3516 2293 3604 natorum,
2329 3521 2389 3604 et
2418 3510 2630 3604 ordine
2662 3512 3042 3604 sequentium
3074 3513 3240 3580 licita
3284 3521 3643 3598 permitten-

252 3598 309 3668 οἱ.
355 3612 406 3678 ἐξ
473 3598 715 3668 ἐκείνων-
742 3611 1015 3693 φυόμενοι,
1073 3610 1287 3693 ἀδελφοὶ
1349 3614 1438 3670 καὶ
1506 3610 1905 3692 τετταρεξάδελ-

1995 3598 2186 3699 daque
2234 3599 2617 3702 conjunctio,
2650 3618 2727 3663 ne
2756 3600 3035 3702 videlicet
3083 3604 3388 3685 contingat
3435 3624 3507 3670 ex
3559 3608 3647 3671 eis

152 3690 155 3693 Δ
251 3724 364 3777 σοι,
425 3700 553 3781 ὅπερ
584 3700 642 3758 οὔ
679 3690 938 3763 δέδοκται,
1000 3690 1099 3760 Καὶ
1155 3690 1321 3778 αὐτοὶ,
1364 3709 1549 3763 ταῦτα.
1614 3690 1804 3777 Ἡμεῖς
1852 3700 1905 3759 δὲ

1994 3690 2539 3790 genitosappellari
2588 3691 2803 3790 fratres
2842 3690 3051 3790 simul,
3086 3703 3173 3790 _et
3218 3705 3642 3790 prognatorum

254 3791 612 3865 σκοπήσωμεν
642 3810 919 3868 προτερον,
944 3848 949 3855 ,
979 3791 1023 3845 εἰ
1079 3802 1196 3854 τοῖς
1253 3790 1436 3865 νόμοις
1466 3791 1555 3848 καὶ
1596 3803 1714 3855 τοϊς
1754 3790 1905 3848 κανό-

1994 3797 2062 3840 ex
2090 3778 2346 3868 sobrinis
2376 3778 2554 3868 ﬁlios,
2589 3781 2747 3860 quod
2778 3778 3024 3844 minime
3046 3781 3239 3844 visum
3268 3791 3383 3847 est.
3413 3779 3486 3847 Et
3515 3785 3643 3849 haec

252 3901 305 3935 σι
362 3877 535 3954 δοκεῖ,
580 3866 693 3936 δύο
738 3866 966 3955 βαθμοὺς
1026 3878 1147 3941 τοὺς
1207 3880 1496 3957 ὁμοζύγους
1568 3879 1901 3958 ψηφίζεσθαι,

1994 3867 2232 3947 quidem
2265 3867 2374 3931 illi.
2410 3866 2529 3930 Nos
2557 3876 2754 3931 autem
2796 3868 2958 3949 prius
2989 3871 3530 3951 considerabimus,
3561 3892 3642 3938 an

250 3970 339 4025 καὶ
370 3966 454 4024 διὰ
481 3975 635 4025 τοῦτο
666 3967 1044 4048 συγχωρητέον
1088 3967 1229 4024 εἶναι
1279 3970 1364 4044 τὸ,
1425 3969 1543 4047 περὶ
1574 3972 1634 4026 οὗ
1665 3957 1692 4026 ὃ
1721 3967 1903 4049 λόγος,

1994 3957 2152 4037 leges
2181 3966 2359 4038 atque
2391 3975 2654 4019 canones
2677 3970 2984 4036 censcant,
3020 3960 3312 4045 conjuges
3342 3980 3449 4044 pro
3482 3962 3639 4025 duo-

250 4056 621 4133 συνάλλαγμα.
678 4045 933 4134 Εἴπωμεν
987 4056 1100 4133 οὖν,
1132 4058 1221 4114 καὶ
1249 4056 1409 4115 πάλιν
1452 4045 1905 4137 ἐκκορυφώσωμεν

1994 4045 2098 4137 bus
2126 4046 2409 4125 gradibus
2438 4045 2770 4129 habendos,
2804 4066 2873 4108 ac
2922 4058 3241 4131 propterea
3279 4051 3641 4132 permitten~

248 4147 315 4204 τὰ
342 4145 626 4226 λεγόμενα.

328 4416 466 4473 Φασί
517 4437 653 4478 τινες
696 4415 793 4482 τὴν
842 4415 1021 4495 φωνὴν
1064 4422 1157 4472 τοῦ
1219 4416 1403 4495 Κυρίου
1460 4416 1560 4483 τὴν
1617 4414 1897 4496 λέγουσαν,

247 4508 349 4566 Καὶ
404 4506 611 4563 ἔσονται
662 4507 707 4561 οἱ
752 4504 1000 4582 ὁμόζυγοι
1061 4504 1186 4585 σὰρξ
1248 4504 1366 4584 μία,
1439 4505 1517 4581 μὴ
1574 4503 1902 4582 ἐκλαμϐάνε-

243 4598 364 4653 σθαι
423 4596 553 4674 πρὸς
584 4593 907 4667 ταυτότητα,
942 4591 1079 4650 ἀλλὰ
1125 4594 1256 4673 πρὸς
1318 4593 1546 4673 στοργὴν
1605 4595 1694 4650 καὶ
1763 4592 1901 4668 ὁμό-

244 4706 416 4746 νοιαν.
450 4685 507 4741 Εἰ
537 4683 636 4763 γὰρ
668 4683 746 4758 μὴ
788 4681 954 4746 οὕτως
1010 4681 1251 4762 ἐκληφθῇ
1296 4683 1356 4738 τὸ
1389 4684 1644 4761 Κυριακὸν
1674 4682 1901 4740 θεσπιώ-

242 4774 416 4852 δημα,
498 4770 715 4853 ἀδελφοὶ
769 4769 1017 4838 κληθεῖεν
1072 4774 1118 4829 oi
1202 4770 1568 4852 συνσφθέντες,
1647 4773 1733 4829 καὶ
1803 4773 1906 4852 οὐχ

244 4863 499 4941 ὁμόζυγοι
533 4880 549 4898 ⁶
614 4862 703 4918 καὶ
760 4859 948 4941 ἐφεξῆς
1019 4858 1503 4931 ἐπακολουθήσουσι
1558 4860 1695 4918 κατὰ
1746 4882 1904 4941 μυρι-

243 4953 460 5030 άριθμα,
531 4950 631 5018 τὴν
691 4950 911 5006 ἀτοπίαν
998 4956 1090 5007 τοῦ
1142 4950 1451 5024 ζητήματος
1512 4948 1902 5027 μεγαλύνοντα,

242 5040 654 5098 Ἀκουσάτωσαν
709 5042 820 5112 οὖν,
894 5040 966 5103 ὡς
1024 5039 1301 5119 προτάσεις
1359 5036 1572 5114 ψευδεῖς
1630 5039 1745 5095 οὔτε
1820 5037 1905 5096 διὰ

242 5129 617 5209 συλλογισμῶν
699 5127 952 5198 ἀλήθειαν
1026 5128 1485 5205 συμπεραίνουσιν,
1569 5125 1686 5183 οὔτε
1774 5129 1904 5208 πρὸς

237 5222 301 5276 τὸ
333 5217 583 5276 ἀδύνατον
650 5217 1008 5295 ἀπαγόμεναι,
1053 5222 1147 5274 τοῦ
1197 5215 1544 5292 ὑποκειμένου
1599 5217 1698 5284 τὴν
1755 5218 1907 5298 φύσιν

240 5308 603 5384 μετατιθείασιν
638 5324 654 5338 ⁸
716 5304 836 5364 ἀλλ’
898 5305 951 5372 ἐξ
1008 5304 1451 5384 ὁμολογουμένων
1507 5306 1595 5363 καὶ
1652 5304 1904 5363 ἀπλανῶν

240 5394 520 5455 ἀνατέλλει
590 5400 690 5464 τῆς
749 5394 997 5463 ἀληθείας
1053 5397 1081 5451 ὁ
1145 5391 1318 5463 ἥλιος.
1377 5394 1436 5452 Εἰ
1484 5394 1585 5472 γάρ
1637 5415 1717 5457 τις
1753 5394 1901 5452 εἴποι

1987 4135 2125 4197 dum
2186 4143 2596 4218 contractum,
2660 4155 2778 4218 quo
2837 4137 2914 4200 de
2970 4137 3187 4218 agitur.
3265 4140 3643 4207 Disseramus

1986 4223 2188 4306 igitur,
2222 4231 2279 4287 et
2308 4225 2479 4307 quasi
2511 4234 2853 4308 repetamus
2880 4225 2953 4288 ab
2983 4227 3113 4309 ipso
3142 4227 3338 4311 apice,
3379 4248 3516 4313 qua)
3542 4231 3642 4296 di-

1921 4360 1961 4411 c
1987 4313 2178 4411 cenda
2206 4314 2471 4411 veniunt.

2064 4402 2246 4465 Aiunt
2300 4402 2544 4491 quidam
2594 4422 2800 4468 vocem
2864 4405 3145 4485 Domini,
3209 4428 3325 4491 qua
3381 4409 3637 4490 dicitur,

1987 4490 2172 4554 Erunt
2198 4490 2484 4573 conjuges
2510 4510 2625 4555 una
2666 4511 2830 4571 caro,
2867 4515 2986 4558 non
3016 4497 3092 4561 de
3120 4490 3439 4562 identitate
3471 4501 3635 4565 acci-

1987 4582 2411 4664 piendam,sed
2444 4581 2521 4644 de
2547 4600 2753 4645 amore
2782 4602 2850 4646 ac
2883 4586 3447 4670 consensu.Quippe
3468 4590 3530 4651 ni
3551 4591 3641 4655 sic

1986 4673 2292 4735 oraculum
2344 4670 2721 4734 Dominicum
2755 4673 3122 4743 intellectum
3152 4677 3349 4754 fuerit,
3380 4679 3643 4760 copulati

1990 4760 2266 4841 conjugio
2297 4761 2541 4824 vocandi
2587 4771 2787 4825 essent
2831 4763 3045 4829 fratres
3097 4784 3167 4829 ac
3223 4784 3484 4844 sorores,
3518 4788 3641 4833 non

1988 4869 2096 4913 con
2098 4852 2291 4930 juges:
2309 4868 2375 4912 ac
2408 4849 2699 4933 deinceps
2718 4872 2954 4936 quoque
2982 4864 3378 4937 sequerentur
3405 4857 3642 4924 infinita

1989 4939 2741 5021 incommoda,quzestionis
2762 4942 3196 5010 absurditatem
3215 4946 3502 5027 majorem
3514 4948 3642 5012 efﬁ-

1988 5028 2224 5093 cientia.
2259 5028 2517 5092 Audiant
2546 5032 2712 5111 ergo,
2747 5033 3186 5114 propositiones
3222 5034 3402 5099 falsas
3444 5055 3639 5120 neque

1990 5140 2097 5204 per
2152 5120 2521 5202 syllogismos
2575 5123 2880 5186 veritatem
2939 5126 3326 5205 concludere,
3355 5145 3555 5211 neque
3586 5130 3639 5193 si

1987 5211 2360 5274 deducantur
2385 5211 2459 5274 ad
2487 5212 2883 5295 impossibile,
2916 5214 3177 5297 subjecti
3206 5225 3479 5281 naturam
3509 5236 3639 5282 mu-

1990 5310 2114 5364 tare
2140 5324 2154 5361 :
2184 5302 2291 5364 sed
2328 5321 2397 5363 ex
2431 5301 2716 5366 confessis
2746 5310 2804 5366 et
2837 5323 3043 5370 errore
3074 5306 3420 5375 carentibus
3447 5309 3635 5373 solem

1984 5391 2248 5459 veritatis
2278 5391 2444 5456 oriri.
2496 5391 2644 5456 Nam
2684 5393 2853 5457 verbi
2883 5394 3091 5479 gratia,
3125 5396 3177 5460 si
3206 5397 3340 5479 quis
3387 5398 3631 5476 dixerit,

1566 5550 1821 5615 VARUE
1866 5546 2303 5625 LECTIONES.

300 5691 744 5784 ,ξεὲγχωρητέκ
