4120 6446
464 384 619 450 1203

1852 387 1984 450 JUS
2032 386 2484 451 CANONIGUM

3721 385 3747 446 1
3761 380 3875 448 204

466 514 675 578 Omnis
720 514 871 595 lapis
923 514 1122 602 anima
1169 515 1453 596 praditus
1503 524 1593 577 est
1630 538 1640 574 :
1677 533 1746 578 ac
1797 534 2005 578 rursus
2055 536 2123 580 ex

2211 521 2403 601 τυχὸν,
2440 527 2548 586 Πᾶς
2592 522 2732 586 λίθος
2764 521 3008 602 ἔμψυχός
3054 523 3189 601 ἐστι,
3263 524 3351 579 καὶ
3413 523 3694 600 ἑτέρωθεν,
3733 525 3877 574 Πᾶσα

467 602 655 666 altera
686 612 877 684 parte,
911 601 1120 667 Omnis
1151 603 1502 684 smaragdus
1529 612 1617 666 est
1645 604 1794 685 lapis
1829 625 1842 665 :
1879 615 1939 667 et
1977 627 2124 669 con-

476 692 919 768 cludat,0mnis
947 711 1089 773 erga
1119 693 1268 775 lapis
1292 693 1638 771 smaragdus
1663 700 1749 754 est
1767 693 1964 756 anima
1984 715 2130 776 pra-

469 781 628 844 ditus
888 782 1151 862 colliget,
1205 789 1659 863 extremumque
1713 785 2122 848 mendacium.

467 869 638 935 Unde
686 872 773 947 ﬁt,
822 878 885 933 ut
931 873 1034 953 qui
1088 871 1234 934 dicit
1292 889 1399 953 per
1457 871 1824 934 matrimonii
1875 874 2126 955 copula-

465 960 690 1023 tionem
724 978 859 1023 esse
887 960 1100 1024 factam
1149 979 1538 1042 personarum
1593 961 2032 1038 confusionem,
2071 971 2126 1025 et

462 1049 801 1130 conjugium
852 1068 984 1112 esse
1035 1058 1488 1112 transmutatum
1540 1049 1602 1112 in
1662 1051 2122 1134 fraternitatem,

462 1148 637 1222 atque
683 1139 762 1201 ita
809 1139 962 1202 forte
1005 1138 1432 1203 absurditatem
1481 1139 1827 1210 concludit;
1877 1161 2123 1223 compe-

467 1229 605 1291 dem
652 1229 890 1309 lingua,
934 1247 1054 1291 non
1103 1231 1414 1291 veritatem
1477 1229 1739 1309 colligat.
1792 1229 1962 1303 Quod
1990 1249 2125 1294 cum

463 1318 541 1380 ita
575 1317 674 1400 sit,
702 1335 956 1398 cumque
987 1326 1120 1399 post
1143 1317 1632 1398 conjunctionem
1665 1337 1842 1380 sexus
1873 1333 2127 1402 uterque

465 1414 701 1470 maneat
758 1406 1011 1488 integer,
1071 1425 1246 1468 nemo
1304 1414 1420 1468 tam
1481 1407 1557 1468 sit
1603 1407 1814 1482 audax,
1869 1415 1931 1469 ut
1963 1409 2126 1490 ipsos

468 1497 752 1575 conjuges
782 1495 1042 1577 appellet
1069 1495 1391 1576 fratres,ad
1424 1497 1960 1577 reprehensionem
1983 1498 2122 1560 dicti

465 1584 677 1660 divini,
733 1586 902 1665 cujus
950 1584 1130 1647 verba
1171 1594 1307 1646 sunt
1361 1605 1373 1647 :
1427 1584 1499 1646 Et
1546 1587 1830 1666 conjuges
1861 1586 1973 1667 ipsi
2005 1606 2123 1649 non

456 1675 717 1755 amplius
751 1682 926 1737 erunt
968 1675 1109 1749 duo,
1145 1675 1250 1736 sed
1285 1693 1458 1736 unus.
1493 1673 1725 1756 Quippe
1757 1676 1912 1737 sicut
1952 1676 2120 1739 olea-

2209 609 2511 689 σμάραγδος
2561 610 2700 676 λίθος
2773 611 2883 669 ἐστι
2917 631 2930 643 ·
3005 613 3092 668 καὶ
3158 625 3506 692 συμπερανεῒ,
3598 616 3713 671 Πᾶς
3785 607 3877 687 ἀρα

2209 696 2352 761 λιθος
2413 698 2714 779 σμάραγδος
2794 699 3038 783 ἔμψυχός
3117 700 3486 783 ἐστι,....,ψιν
3571 697 3872 774 συναγάγῃ,

2207 785 2295 842 καὶ
2365 773 2554 862 ψεῦδος
2605 773 2890 870 έσχατονξ
2941 773 3132 846 ’ἭΟθεν
3183 773 3269 846 κκὶ
3338 790 3366 846 ὀ
3410 773 3582 866 λέγων
3639 773 3876 863 γενέσθαι

2209 873 2293 930 διὰ
2336 881 2436 942 τῆς
2499 879 2778 956 συναφείας
2850 881 2954 935 τῶν
3014 877 3356 936 ὕποστάσεων
3429 877 3530 945 τὴν
3591 876 3874 953 σύγχυσιν,

2207 965 2294 1020 καὶ
2349 966 2449 1032 τὴν
2506 968 2790 1046 ὁμοζυγίαν
2861 971 3408 1047 μεταστοιχειωθῆναι
3455 967 3588 1045 πρὸς
3665 962 3878 1044 ἀδελφό-

2207 1075 2367 1125 τητα,
2407 1056 2493 1114 καὶ
2523 1055 2660 1113 οὕτω
2692 1057 3056 1136 συμπεραίνων
3111 1057 3256 1136 τάχα
3309 1057 3370 1112 τὸ
3424 1054 3652 1134 ἄτοπον,
3699 1052 3878 1131 γλωτ-

2208 1141 2435 1210 τοπέδην
2480 1146 2798 1225 συνήγαγεν,
2848 1148 2944 1203 οὒκ
2997 1146 3271 1216 ἀλήθειαν,
3327 1145 3524 1203 Τούτου
3601 1141 3659 1199 δὲ
3718 1141 3879 1205 οὕτως

2207 1230 2455 1312 ἔχοντος,
2514 1234 2602 1291 καὶ
2661 1241 2766 1292 τῶν
2823 1241 2992 1312 γενῶν
3045 1234 3360 1309 σωζομένων
3415 1233 3688 1313 ἑκατέρων
3745 1230 3880 1307 μετά

2207 1320 2306 1388 την
2365 1319 2576 1402 ἕνωσιν,
2639 1323 2716 1399 μὴ
2775 1322 3072 1399 τολμητέον
3105 1321 3358 1403 ἀδελφοὺς
3401 1323 3523 1386 τοὺς
3583 1320 3878 1398 δμοζύγους

2209 1410 2378 1466 εἰπεῖν
2429 1412 2503 1475 εἷς
2560 1411 2944 1489 ἐπιστομισμὸν
3001 1415 3095 1470 τοῦ
3137 1412 3376 1490 ῥήματος
3416 1420 3509 1470 τοῦ
3568 1409 3729 1486 Θεοῦ,
3792 1411 3882 1464 τοῦ

2208 1500 2468 1562 εἰπόντος,
2505 1502 2602 1558 Καὶ
2650 1501 2824 1558 οὒκέτι
2867 1501 3075 1558 ἔσονται
3136 1503 3183 1558 οἱ
3239 1500 3496 1580 ὁμόζυγες
3553 1498 3669 1578 δύο,
3747 1495 3883 1553 ἀλλά

2208 1592 2312 1652 εἷς.
2375 1586 2470 1652 ἐὶς
2503 1590 2602 1670 γὰρ
2633 1590 2690 1646 οὗ
2749 1590 2960 1669 λέγεται
3015 1592 3077 1647 τὸ
3133 1588 3435 1668 ἀγριέλαιου
3507 1585 3877 1660 καλλιέλαιον,

2205 1675 2286 1733 ὅτι
2337 1676 2529 1741 κλάδος
2607 1681 2766 1738 αὒτοῦ
2834 1681 2968 1756 μετά
3039 1678 3376 1735 καλλιελαίου
3435 1677 3877 1755 μετεμοσχεύθη,

463 1769 590 1824 ster
645 1770 960 1842 propterea
1013 1780 1131 1823 non
1189 1761 1409 1826 dicitur
1465 1762 1642 1837 oliva,
1706 1763 1866 1844 quod
1923 1782 2122 1825 ramus

2211 1765 2370 1831 οὕτως
2429 1766 2542 1824 οὖδέ
2603 1767 2804 1848 πατέρα
2870 1769 2967 1836 τῆς
3027 1769 3192 1848 κόρης
3250 1769 3341 1824 τὸν
3397 1769 3596 1834 ταύτης
3629 1765 3880 1840 εἴποιμεν

464 1852 595 1930 ejus
642 1850 705 1912 in
753 1850 965 1913 olivam
1021 1850 1342 1914 translatus
1389 1852 1511 1914 sit:
1550 1852 1636 1914 sic
1671 1871 1865 1934 neque
1898 1863 2120 1935 patrem

2211 1857 2472 1936 πενθερόν.
2525 1859 2720 1915 Τούτου
2779 1857 2833 1914 δὲ
2907 1859 3282 1938 στηριχθέντος

468 1939 705 2021 puella,
737 1958 1011 2002 socerum
1073 1941 1287 2019 puella
1357 1940 1736 2018 vocabimus,
1795 1941 1922 2015 Quo
1983 1961 2124 2006 sane

467 2028 726 2090 stabilito
785 2047 892 2110 per
945 2029 1527 2092 demonstrationem
1584 2039 1846 2106 certam,
1910 2041 1969 2094 et
2027 2033 2121 2094 cui

2211 2032 2476 2108 καλεῖσθαι
2539 2037 2754 2116 θάτερον
2807 2035 2858 2102 ἐξ

463 2116 791 2180 contradici
835 2126 1116 2200 nequeat,
1154 2127 1358 2182 nostra
1389 2118 1631 2200 quidem
1674 2120 1978 2200 opinione,
2009 2140 2121 2184 ne-

460 2225 578 2288 que
609 2207 809 2269 vocari
854 2206 1054 2270 licebit
1103 2208 1454 2270 alterutrum
1509 2227 1714 2271 eorum
1770 2210 1841 2272 ad
1877 2229 2121 2274 succes-

465 2296 698 2359 sionem
729 2296 1016 2379 defuncti,
1056 2298 1143 2359 vel
1190 2298 1440 2378 alicujus
1485 2298 1596 2377 ipsi
1641 2299 1928 2379 sanguine
1980 2319 2122 2380 pro-

467 2389 824 2471 pinquorum
860 2389 998 2471 (quo
1030 2389 1185 2451 enim
1221 2390 1280 2451 id
1302 2390 1516 2468 pacto?
1547 2411 1681 2453 cum
1717 2392 2125 2472 possessiones

466 2478 762 2559 accipiant
793 2479 856 2554 ii,
884 2478 1101 2560 quibus
1131 2478 1260 2560 lege
1292 2479 1664 2560 deferuntur)
1690 2499 1883 2562 neque
1911 2499 2124 2564 repre-

468 2566 653 2630 hendi
716 2569 957 2648 poterit,
1013 2577 1111 2629 aut
1158 2568 1622 2630 abominandum
1682 2569 1820 2651 erit,
1883 2570 1931 2631 si
1991 2571 2125 2652 quis

471 2657 670 2731 dicat,
751 2655 966 2719 iisdem
1037 2657 1258 2719 ﬁnihus
1333 2658 1748 2720 circumscribi
1822 2668 2125 2723 contracta

471 2755 529 2809 et
579 2745 866 2807 afﬁnitate
919 2754 979 2809 et
1021 2765 1089 2808 ex
1155 2747 1511 2825 cognatione
1569 2748 1974 2813 matrimonia.
2025 2750 2124 2812 Sic

473 2834 634 2897 enim
676 2833 1001 2896 canonibus
1047 2842 1136 2896 est
1187 2843 1492 2899 statutum.
1547 2835 1716 2909 Quod
1768 2846 1963 2900 autem
2017 2859 2123 2917 pa-

474 2931 640 2984 truus
671 2929 728 2983 et
759 2922 959 2986 fratris
1011 2923 1192 2999 ﬁlius,
1246 2942 1379 2986 cum
1437 2923 1616 2985 amita
1669 2934 1727 2988 et
1778 2927 1977 2989 fratris
2007 2928 2128 2989 ﬁlia

471 3011 855 3091 copulentur,
920 3031 1040 3074 non
1097 3022 1208 3089 est,
1271 3023 1337 3076 ut
1392 3013 1574 3094 aliqui
1634 3015 1975 3097 perhibent,
2023 3035 2129 3098 per

472 3101 971 3164 consuetudinem
1002 3121 1121 3163 non
1141 3101 1422 3183 scriptam
1455 3102 1978 3186 introductum,vel
2002 3106 2130 3167 sine
2151 3099 2189 3148 ο

473 3189 794 3252 traditione
843 3209 950 3272 per
988 3198 1205 3253 statum
1259 3191 1730 3254 ecclesiasticum
1777 3194 2122 3258 invectum:

471 3281 576 3344 sed
627 3280 942 3344 clarissimi
994 3283 1304 3364 principis,
1341 3283 1564 3344 domini
1618 3285 2131 3348 AlexiiComneni

471 3388 702 3433 sacrum
733 3371 1020 3446 edictum,
1049 3373 1344 3452 prolatum
1377 3373 1449 3436 ad
1486 3375 1933 3454 suggestionem
1976 3376 2126 3438 Bar-

474 3458 565 3521 da
595 3459 926 3540 cujusdam,
981 3460 1082 3542 qui
1129 3463 1329 3524 Xerus
1374 3463 1810 3544 appellabatur,
1849 3472 1907 3524 et
1953 3482 2125 3528 rece-

472 3558 635 3631 ptum
665 3557 780 3611 tam
805 3550 866 3612 in
896 3550 1245 3632 republica,
1279 3570 1456 3633 quam
1509 3553 1571 3614 in
1601 3553 1993 3616 ecclesiarum
2027 3573 2126 3616 ar-

471 3639 642 3701 chiva
672 3647 730 3702 et
760 3638 1020 3717 codices,
1067 3641 1370 3721 ejusmodi
1418 3641 1656 3722 nuptias
1697 3641 1922 3705 liberas
1965 3642 2127 3716 fecit,

470 3746 579 3810 pro
611 3747 681 3790 ea
711 3735 1056 3811 protestate,
1094 3749 1227 3809 qua
1258 3729 1489 3793 caelitus
1530 3739 1620 3793 est
1669 3732 2131 3814 imperatoribus

471 3817 625 3880 data.
662 3820 794 3882 Non
825 3817 1004 3899 igitur
1032 3827 1352 3882 accuratus
1379 3819 1662 3883 Ecclesia
1692 3830 1881 3884 slatus
1902 3822 2132 3883 calum-

469 3906 728 3970 niandus
775 3916 885 3971 est.
941 3909 1091 3972 Nam
1143 3909 1525 3971 matrimonia
1579 3929 1646 3972 ex
1698 3911 2010 3991 afﬁnitate,
2058 3912 2129 3973 ad

470 4005 698 4059 sextum
751 4017 940 4080 usque
990 3998 1237 4078 gradum
1288 4006 1346 4060 et
1396 4001 1737 4063 coarctabat
1775 4019 2036 4081 semper,
2074 4009 2134 4062 et

466 4085 663 4148 adhuc
707 4087 1064 4167 constringit
1108 4087 1261 4150 sicut
1305 4089 1483 4150 etiam
1522 4089 1900 4151 matrimonia
1925 4108 1991 4150 ex
2024 4109 2130 4151 co-

477 4176 754 4256 gnatione
804 4194 817 4238 :
872 4177 934 4238 in
984 4195 1100 4257 quo
1152 4185 1272 4239 tam
1313 4175 1549 4256 legum,
1605 4197 1780 4260 quam
1833 4197 2126 4240 canonum

478 4271 700 4327 statuta
754 4265 1055 4346 sequitur,
1122 4273 1179 4327 et
1250 4275 1475 4326 tomum
1536 4266 1697 4328 illius
1772 4266 2130 4329 sanctissimi

481 4353 864 4436 patriarcha,
900 4353 1127 4415 domini
1159 4354 1431 4418 Sisinnii.
1478 4355 1646 4430 Quod
1681 4356 1841 4418 enim
1883 4357 1957 4418 ad
2000 4357 2130 4436 ejus

3371 1855 3422 1922 ἐξ
3493 1856 3555 1912 ἀν
3563 1853 3880 1933 αντιρῤήτου

2204 1947 2291 2002 καὶ
2348 1944 2614 2026 ἀσφαλοῦς
2699 1945 3037 2022 ἀποδείξεως,
3123 1949 3196 2010 ὡς
3283 1947 3523 2022 οἰόμεθα,
3610 1943 3732 2003 οὔτε
3817 1945 3874 1999 τὸ

2940 2038 3111 2093 αὐτῶν
3170 2038 3243 2100 εἰς
3320 2036 3421 2102 τὴν
3515 2033 3878 2114 κληρονομίαν

2205 2133 2298 2183 τοῦ
2351 2123 2784 2201 τελευτήσαντος,
2844 2127 2880 2195 ἣ
2934 2127 3076 2190 τινὸς
3130 2130 3235 2181 τῶν
3304 2121 3357 2189 ἐξ
3429 2123 3667 2200 α’ίματος
3740 2126 3877 2195 αὒτῷ

2206 2221 2509 2293 προσγενῶν
2567 2214 3084 2294 παῤῥησιασθήσεται
3157 2214 3294 2293 (πῶς
3367 2213 3518 2293 γάρς
3598 2210 3877 2290 μροσλαμ-

2207 2299 2472 2360 ϐανόντων
2528 2310 2634 2361 τῶν
2678 2304 3027 2380 κτησαμένων
3084 2301 3145 2359 ἐκ
3201 2303 3365 2378 νόμου
3437 2303 3531 2366 τὰς
3624 2300 3874 2358 διακατο·

2207 2390 2364 2471 χὰς),
2427 2393 2542 2449 οὔτε
2599 2393 2870 2470 μεμπτέον
2927 2392 3077 2450 ἔσται
3135 2393 3222 2449 καὶ
3292 2391 3656 2471 ἀποτρόπαιον
3687 2393 3748 2447 τὸ
3780 2389 3872 2446 λέ-

2205 2503 2339 2559 γειν,
2375 2495 2494 2545 τοῖς
2539 2483 2731 2548 αὖτοτς
2762 2481 2902 2564 ὅροις
2949 2479 3318 2540 συστέλλεσθαι
3359 2480 3427 2537 τὶ
3482 2479 3533 2546 ἐξ
3563 2481 3872 2560 ἀγχιστείας

2206 2571 2293 2625 καὶ
2334 2571 2400 2626 τὰ
2443 2569 2494 2637 ἐξ
2552 2571 2784 2647 α’ίματος
2843 2569 3282 2650 συναλλάγματα,
3327 2568 3477 2628 Οὕτω
3547 2571 3650 2649 γὰρ
3720 2589 3865 2626 κεκα-

2208 2659 2462 2722 νόνισται.
2511 2663 2582 2719 Τὸ
2613 2659 2666 2717 δὲ
2710 2661 3066 2718 συνάπτεσθαι
3130 2663 3275 2716 θεῖον
3329 2660 3418 2715 καὶ
3474 2660 3695 2735 ἀνεψιὸν
3740 2657 3869 2734 μετά

2205 2751 2344 2814 θείας
2397 2752 2483 2808 καὶ
2537 2750 2779 2826 ἀνεψιᾶς,
2871 2752 2966 2808 οὒκ
3036 2749 3178 2806 ἔστιν
3255 2749 3350 2824 (ὥς
3425 2771 3563 2814 τινες
3635 2747 3870 2827 λέγουσι)

2207 2838 2479 2905 συνηθείας
2551 2839 2787 2920 ἀγράφου
2860 2839 3211 2919 παγκράτιον,
3295 2838 3330 2907 ἢ
3409 2839 3496 2894 καὶ
3546 2834 3876 2915 ἀπαραδότου

2210 2924 2658 2994 ἐκκλησιαπικῆς
2732 2929 3112 2991 καταστάσεως
3196 2928 3612 3007 τροπαιούχημα
3645 2944 3661 2962 ·
3747 2922 3876 2980 ἀλλά

2212 3014 2493 3094 πρόσταξις
2549 3018 2660 3074 θεία
2715 3018 2806 3074 τοῦ
2841 3015 3084 3092 ἀοιδίμου
3151 3014 3435 3096 βασιλέως,
3488 3015 3650 3093 κυροῦ
3687 3011 3874 3071 Ἀλλε-

2215 3104 2319 3171 ξίου
2361 3106 2454 3162 τοῦ
2497 3117 2803 3185 Κομνηνοῦ,
2855 3106 3200 3188 ἐξενεχθεῖσα
3243 3104 3326 3163 ἐπὶ
3379 3104 3681 3181 ὑπομνήσει
3715 3099 3877 3181 Βάρδα

2212 3195 2354 3258 τινὸς
2412 3193 2700 3274 λεγομένου
2757 3200 2967 3275 Ξηροῦ,
3013 3196 3111 3252 καὶ
3171 3193 3563 3274 ἐπιγνωσθεῒσα
3618 3206 3738 3256 τοῖς
3782 3189 3876 3256 δη-

2214 3296 2495 3358 μοσιακοτς
2543 3286 2641 3340 καὶ
2709 3283 3177 3352 ἐκκλησιαστικοϊς
3235 3283 3472 3363 ἀρχείοις
3533 3285 3626 3339 καὶ
3680 3279 3874 3358 κώὸιξι,

2210 3373 2303 3428 τὸν
2346 3378 2581 3429 τοιοῦτον
2629 3373 2802 3451 γάμον
2832 3371 3060 3429 ἀπέλυσε
3114 3373 3249 3429 κατὰ
3302 3378 3402 3439 τὴν
3445 3369 3736 3448 δεδομένην
3765 3381 3876 3429 τοῖς

2211 3459 2512 3539 βασιλεῦσιν
2572 3458 2752 3518 ἅνοθεν
2837 3464 3123 3541 κυριότητα
3159 3480 3175 3497 ⁸
3249 3461 3328 3537 μή
3401 3461 3570 3518 τοίνυν
3629 3481 3879 3538 συκοφαν-

2212 3552 2401 3619 τητέον
2471 3551 2570 3620 τήν
2622 3549 2817 3631 ἀκριϐῆ
2865 3557 2964 3620 τῆς
3017 3549 3341 3619 Ἐκκλησίας
3396 3550 3749 3612 κατάστασιν.
3808 3547 3880 3604 Τὰ

2215 3642 2314 3721 γὰρ
2360 3638 2412 3706 ἐξ
2467 3640 2781 3720 ἀγχιστείας
2847 3639 3284 3720 συναλλάγματα,
3360 3637 3522 3719 μέχρι
3577 3646 3674 3696 τοῦ
3732 3637 3878 3693 ἕκτου

2213 3732 2414 3806 βαθμοῦ
2480 3731 2568 3786 καὶ
2625 3733 2808 3810 αὐτοῦ,
2873 3732 2964 3786 καὶ
3047 3728 3393 3809 ἐστενοχώρει
3464 3728 3718 3801 πάντοτε,
3793 3725 3877 3780 καὶ

2217 3819 2568 3900 στενοχώρει,
2602 3819 2774 3882 καθώς
2807 3841 2906 3876 που
2963 3819 3058 3876 καί
3117 3820 3182 3876 τά
3224 3819 3277 3885 ἒξ
3321 3817 3575 3895 α’ῖματος,
3639 3813 3873 3891 ἑπομένη

2215 3923 2458 3986 νομικοῖς
2510 3913 2597 3966 καὶ
2661 3923 2964 3976 κανονικοϊς
3035 3908 3376 3988 διατάγμασι,
3447 3911 3535 3966 καὶ
3591 3917 3672 3984 τῷ
3728 3908 3876 3980 τόμνρ

2211 4006 2304 4056 τοῦ
2359 4000 2653 4079 ἀγιωτάτου
2702 3999 2899 4056 ἐκείνου
2957 4001 3314 4080 πατριάρχου,
3387 4001 3551 4072 κυροῦ
3621 3997 3872 4055 Σισινίον.

2213 4091 2284 4147 Τὸ
2309 4089 2408 4169 γὰρ
2456 4089 2539 4146 ἐπ’
2587 4090 2860 4169 ἀνατροπῇ
2894 4091 3078 4148 τούτου
3110 4088 3362 4168 διορισθὶν
3422 4089 3571 4168 παρὰ
3597 4085 3876 4166 βασιλικῆς

2211 4179 2349 4244 θείας
2383 4177 2822 4257 μεγαλειότητος,
2875 4181 2946 4242 εἷς
2996 4177 3148 4258 ἔργον
3205 4178 3375 4235 ἐλθεῖν
3408 4181 3435 4235 ὅ
3465 4175 3664 4242 δίκαιος
3695 4174 3872 4254 κριτὴς

2213 4273 2307 4327 οὐκ
2347 4265 2660 4341 ηὗδόκῆσεν,
2695 4269 2769 4330 ὡς
2805 4267 3013 4324 οἴδασιν
3049 4270 3094 4324 οἱ
3153 4267 3510 4344 μεμυημένοι,
3559 4269 3650 4324 καὶ
3690 4268 3749 4324 0")
3777 4283 3874 4319 πε-

2214 4355 2514 4424 πλάνηνται
2524 4406 2538 4421 .

473 4443 846 4505 eversionem
881 4441 953 4505 ab
985 4442 1372 4522 imperatoria
1399 4463 1572 4507 sacra
1607 4445 1915 4526 majestate
1948 4442 2383 4527 promulgatum
2416 4445 2547 4528 fuit,
2581 4455 2646 4508 ut
2672 4447 2734 4508 in
2767 4448 3042 4510 eﬁ‘ectum
3094 4443 3521 4519 deduceretur,
3548 4444 3745 4525 justus
3778 4439 3872 4501 ille

464 4531 655 4612 judex
687 4532 936 4594 minime
961 4532 1183 4596 voluit:
1221 4534 1727 4614 quemadmodum
1758 4543 1977 4596 norunt
2006 4531 2250 4610 initiati,
2283 4551 2396 4596 nec
2425 4533 2486 4596 in
2518 4554 2726 4600 errore
2754 4542 3086 4599 versantur.

550 4621 752 4704 Atqui,
787 4621 1029 4703 subjicit
1063 4622 1461 4699 adversarius,
1498 4643 1572 4686 ne
1603 4624 1657 4686 id
1691 4623 2127 4706 quidem,quod

2299 4628 2418 4699 Ναὶ»
2451 4629 2636 4707 φησὶν,
2664 4626 2784 4684 ἀλλ’
2845 4625 2960 4684 οὖδέ
3014 4627 3074 4681 τὸ
3122 4626 3392 4705 ’σύγχυσιν
3449 4625 3537 4680 καὶ
3587 4621 3868 4702 ἀπρέπειαν

470 4711 745 4777 confusio
797 4720 856 4773 et
900 4712 1168 4775 dedecus
1223 4712 1536 4774 nominum
1592 4713 2027 4786 introducatur,
2062 4713 2137 4773 ob

465 4801 768 4881 graduum
803 4801 1342 4878 necessitudinem,
1375 4801 1697 4881 quominus
1739 4802 1946 4885 prima
1987 4821 2136 4863 con-

457 4891 622 4971 jugis
654 4908 779 4952 sua
810 4891 1120 4952 sobrinam
1173 4891 1355 4954 ducat
1403 4891 1770 4967 Demetrius,
1826 4891 2132 4972 impediet.

465 4981 590 5041 Hoc
642 4981 801 5042 enim
845 4981 965 5042 illis
1017 4981 1197 5043 etiam
1252 4980 1544 5061 sanguine
1597 4981 1958 5062 propinquis
1987 4998 2134 5042 usu-

465 5069 650 5149 venit,
683 5088 816 5131 cum
853 5069 1011 5131 inter
1040 5089 1104 5133 se
1135 5071 1517 5154 copulantur,
1555 5070 1658 5151 qui
1697 5069 1786 5133 vel
1835 5077 2038 5131 octavo
2071 5088 2135 5132 se

467 5157 654 5237 gradu
685 5159 1059 5238 contingunt,
1099 5159 1240 5223 dum
1289 5161 1574 5241 conjuges
1622 5159 1852 5238 absque
1901 5159 2133 5237 pudore

469 5265 770 5322 vocamus,
805 5267 956 5330 quos
987 5257 1200 5312 natura
1223 5249 1605 5312 sobrinorum
1642 5249 1796 5310 ﬁlios
1835 5249 2126 5329 agnoscit,

481 5353 814 5417 eorumque
858 5336 1082 5400 liberos
1126 5357 1232 5420 pro
1282 5338 1568 5400 tratribus
1598 5338 1895 5413 ducimus,
1930 5356 2062 5399 cum
2111 5359 2146 5401 a

471 5430 681 5486 natura
711 5423 828 5486 sint
851 5437 1268 5506 prognatorum
1295 5446 1364 5490 ex
1389 5427 1650 5490 sobrinis
1677 5427 1806 5490 ﬁlii.
1833 5429 1956 5488 Cur
1993 5443 2140 5507 ergo

468 5529 684 5575 novum
737 5519 797 5574 et
843 5512 1110 5576 insolens
1140 5516 1237 5593 sit,
1285 5516 1445 5578 idem
1494 5517 1608 5577 hoc
1667 5515 1841 5577 etiam
1875 5515 1935 5576 in
1970 5533 2130 5597 pra-

461 5601 622 5665 senti
673 5602 989 5682 quastione
1037 5605 1156 5667 dici
1217 5613 1393 5688 atque
1443 5603 1623 5667 ﬁeri?
1687 5603 1802 5667 Sed
1859 5605 2126 5681 audiant,

459 5690 564 5772 qui
608 5691 735 5752 hac
775 5689 853 5752 ita
899 5693 1205 5773 colligunt,
1260 5694 1444 5776 quod,
1486 5692 1999 5776 quemadmodu‘n
2033 5708 2126 5767 ea,

2220 4715 2495 4790 ὀνομάτων
2539 4716 2835 4794 εἰσάγεσθαι
2887 4713 2970 4772 διὰ
3025 4715 3124 4781 τὴν
3179 4720 3283 4769 τῶν
3342 4715 3559 4790 βαθμῶν
3611 4712 3863 4776 ἰδιότητα,

2219 4801 2488 4879 ἐμποδίσει
2544 4803 2729 4861 λαϐεῖν
2795 4807 2887 4860 τὸν
2969 4805 3276 4882 Δημήτριον
3333 4804 3431 4871 τὴν
3503 4797 3866 4877 δισεξαδέλφτιν

2218 4892 2316 4960 τῆς
2399 4893 2656 4973 προτέρας
2711 4895 2870 4950 αὖτου
2941 4893 3210 4970 γυναιγός,
3277 4899 3444 4950 τοῦτο
3502 4893 3602 4971 γὰρ
3657 4890 3744 4947 καὶ
3797 4885 3864 4943 εἷς

2217 4983 2337 5045 τοὺς
2364 4982 2783 5059 συναπτομένουξ
2833 4981 2886 5049 ἒξ
2931 4983 3162 5058 α”μκτος
3213 4995 3490 5060 συγγενεῖς
3550 4982 3638 5036 καὶ
3693 4973 3865 5054 ὀγδόου

2217 5071 2370 5135 ὄντας
2439 5074 2640 5149 βαθμοῦ
2695 5069 3083 5152 θριαμϐεύεται,
3149 5069 3215 5126 δι’
3279 5073 3353 5125 ὧν
3418 5071 3701 5147 ὃμοζύγους
3771 5062 3861 5152 ἀν-

2219 5162 2560 5240 ερυθριάστως
2638 5162 3094 5239 κατονομάζομεν,
3171 5162 3259 5223 οὓς
3321 5162 3356 5228 ἡ
3435 5160 3586 5237 φύσις
3669 5147 3860 5240 τρφεξ-

2215 5236 2465 5330 α-δέλιρους
2520 5251 2791 5330 ἐγνώρισε,
2850 5251 2938 5306 καὶ
2981 5250 3101 5312 τοὺς
3161 5247 3354 5311 παῖδας
3415 5252 3588 5306 αὐτῶν
3617 5247 3689 5310 ὡς
3719 5236 3861 5330 ἀδελ-

2226 5325 2362 5419 φοὺς.
2423 5325 2768 5420 περιέπομεν,
2844 5335 3340 5418 τετταρεξαδέλφους
3419 5337 3572 5400 ὄντας
3648 5335 3705 5390 ἐκ
3768 5325 3856 5407 φύ-

2224 5449 2382 5493 σεως,
2417 5431 2477 5487 Τί
2505 5437 2630 5508 γοῦν
2661 5428 2770 5485 ἐστι
2823 5429 3006 5485 καινὸν
3061 5428 3158 5483 κάν
3203 5449 3279 5500 τῳ
3327 5426 3547 5506 παρόντι
3604 5421 3857 5496 ζητήματι

2223 5517 2498 5575 λαλεῖσθαι
2565 5526 2720 5576 τοῦτο
2775 5519 2862 5578 καὶ
2932 5518 3208 5595 γίνεσθαι;
3279 5513 3434 5572 Ἀλλ’
3500 5511 3857 5595 ἀκουσάτωσᾲν

2213 5609 2261 5663 οἱ
2312 5617 2476 5666 ταῦτα
2534 5608 2882 5686 συνείροντες,
2941 5593 3021 5661 ὅτι
3077 5593 3251 5668 καθὼς
3295 5605 3360 5661 τὰ
3412 5601 3666 5684 Γαδείρων
3722 5593 3856 5652 ἐντὸς

2212 5693 2538 5776 διακείμενα,
2611 5697 2699 5753 καὶ
2757 5692 3223 5775 ἀκριϐολογοῦνται
3291 5694 3379 5751 καὶ
3450 5691 3855 5772 ἀπογράφονται,
