4120 6448
315 353 336 417 1
349 353 469 420 205

306 492 370 546 τὰ
440 489 495 548 δέ
539 492 670 572 πέρα
741 493 999 576 Γαδείρων
1056 497 1114 553 οὗ
1169 496 1367 576 πέρατα
1425 498 1553 554 εἰσιν
1587 513 1600 527 ⁸

300 579 400 656 μὲν
455 579 602 646 ἐντὸς
643 592 736 643 τοῦ
788 583 942 645 ἕκτου
1009 585 1214 661 βαθμοῦ
1266 585 1518 664 γινόμενα
1585 585 1954 666 συναλλάγμα-

297 691 385 744 τα,
445 671 535 728 καὶ
597 668 682 729 διὰ
741 674 804 730 τὸ
875 673 1025 755 φύσει
1068 671 1268 730 δίκαιον
1324 674 1412 731 καὶ
1456 676 1711 756 εὐπρεπὲς
1780 698 1951 734 κατα-

296 760 556 839 κρίνονται
591 778 607 791 ·
656 763 724 820 τὰ
779 761 835 820 δὲ
904 764 1057 828 ἐκτὸς
1125 765 1294 821 αὐτῶν
1340 764 1784 844 μετεωριζόμεναι,
1831 764 1949 824 οὐδὲ

295 856 691 926 κατασπῶνται,
736 851 851 911 οὔδε
879 856 1235 934 κουφίζονται,
1272 849 1392 911 ἄνευ
1435 853 1598 931 μόνου
1643 862 1736 913 τοῦ
1778 853 1831 921 ἐξ
1860 855 1950 912 α’ἷ-

300 960 465 1014 ματος
495 936 719 1018 ἑϐδόμου
746 943 971 1020 βαθμοῦ.

382 1214 575 1266 Τοῦτον
630 1210 730 1290 γὰρ
786 1210 1058 1288 βασιλικὸς
1114 1213 1332 1289 ὁρισμὸς
1400 1214 1489 1270 καὶ
1539 1213 1702 1289 τόμος
1745 1210 1952 1271 συνοδι-

298 1296 392 1361 κὸς
451 1311 568 1362 τοῖς
631 1306 721 1357 τοῦ
761 1299 914 1358 ἕκτου
971 1301 1173 1377 βαθμοῦ
1226 1298 1625 1381 συναλλάγμασι
1668 1301 1949 1369 συνεξίσω-

301 1407 419 1446 σαν.
482 1385 630 1444 Ἐπεὶ
688 1388 776 1446 οὗν
829 1392 1023 1453 ίκανῶς
1079 1387 1390 1467 διελάϐομεν
1445 1391 1512 1451 τά
1551 1413 1659 1448 τισι
1688 1390 1949 1450 δικαιολο-

294 1476 527 1553 γούμενα
582 1480 700 1558 περὶ
768 1486 860 1536 τοῦ
916 1480 989 1543 είς
1047 1477 1139 1536 ἕνα
1196 1481 1396 1558 βαθμὸν
1467 1482 1589 1547 τοὺς
1659 1482 1946 1561 ὁμοζύγους

289 1563 597 1646 ἀνάγεσθαι,
641 1566 756 1625 εἴτε
784 1569 872 1625 καὶ
902 1569 979 1639 μή
1016 1587 1029 1600 ’
1092 1567 1226 1649 Φέρε
1277 1572 1367 1627 καὶ
1421 1572 1483 1628 τὸ
1525 1571 1664 1647 ἡμῖν
1692 1572 1948 1652 παριστά-

1645 358 2363 430 GR/ECO-ROMANUM.

1674 498 1812 556 οὕτω
1879 499 1945 556 τὰ
1964 508 2006 556 Α
2027 516 2158 580 quae
2187 497 2276 561 eis
2301 498 2497 562 Gades
2525 498 2640 561 sita
2659 506 2820 573 sunt,
2854 497 3132 562 accurate
3153 499 3298 562 seiri
3329 517 3399 562 ac
3421 496 3688 562 describi

3537 358 3690 427 1206

2032 599 2302 672 possunt,
2339 610 2472 654 cum
2501 610 2629 673 qua;
2658 590 2815 654 ultra
2844 591 3040 657 Gades
3069 592 3212 657 sunt
3239 595 3458 674 posita,
3491 609 3705 673 pene-'

2033 679 2174 742 trari
2210 687 2552 762 nequeant:
2587 679 2675 742 sic
2718 679 2896 743 etiam
2930 681 3331 759 matrimonia,
3367 699 3499 764 qum
3529 683 3684 743 intra

2030 776 2261 831 sextum
2319 768 2566 851 gradum
2625 769 3075 846 contrahuntur,
3129 771 3220 833 vel
3274 771 3405 853 ipsa
3452 769 3686 833 ratione

2036 857 2319 920 naturalis
2366 858 2661 941 aequitatis
2718 866 2779 922 et
2819 859 3057 923 honesti
3113 862 3515 924 damnentur:
3554 879 3686 941 quae

2035 954 2232 1009 autem
2260 956 2424 1012 extra
2453 948 2673 1028 gradus
2697 948 2882 1011 hosce
2907 949 3374 1030 suspenduntur,
3403 967 3514 1012 nec
3530 948 3682 1011 diri-

2036 1043 2293 1113 mantur,
2325 1054 2439 1098 nec
2494 1036 2859 1113 releventur,
2895 1046 3140 1120 excepto
3170 1038 3299 1102 solo
3330 1057 3400 1102 ex
3431 1036 3678 1118 sangui-

2035 1123 2130 1184 nis
2158 1123 2578 1205 conjunctione
2600 1124 2857 1206 septimo
2880 1131 3090 1205 gradu.

2112 1210 2261 1275 Nam
2282 1213 2451 1276 illum
2468 1222 2585 1274 tam
2619 1212 3003 1294 imperatoria
3033 1214 3467 1296 sanctio,quam
3487 1220 3683 1277 tomus

2032 1301 2355 1381 synodalis,
2380 1302 2533 1365 sexti
2564 1301 2785 1382 gradus
2807 1301 3203 1366 matrimoniis
3233 1302 3577 1385 exaequavit.
3609 1305 3685 1367 Et

2031 1390 2268 1471 quando
2290 1393 2416 1473 jam
2448 1391 2590 1453 satis
2612 1390 3011 1455 disseruimus
3028 1392 3103 1455 de
3141 1392 3378 1474 iis,qum
3408 1393 3682 1455 nonnulli

2029 1479 2219 1543 hacin
2240 1480 2568 1563 quaestione
2598 1480 3086 1560 allegant,sintne
3109 1481 3394 1562 conjuges
3406 1481 3478 1543 ad
3495 1499 3678 1543 unum

2028 1570 2328 1633 referendi
2359 1569 2631 1650 gradum,
2659 1589 2851 1633 necne
2886 1589 2900 1634 :
2933 1590 3042 1652 age
3076 1571 3449 1654 proferamus
3497 1571 3675 1634 etiam

291 1676 452 1730 μενον
507 1657 664 1737 χάριν
721 1664 814 1716 τοῦ
870 1658 1108 1719 τοιούτου
1162 1661 1495 1738 ζητήματος,
1567 1660 1831 1737 εἴπωμεν.
1892 1671 1932 1720 0

2040 1658 2285 1740 id,quod
2308 1660 2381 1723 de
2411 1659 2740 1741 quaestione
2769 1661 3068 1742 proposita
3098 1659 3269 1724 nobis
3300 1661 3375 1723 ad
3412 1662 3677 1724 animum

289 1747 762 1819 νενομοθετηκότες
816 1750 937 1830 περὶ
992 1747 1375 1830 κεκωλυμένων
1429 1751 1601 1830 γάμον
1661 1748 1941 1809 διδάσκον-

290 1855 377 1901 τες
405 1833 461 1891 ἐν
503 1834 690 1913 βιϐλίῳ
730 1826 846 1907 κη’,
891 1826 1053 1912 τίτλῳ
1109 1827 1177 1917 ε’,
1238 1840 1312 1902 εὶς
1355 1826 1454 1897 δύο.
1506 1826 1767 1919 διαιροῦσι
1821 1841 1942 1905 τοὺς

293 1939 570 2003 συγγενεῖς
608 1946 621 1959 ·
678 1929 752 1992 εἰς
808 1927 1050 1992 ἀνιόντας
1080 1929 1168 1985 καὶ
1197 1929 1501 2003 κατιόντας,
1546 1927 1747 1995 παῖδας
1778 1928 1946 1998 δηλα-

291 2010 357 2081 δὴ
400 2014 488 2071 καὶ
541 2028 742 2096 γονεῖς,
815 2016 903 2074 καὶ
958 2018 1031 2080 εἰς
1087 2018 1211 2081 τοὺς
1264 2016 1325 2074 ἐκ
1393 2017 1643 2096 πλαγίου,
1688 2017 1944 2101 ἀδελφούς

287 2125 427 2182 φημι
482 2106 569 2161 καὶ
610 2104 828 2170 λοιποὺς
882 2103 935 2172 ἐξ
1006 2106 1242 2182 α’ῗματος
1296 2121 1636 2187 προσγενεϊς.
1686 2111 1785 2168 Καὶ
1841 2117 1948 2173 τῶν

282 2190 381 2266 μὲν
437 2192 688 2251 ἀνιόντων
730 2195 819 2251 καὶ
876 2194 1191 2270 κατιόντων,
1256 2195 1355 2253 κᾶν
1400 2198 1610 2274 γνήσιοι
1660 2199 1782 2271 ὦσι,
1847 2199 1945 2259 κᾶν

281 2282 511 2362 φυσικοὶ,
555 2280 652 2338 κᾶν
705 2285 865 2354 θετοὶ,
911 2285 1034 2348 τοὺς
1103 2286 1308 2365 γάμους
1351 2285 1640 2346 κωλύουσιν
1683 2288 1758 2351 εἷς
1807 2289 1944 2346 ἀπέ-

280 2391 489 2447 ραντον.
563 2378 680 2429 Τῶν
735 2370 791 2428 δὲ
848 2371 900 2438 ἐξ
956 2373 1211 2454 α’ῗματος,
1267 2376 1459 2456 μέχρις
1511 2375 1664 2434 ἕκτου
1716 2378 1940 2453 βαθμοῦ.

283 2460 429 2516 Μετὰ
475 2459 656 2537 μέντοι
709 2463 772 2519 τὸ
828 2462 1223 2543 τεχνολογῆσαι
1279 2466 1346 2521 τα
1415 2467 1535 2543 περὶ
1574 2466 1796 2542 τούτων,
1855 2472 1944 2527 καὶ

280 2550 353 2612 εἷς
408 2547 530 2626 ὄψιν
600 2551 878 2631 προθέσθαι
949 2552 1048 2620 τὴν
1117 2560 1222 2611 τῶν
1291 2554 1508 2630 βαθμῶν
1565 2555 1775 2632 βαθείαν
1855 2551 1944 2613 καὶ

275 2636 657 2709 δῳδιεξίτητον
717 2639 1057 2710 ὑπουλότητα
1121 2640 1545 2723 (δυσχερεστάτη
1602 2644 1702 2725 γάρ
1785 2667 1938 2726 φησι,

280 2731 368 2787 καὶ
421 2732 515 2789 οὒκ
584 2730 984 2798 εὖκαταῖληπτος
1054 2733 1089 2800 ἡ
1159 2731 1221 2789 ἐκ
1276 2731 1502 2812 πλαγίου
1563 2739 1669 2790 τῶν
1727 2735 1943 2811 βαθμῶν

283 2819 426 2878 ἐστιν
480 2819 704 2898 εὕρεσις)
777 2820 1111 2898 προστιθέασι
1171 2821 1261 2877 καὶ
1310 2830 1475 2881 ταῦτα
1530 2822 1706 2899 ῥητῶς
1740 2842 1753 2856 ·
1831 2826 1943 2885 Εἰσὶ

282 2908 339 2966 δὲ
396 2911 483 2967 καὶ
526 2909 696 2990 ἕτεροι
736 2910 920 2988 γάμοι,
979 2911 1040 2966 οὗ
1083 2907 1167 2966 διὰ
1212 2912 1406 2987 θεσμὸν
1459 2912 1787 2991 συγγενείας,
1858 2911 1943 2970 διὰ

2026 1749 2266 1812 accidit.
2312 1749 2751 1822 Iurisconsulti,
2812 1750 2911 1832 qui
2958 1751 3032 1812 de
3082 1749 3308 1832 nuptiis
3365 1750 3680 1832 prohibitis

2026 1836 2205 1901 docet
2230 1837 2382 1900 llbro
2416 1838 2808 1902 Basilicarum
2861 1856 3068 1917 xxvm,
3106 1840 3295 1913 titulo,
3325 1858 3382 1922 ν,
3408 1838 3677 1903 bifariam

2027 1935 2305 2005 cognatos
2334 1926 2603 1990 dividunt
2637 1949 2650 1991 :
2685 1928 3083 1992 ascendentes
3113 1937 3172 1992 et
3201 1928 3671 2011 descendentes,

2032 2013 2252 2079 liberos
2280 2016 2511 2080 scilicet
2530 2034 2598 2078 ac
2633 2025 2950 2095 parentes;
2982 2026 3042 2080 et
3066 2017 3128 2080 in
3160 2037 3284 2099 eos,
3318 2018 3421 2100 qui
3451 2027 3679 2082 suntex

2032 2111 2388 2178 transverso,
2423 2106 2635 2168 fratres
2664 2105 2934 2187 inquam,
2986 2116 3046 2170 et
3092 2107 3354 2188 reliquos
3384 2107 3677 2186 sanguine

2030 2194 2953 2275 propinquos.Etascendentium
2974 2195 3213 2277 quidem
3227 2196 3675 2260 acdescenden-

2030 2283 2329 2355 tium,sive
2353 2284 2599 2364 legitimi
2629 2283 2901 2365 sint,sive
2928 2285 3251 2360 naturales,
3282 2286 3407 2349 sive
3437 2285 3671 2367 adopti-

2028 2371 2350 2454 vi,nuptias
2380 2372 3095 2451 prohibentinintinitum
3129 2391 3141 2437 :
3170 2392 3376 2436 eorum
3406 2374 3676 2457 vero,qui

2026 2463 2317 2541 sanguine
2340 2462 2911 2544 propinquisunt.ad
2938 2471 3169 2526 sextum
3192 2482 3380 2544 usque
3395 2464 3669 2543 gradum.

2027 2552 2342 2633 Postquam
2361 2551 2471 2613 ista
2491 2550 2788 2613 subtiliter
2807 2560 3297 2632 exposuerunt,et
3311 2552 3503 2615 oculis
3524 2552 3671 2615 sub-

2019 2640 2593 2720 jeceruntgraduum
2611 2640 2958 2720 profundam
2975 2649 3031 2703 et
3045 2640 3674 2722 penetratudiflicilem

2027 2728 2447 2791 obscuritatem
2479 2728 2960 2810 (impeditissima
2998 2749 3251 2813 namque
3299 2738 3363 2791 ut
3406 2730 3669 2811 ipsorum

2026 2816 2222 2880 verbis
2242 2826 2375 2880 utar
2397 2837 2508 2881 nec
2529 2830 2816 2900 perceptu
2844 2817 3033 2881 facilis
3051 2827 3140 2884 est
3179 2820 3242 2882 in
3269 2818 3368 2895 iis,
3402 2819 3503 2900 qui
3532 2827 3673 2881 sunt

2025 2922 2095 2966 ex
2111 2912 2440 2968 transverso
2457 2905 2744 2986 graduum
2758 2905 3322 2988 inventio),disertis
3338 2906 3534 2969 verbis
3545 2907 3674 2969 haec

279 2997 336 3055 δὲ
392 2998 702 3079 ἀγχιστείαν
760 2999 839 3074 μὴ
882 2995 1279 3078 προϐαίνοντες.
1340 2997 1654 3080 Ἀγχιστεία
1682 2999 1739 3057 δέ
1794 3000 1934 3059 ἐστιν

2022 2993 2202 3088 etiam
2250 2995 2753 3088 adjiciunt;Sunl
2784 3002 2841 3055 et
2869 2995 3010 3088 aliae
3028 2995 3249 3088 nuptiae
3297 3015 3352 3073 ιτ,
3405 3014 3529 3088 non
3543 2996 3671 3088 illa;

275 3088 541 3155 οἰκειότης
612 3087 911 3159 προσώπων
980 3086 1042 3144 ἐκ
1109 3088 1299 3166 γάμων
1350 3089 1487 3163 ἡμῖν
1556 3088 1927 3167 συνημμένων,

272 3179 574 3256 συγγενείας
646 3176 817 3240 ἐκτός.
880 3180 1009 3235 Οἷον
1065 3177 1154 3234 οὖν
1229 3178 1540 3235 οἷκειοῦνται
1613 3178 1812 3255 βαθμὸν
1885 3184 1930 3238 οἱ

270 3268 529 3345 ὁμόζυγες
574 3266 708 3343 μετὰ
762 3269 862 3334 τὴν
908 3265 1210 3346 συνάφειαν,
1282 3269 1523 3346 καθαρῶς
1580 3266 1677 3343 μὲν
1731 3270 1791 3326 οὗ
1843 3266 1928 3325 δι-

268 3357 552 3417 δάσκουσιν
585 3374 599 3388 ⁸
665 3357 918 3437 ἐπάγουσι
974 3355 1054 3432 δὲ,
1112 3360 1191 3433 μὴ
1275 3357 1517 3416 δύνασθαί
1596 3380 1713 3416 τινα
1796 3362 1927 3438 πρὸς

266 3448 447 3527 γάμον
477 3445 666 3504 λαϐεῖν
696 3446 792 3514 τὴν
824 3448 1016 3504 οἰκείαν
1060 3448 1267 3529 νύμφην
1321 3447 1357 3517 ἣ
1414 3449 1704 3528 προγονήν.
1775 3448 1927 3506 Ἀλλ’

265 3535 389 3595 οὖδὲ
440 3538 537 3604 τὴν
597 3537 876 3615 μητρυιὰν,
938 3536 974 3605 ἢ
1023 3537 1123 3604 τὴν
1177 3536 1452 3616 πενθερὰν,
1513 3535 1695 3605 ἐπειδὴ
1751 3538 1927 3614 μητέ-

264 3648 378 3697 ρων
435 3623 578 3692 τάξιν
635 3625 910 3706 ἐπέχουσι,
974 3625 1282 3694 Σκοπητέον
1338 3626 1509 3682 τοίνυν
1563 3627 1665 3704 πρὸ
1713 3627 1926 3686 πάντων

262 3716 332 3772 τὸ
374 3715 492 3794 περὶ
532 3714 639 3772 τῶν
667 3716 904 3792 βαθμῶν.
957 3713 1108 3773 Οὕτω
1153 3715 1252 3794 γὰρ
1309 3712 1674 3790 ἐξομαλισθείη
1728 3716 1792 3772 τὸ
1834 3721 1927 3773 τοῦ

263 3805 583 3880 ζητήματος
614 3803 853 3868 ἄναντες.

345 4074 406 4130 Οἳ
466 4070 562 4139 τῆς
602 4073 902 4149 συγγενείας
944 4071 1155 4147 βαθμοὶ,
1216 4070 1277 4127 ἐκ
1331 4075 1439 4127 τῶν
1493 4069 1757 4147 βαθμίδων
1821 4076 1920 4140 τῆς

256 4160 521 4237 κλίμακος
552 4160 961 4236 ὠνομάσθησαν,
1030 4151 1121 4222 ιιὶς
1178 4160 1277 4238 γὰρ
1326 4158 1528 4217 ἐκεῖναι
1611 4158 1920 4238 λαμϐάνου-

260 4272 352 4307 σαι
409 4248 689 4329 καταρχὴν
744 4247 797 4315 ἐξ
850 4246 1098 4306 ἐπιπέδου
1157 4249 1325 4320 τινὸς,
1370 4250 1459 4305 καὶ
1502 4251 1575 4314 εἰς
1617 4249 1685 4306 τὰ
1739 4250 1924 4329 πρόσω

2015 3082 2257 3163 quidem
2283 3093 2525 3166 propter
2546 3083 2648 3165 jus
2679 3083 3182 3166 cognationis,sed
3207 3092 3449 3166 propter
3468 3085 3667 3148 affini-

2016 3178 2191 3233 tatem
2228 3192 2345 3235 nou
2381 3172 3086 3254 procedentes.Affinitas
3114 3183 3311 3236 autem
3335 3182 3425 3236 est
3448 3192 3668 3238 neces-

2014 3261 2157 3324 tudo
2188 3263 2458 3344 quaedam
2493 3280 3025 3343 personarum,per
3054 3263 3293 3345 nuptias
3323 3263 3496 3326 nobis
3518 3282 3665 3328 con-

2004 3349 2371 3431 junctarum,
2406 3352 2553 3415 citra
2602 3350 3047 3431 cognationem.
3104 3354 3262 3433 Ergo
3313 3372 3490 3435 quem
3551 3353 3670 3417 sibi

2012 3442 2259 3522 gradum
2293 3452 2426 3523 post
2480 3441 2693 3503 initum
2729 3440 3180 3505 matrimonium
3203 3442 3504 3505 vindicent
3527 3463 3671 3506 con-

2005 3532 2201 3613 juges,
2232 3549 2377 3611 pure
2404 3529 2488 3593 illi
2534 3529 2776 3611 quidem
2834 3549 2953 3593 non
2994 3532 3216 3595 docent
3248 3552 3261 3592 :
3299 3531 3668 3613 subjungunt

2011 3627 2232 3695 tamen,
2261 3620 2517 3702 aliquem
2553 3638 2766 3681 nurum
2801 3638 2993 3696 suam,
3024 3619 3116 3685 vel
3135 3621 3488 3702 privignam,
3523 3641 3667 3685 uxo-

2007 3727 2138 3772 rem
2169 3709 2385 3772 ducere
2418 3727 2535 3771 non
2561 3727 2758 3790 posse.
2818 3711 2943 3773 Nec
2992 3709 3139 3774 item
3199 3727 3539 3787 novercam,
3575 3712 3664 3774 vel

2007 3815 2247 3861 socrum
2275 3817 2289 3857 :
2311 3796 2594 3881 quoniam
2616 3804 2870 3859 matrum
2893 3797 3024 3860 loco
3048 3796 3667 3863 sunt.Consideranda

2004 3886 2186 3966 igitur
2205 3896 2341 3949 ante
2360 3885 2857 3963 omniagraduum
2883 3885 3164 3950 ratio.Sic
3187 3887 3347 3948 enim
3366 3890 3665 3968 exaequari

2004 3976 2221 4058 pulerit
2247 3976 2375 4056 ipsa
2406 3975 2741 4057 questionis
2769 3975 2929 4038 velut
2956 3976 3198 4040 acclivis
3227 3975 3621 4057 inmqualitas.

2084 4066 2317 4128 Gradus
2339 4064 2709 4145 cognationis
2730 4065 2875 4129 dicti
2892 4074 3029 4128 sunt
3049 4085 3084 4129 a
3107 4065 3504 4129 similitudine
3516 4086 3656 4147 gra-

2005 4153 2188 4216 duum
2216 4154 2465 4235 alicujus
2490 4155 2686 4217 scalae.
2731 4153 2877 4216 Nam
2930 4157 3084 4219 sicut
3132 4154 3251 4217 illa;
3299 4154 3660 4237 principium

2006 4255 2312 4309 sumentes
2359 4246 2718 4328 aplanitie,
2774 4266 3133 4330 sursumque
3187 4246 3528 4325 tendentes,
3585 4251 3657 4313 ad

262 4339 662 4423 προϐαίνουσαι,
734 4341 833 4408 τὴν
874 4338 1092 4398 κάθοδον
1145 4340 1181 4409 ἣ
1240 4342 1338 4408 τὴν
1396 4339 1581 4398 ἀνοδον
1624 4343 1922 4422 συμπεραί-

2020 4334 2489 4423 iescendendum
2524 4335 2614 4397 vel
2642 4336 3089 4400 ascendendum
3122 4336 3296 4399 nobis
3335 4338 3599 4400 serviunt
3638 4357 3652 4401 :

1864 4403 1988 4454 ..υ

264 4453 465 4510 νουσιν,
526 4429 668 4489 αῧτω
719 4432 806 4487 καὶ
848 4433 896 4487 οἱ
951 4431 1166 4510 βαθμοὶ,
1218 4432 1292 4495 ὼς
1353 4431 1413 4487 ἐκ
1455 4431 1600 4509 ῥίζης
1661 4432 1921 4513 ὁμοφυεῖς

263 4518 452 4578 κλάδοι
539 4528 631 4580 τοῦ
718 4519 930 4599 πρώτου
1015 4520 1331 4601 γεννῄτορος
1420 4519 1745 4601 προιέμενοι,
1823 4522 1922 4589 τὴν

262 4607 571 4688 συγγένειαν
637 4609 1051 4687 καταρτίζουσιν.
1125 4587 1345 4685 ’,Ιδωμεν
1419 4608 1534 4689 οὖν,
1616 4613 1743 4665 ποία
1811 4609 1923 4687 ῥίζα

261 4699 355 4756 καὶ
422 4697 673 4777 καταρχὴ
730 4698 988 4774 μεσιτεύει
1044 4698 1135 4753 τὸν
1190 4695 1348 4777 ἀνδρα
1400 4689 1535 4774 μετὰ
1590 4701 1688 4764 τῆς
1733 4720 1922 4776 γυναι-

260 4791 381 4858 κὸς,
454 4787 591 4844 ὥστε
619 4788 749 4865 πρὸς
782 4787 979 4853 ταύτην
1009 4784 1355 4866 ἀναδραμεῖν,
1389 4788 1478 4844 καὶ
1533 4783 1584 4852 ἐξ
1636 4788 1800 4853 αὐτῆς
1847 4788 1922 4853 ὡς

259 4875 348 4936 διὰ
397 4873 645 4953 βαθμίδος
689 4877 819 4955 πρὸς
875 4876 1089 4940 τούτους
1146 4873 1344 4955 ἐλθεῖν.
1400 4875 1617 4938 Πάντως
1683 4873 1922 4949 οὐδεμία.

262 4963 393 5025 Οὖὸὲ
449 4965 548 5044 γὰρ
615 4954 828 5044 δύναταί
900 4986 981 5028 τις
1038 4966 1232 5037 εἰπεῖν,
1292 4954 1350 5024 Ὀ
1409 4963 1604 5043 Πέτρος
1666 4962 1920 5043 ἐγγένησε

260 5056 354 5133 τὸν
408 5042 737 5130 Δημήτριον.
787 5042 845 5110 Ὀ
903 5052 1057 5116 αὒτὸς
1100 5051 1193 5109 καὶ
1243 5053 1341 5120 τὴν
1385 5055 1585 5133 Μαρίαν
1643 5052 1920 5114 ἀπέτεκεν.

268 5125 423 5199 εἰὶστε
490 5125 702 5205 τούτους
759 5140 846 5199 δύο
899 5143 1112 5217 βαθμῶν
1170 5141 1318 5223 ἔχειν
1376 5125 1700 5222 συγγένειαν.
1777 5149 1921 5222 Προ-

262 5231 422 5311 φανές
478 5232 577 5311 γὰρ
634 5228 823 5307 ψεῦδός
880 5230 1015 5293 ἐστι.
1087 5229 1278 5288 Πολλῶ
1343 5229 1398 5288 δὲ
1441 5230 1603 5289 πλέον
1651 5230 1745 5289 οὒκ
1774 5231 1921 5290 εἴποι

263 5341 343 5386 τις
397 5321 712 5386 ὑποστάσεις
782 5317 983 5392 διττὰς,
1044 5321 1158 5385 ὲνος
1215 5322 1357 5379 εἶναι
1387 5322 1613 5398 βαθμοῦ.
1665 5321 1766 5377 Δύο
1820 5322 1920 5400 γὰρ

262 5410 536 5488 γεννήσεις
605 5410 817 5473 τούτους
903 5410 1239 5489 παρήγαγον.
1320 5413 1380 5470 Οἱ
1462 5417 1586 5489 γοῦν
1672 5409 1918 5489 λέγοντες

2005 4424 2092 4486 sic
2119 4432 2179 4487 et
2209 4424 2271 4487 hi
2321 4422 2561 4502 gradus,
2597 4424 2755 4489 velut
2785 4426 3056 4506 ejusdem
3115 4436 3339 4489 naturae
3394 4427 3546 4490 rami
3585 4446 3657 4489 ex

2004 4514 2228 4576 radice.
2266 4514 2457 4594 primo
2487 4514 2715 4577 scilicet
2742 4523 2989 4595 parente
3023 4515 3655 4595 procedentes,cogna-

2005 4602 2227 4667 tionem
2263 4602 2598 4682 perficiunt.
2637 4603 2960 4667 Videamus
2991 4622 3153 4685 ergo,
3180 4622 3450 4685 quaenam
3485 4604 3653 4668 radix

2004 4710 2071 4754 ac
2087 4690 2444 4773 principium
2467 4691 2624 4754 inter
2638 4693 2830 4754 virum
2853 4703 2911 4755 et
2925 4711 3170 4756 uxorem
3191 4693 3279 4756 sic
3299 4693 3654 4775 intercedat,

2008 4788 2073 4843 ut
2100 4781 2172 4843 ad
2200 4799 2328 4843 eam
2365 4779 2443 4845 sit
2473 4782 2929 4859 recurrendum,
2965 4790 3025 4844 et
3061 4780 3134 4845 ab
3184 4801 3254 4844 ea
3309 4801 3419 4845 ceu
3467 4784 3655 4862 gradu

2005 4871 2257 4951 quodam
2287 4868 2359 4931 ad
2414 4869 3151 4950 ipsosveniendumNulla
3171 4890 3413 4952 prorsus
3429 4870 3652 4936 existit.

2004 4958 2133 5021 Non
2167 4957 2325 5020 enim
2377 4956 2580 5021 dicere
2635 4959 2928 5041 quispiam
2959 4968 3177 5042 potest,
3210 4959 3422 5024 Petrus
3450 4960 3654 5041 genuit

2006 5047 2402 5112 Demetrium.
2436 5045 2599 5109 Idem
2642 5056 2699 5110 et
2726 5048 2971 5112 Mariam
3005 5048 3334 5130 procreavit
3368 5070 3383 5111 :
3417 5069 3534 5131 quo
3563 5050 3648 5131 tit,

2005 5143 2069 5200 ut
2087 5137 2170 5199 ibi
2188 5136 2438 5199 duorum
2463 5137 2754 5216 graduum
2781 5139 3131 5218 cognatione
3150 5138 3344 5220 juncti
3359 5138 3652 5202 sunt.Hoc

2004 5227 2161 5289 enim
2178 5225 2728 5289 manifestissimum
2743 5227 3119 5292 mendacium
3135 5235 3245 5292 est.
3272 5228 3449 5291 Multo
3465 5228 3652 5309 magis

2003 5315 2241 5380 cavebit
2263 5314 2498 5397 aliquis,
2518 5332 2593 5377 ne
2632 5315 2814 5389 dicat.
2849 5317 2995 5395 duas
3021 5317 3497 5399 personasunius
3517 5335 3651 5379 esse

2001 5403 2478 5488 gradus.Quippe
2495 5404 2627 5467 duae
2651 5405 3069 5486 generationes
3084 5424 3188 5469 eos
3218 5405 3643 5488 produxerunt.

1580 5536 1842 5603 VARl/E
1895 5534 2206 5603 LECTION
2217 5535 2322 5599 BS.

339 5700 368 5730 0
403 5682 838 5779 l’ide'ecloga‘m
866 5684 1285 5779 pris-fucorum
1311 5705 1328 5761 ;
1358 5687 1495 5750 vide
1525 5693 1617 5751 tit.
1654 5688 1728 5752 de
1761 5687 2070 5753 Gradibus
2099 5685 2507 5764 cognationis,
2538 5686 2597 5749 ἀ.
2628 5685 2733 5752 lib.
2765 5686 3205 5779 Basilicarum.
3292 5700 3318 5743 ρ
3360 5686 3498 5752 vide
3548 5687 3642 5750 tit.

257 5761 333 5825 de
357 5761 596 5844 prohib.
636 5770 806 5845 nupt.
840 5765 903 5825 (ι.
940 5764 1046 5830 lib.
1086 5766 1301 5830 Basili.
