4120 6414
416 319 570 385 1Ξο7

1784 319 1814 381 J
1821 317 1914 380 US
1953 313 2425 382 CANONIGUM.

414 454 714 520 Nimirum
745 453 848 534 qui
873 450 1100 526 dicunt,
1122 451 1409 531 conjuges
1437 449 1594 513 inter
1622 468 1686 511 se
1727 450 1817 512 vel
1857 448 2055 524 unius,
2079 479 2092 506 Δ

2180 453 2286 509 ίναι
2341 454 2460 518 τοὺς
2521 455 2764 530 συζύγους
2825 456 2939 519 ἐνὸς
3001 454 3030 521 ἥ
3081 453 3320 533 δευτέρου
3393 457 3618 530 βαθμοῦ,

3652 318 3804 384 1208

3712 458 3796 510 καὶ

415 543 508 606 vel
529 541 782 610 secundi
804 559 935 604 esse
957 540 1198 620 gradus,
1223 541 1446 622 quique
1467 559 1573 620 per
1610 539 1829 620 gradus
1860 557 1963 601 eos
1990 537 2072 600 ita

2181 554 2590 622 υγοστατοῦντες
2644 543 2728 601 διὰ
2757 543 3018 622 βαθμίδων
3093 546 3302 616 αὐτοὺς,
3358 547 3494 603 κατὰ
3550 548 3614 602 τὰ
3671 568 3799 601 στα-

419 632 662 713 librant,
682 633 763 693 uti
795 629 988 692 solent
1010 648 1107 692 res
1129 630 1270 704 illae,
1296 649 1427 710 quae
1458 629 1746 710 pondere,
1780 628 1868 689 vel
1895 647 2068 689 men-

2182 635 2424 710 μώμενα,
2497 635 2533 703 ἢ
2591 636 2941 716 μετρούμενα,
3011 636 3048 704 ἢ

3603 636 3798 693 ἐοίκασι

3134 637 3516 715 ἀριθμούμενα,

422 739 583 792 sura,
618 720 708 782 vel
741 737 989 782 numero
1021 727 1296 782 constant
1332 741 1348 796 ;
1379 719 1608 781 similes
1637 725 1776 782 sunt
1806 718 2069 780 interro-

2180 737 2269 788 ὀτς
2315 722 2698 804 ἐρωταηεένοις,
2756 724 2921 790 πόσος
2974 724 3235 806 ἀμπίσχει
3279 723 3396 782 τόδε
3453 727 3514 782 τὸ
3583 723 3801 782 δάπεδον

418 809 718 891 gantibus,
734 810 1056 890 quotuplex
1069 809 1225 872 istud
1241 809 1638 890 pavimentum
1659 807 1810 888 lapis
1823 806 2068 881 ambiat,

422 908 480 962 et
497 897 1026 979 respondentibus,
1050 897 1290 979 duplex.
1315 896 1546 979 Quippe
1567 895 2076 976 cingituralapide

422 991 647 1072 prasini
666 988 907 1064 coloris,
933 998 995 1050 et
1016 987 1174 1068 ligno
1205 987 1452 1051 cedrino
1471 986 1897 1050 circumdatur.
1923 987 2075 1060 Qua-

423 1078 693 1141 mobrem
723 1086 860 1159 apte
889 1077 1171 1153 dicimus,
1219 1095 1333 1140 nec
1375 1076 1449 1140 ad
1500 1075 1753 1139 duornm
1785 1075 2072 1156 graduum

423 1166 934 1230 necessitudinem
992 1165 1208 1228 referri
1254 1166 1539 1246 conjuges
1592 1167 1735 1246 (quo
1792 1163 1955 1227 enim
2016 1161 2074 1225 id

426 1255 641 1340 pacto?
662 1275 800 1322 cum
824 1255 1096 1318 eamdem
1120 1255 1384 1319 radicem
1408 1265 1467 1318 et
1489 1253 1939 1334 generationem
1958 1272 2078 1315 non

425 1346 705 1422 habeant,
739 1364 808 1407 ac
837 1362 909 1406 ea
938 1360 1115 1409 causa
1137 1344 1482 1408 naturaliter
1521 1362 1641 1406 non
1673 1343 2030 1423 dividantur)
2057 1361 2070 1402 :

428 1455 542 1498 nec
573 1436 750 1498 etiam
780 1435 957 1498 unius
985 1443 1042 1497 et
1073 1433 1343 1515 ejusdem
1401 1451 1532 1496 esse
1561 1433 1798 1513 gradus,
1834 1441 2082 1514 propter

429 1527 714 1588 unionem
737 1525 1060 1605 carnalem,
1078 1533 1143 1588 ut
1158 1523 1344 1585 instar
1355 1523 1530 1584 mulsi
1554 1521 2074 1597 commisceantur,

2154 814 2472 893 μάργαρος;
2541 811 2638 869 καὶ
2695 813 3155 896 ἀποκρινομένοις,
3236 813 3430 880 διττός.
3490 817 3640 880 Λίθος
3707 816 3802 890 γὰρ

2157 905 2420 982 πρασίζων
2505 905 2633 998 αὐτὸ
2707 903 3071 985 περιζώννυσι,
3157 907 3245 962 καὶ
3335 903 3486 971 ξύλον
3576 902 3803 984 κέδρινον

2158 991 2515 1071 ἀμφιέννυσιν.
2579 991 2764 1073 Ἃραρε
2833 994 3001 1050 τοίνυν
3059 992 3235 1073 λέγειν
3282 996 3451 1070 ἡμᾶς,
3512 995 3649 1070 μήτε
3677 995 3805 1072 πρὸς

2157 1080 2246 1139 δύο
2315 1083 2531 1157 βαθμῶν
2600 1082 2901 1150 οἰκειότητα
2968 1083 3089 1147 τοὺς
3151 1085 3440 1163 ὁμοζύγους
3497 1084 3799 1162 ἀνάγεσθαι,

2158 1171 2302 1252 (πῶς
2333 1172 2457 1250 γὰρ,
2490 1175 2537 1228 οἱ
2568 1173 2645 1247 μὴ
2675 1173 2773 1240 τὴν
2823 1173 2983 1240 αὐτὴν
3014 1171 3310 1254 ἐσχηκότες
3367 1174 3510 1251 ῥίζαν
3553 1175 3640 1230 καὶ
3683 1173 3809 1252 γέν-

2159 1282 2337 1342 νησιν,
2387 1261 2476 1318 καὶ
2530 1257 2613 1317 διὰ
2684 1270 2838 1318 τουτο
2893 1260 3030 1337 μηδὲ
3084 1269 3317 1344 φυσικῶς
3385 1261 3736 1342 διαιρούμενοι
3769 1270 3810 1342 ς)

2163 1349 2291 1427 μήτ’
2345 1349 2436 1406 οὖν
2501 1351 2616 1414 ὲνος
2675 1351 2913 1429 γενέσθαι
2968 1353 3192 1428 βαθμοῦ,
3253 1352 3338 1409 διὰ
3391 1353 3490 1420 τὴν
3561 1353 3811 1430 ἕνσαρκον

2161 1441 2370 1514 ἕνωσιν,
2427 1440 2516 1499 καὶ
2571 1444 2901 1520 συγχυθῆναι
2958 1443 3095 1499 κατὰ
3151 1441 3488 1521 μελίκρατον.
3528 1448 3648 1508 Πῶς
3671 1442 3809 1520 γάρ;

2163 1528 2486 1605 Σωζομένων
2542 1527 2886 1587 ἀδιαπτώτων
2956 1537 3063 1589 τῶν
3133 1533 3512 1612 ὑποστάσεωνς
3591 1533 3693 1588 Διὰ
3762 1529 3814 1585 δὲ

435 1617 575 1698 (qua
611 1614 768 1677 enim
799 1614 860 1677 id
891 1613 1022 1676 ﬁeri
1072 1613 1301 1678 ratione
1347 1613 1551 1693 possit,
1615 1632 1748 1675 cum
1813 1630 2082 1693 personae

2180 1620 2262 1685 τὴν
2328 1619 2469 1675 θείαν
2517 1620 2607 1676 καὶ
2664 1619 2976 1697 σωτηριώδη
3047 1621 3230 1700 φωνὴν
3284 1628 3380 1678 τοῦ
3452 1621 3663 1700 Κυρίου,
3733 1626 3822 1679 καὶ

433 1712 710 1766 maneant
730 1703 974 1783 integra;
994 1701 1046 1773 7)
1079 1701 1184 1764 sed
1207 1709 1446 1791 propter
1462 1700 1721 1764 divinam
1753 1720 1822 1764 ac
1853 1701 2076 1763 saluta-

2180 1717 2296 1768 5εοῦ
2349 1710 2438 1765 καὶ
2502 1713 2753 1788 Σωτῆρος
2821 1712 2978 1785 ἡμῶν
3050 1709 3227 1778 ἰησοῦ
3283 1719 3531 1791 Χριστοῦ,
3591 1719 3686 1768 τοῦ
3740 1713 3818 1766 εί-

430 1813 559 1856 rem
578 1811 782 1856 vocem
810 1792 1066 1868 Domini,
1097 1790 1294 1869 etDei,
1321 1800 1379 1853 et
1398 1791 1714 1854 servatoris
1735 1791 1921 1853 nostri
1941 1791 2083 1853 Jesu

432 1883 680 1958 Christi,
699 1881 1042 1962 quidixitad
1065 1880 1214 1942 disci
1223 1880 1604 1962 pulosipsum
1619 1881 2079 1960 interrogantes,

433 1973 723 2036 liceretne
753 1971 981 2033 homini
1007 1970 1302 2034 divertere
1334 1971 1406 2032 ab
1459 1989 1642 2032 uxore
1685 1989 1814 2044 sua,
1846 1969 2085 2032 disertis

431 2061 629 2124 verbis
653 2061 776 2123 haec
799 2059 1213 2141 subjungendo
1240 2080 1253 2120 :
1278 2058 1406 2122 Non
1429 2059 1674 2140 legistis,
1723 2077 1857 2122 eum
1883 2058 1983 2140 qui
2011 2057 2084 2120 ab

433 2155 606 2218 initio
630 2173 725 2217 res
747 2153 1033 2228 condidit,
1061 2172 1286 2216 marem
1307 2151 1830 2233 etfeminamipsos
1845 2152 2082 2216 fecisse:

437 2265 552 2327 qua
582 2244 656 2306 de
687 2262 864 2306 causa
883 2243 1178 2326 relinquet
1209 2243 1391 2305 homo
1417 2251 1642 2324 patrem
1665 2261 1837 2305 suum
1860 2251 1918 2305 et
1957 2261 2084 2304 ma-

436 2344 615 2417 trem,
637 2343 696 2397 et
716 2333 1176 2415 agglutinabilur
1205 2333 1375 2395 uxori
1405 2352 1548 2395 sure.
1579 2333 1646 2395 Et
1673 2340 1848 2394 erunt
1878 2332 1936 2393 hi
1970 2332 2085 2394 duo

435 2428 498 2488 in
521 2445 760 2489 carnem
783 2444 986 2498 unam.
1017 2424 1212 2497 Quare
1235 2443 1353 2486 non
1376 2423 1631 2504 amplius
1662 2423 1780 2484 duo
1812 2429 1951 2484 sunt
1979 2423 2086 2484 sed

436 2536 556 2580 una
582 2534 716 2578 caro
746 2535 759 2575 :
788 2523 1030 2596 propter
1052 2514 1206 2576 hanc
1229 2529 1370 2592 ergo
1393 2531 1596 2574 vocem
1622 2511 1870 2575 credere
1902 2531 2009 2573 nos
2033 2519 2090 2573 et

439 2604 922 2680 conﬁteri,unum
939 2601 1368 2684 propemodum
1395 2601 1733 2662 unaminem
1755 2600 2085 2680 hominem,

441 2697 544 2776 qui
574 2693 804 2756 duabus
830 2693 892 2754 in
924 2691 1198 2772 personis
1237 2690 1522 2765 cernitur,
1579 2711 1686 2772 pro
1739 2690 2090 2771 conjugibus

440 2782 804 2847 matrimonii
821 2799 998 2844 causa
1012 2780 1245 2844 haberi.
1282 2779 1398 2844 Sed
1419 2780 1578 2843 enim
1599 2780 2081 2861 permittendum,

437 2874 678 2936 utrivus
690 2872 974 2936 orationis
987 2871 1162 2934 etiam
1181 2870 1255 2933 ad
1271 2869 1430 2932 aliud
1449 2869 1734 2950 quiddam
1752 2879 2089 2951 opportune

439 2971 660 3028 currat.

519 3051 822 3132 Unigeniti
863 3051 1000 3114 Filii
1039 3050 1149 3114 Dei
1187 3048 1790 3131 incomprehensibils
1816 3069 1956 3130 erga
1986 3069 2092 3111 nos

2165 1799 2357 1862 πόντος
2418 1799 2545 1878 πρὸς
2595 1801 2716 1863 τοὺς
2771 1799 3146 1878 ἐρωτήααντας
3229 1803 3386 1858 αὐτὸν
3451 1802 3716 1876 μαθητὰς,
3777 1801 3820 1855 εὶ

2166 1886 2362 1954 ἔξεστιν
2430 1888 2688 1968 ἀνθρώπῳ
2753 1887 3010 1945 ἀπολῦσαι
3061 1891 3162 1958 τὴν
3211 1903 3440 1969 γυναῖκα
3495 1892 3677 1970 αὐτοῦ,
3734 1890 3824 1946 καὶ

2168 1977 2530 2057 ἐπαγαγόντος
2590 1985 2753 2035 ταῦτα
2823 1979 2997 2056 ῥητῶς
3031 1997 3044 2010 ·
3130 1982 3236 2038 Οὐκ
3306 1981 3590 2060 ἀνέγνωτε,
3653 1979 3735 2037 ὅτι
3794 1981 3821 2034 ὁ

2169 2069 2400 2138 ποιήσας
2431 2067 2709 2148 ἀπαρχῆς,
2767 2067 2922 2147 ἄρσεν
2981 2070 3068 2125 καὶ
3109 2069 3242 2138 θῆλυ
3298 2069 3544 2148 ἐποίησεν
3609 2070 3816 2132 αὐτούς’

2166 2158 2252 2214 καὶ
2310 2156 2486 2213 ἕνεκεν
2543 2158 2732 2214 τούτου
2788 2155 3094 2234 καταλείψει
3152 2158 3419 2238 ἄνθρωπος
3474 2161 3565 2216 τὸν
3624 2159 3824 2236 πατέρα

2167 2250 2298 2305 αὐτο
2377 2249 2468 2303 καὶ
2534 2247 2632 2314 τὴν
2689 2246 2918 2327 μητέρα,
2989 2247 3077 2304 καὶ
3133 2248 3660 2327 προσκολληθήσεται
3757 2252 3824 2322 τῇ

2170 2337 2376 2415 γυναικὶ
2418 2338 2574 2393 αύτοῦ
2602 2351 2615 2365 ⁸
2665 2337 2752 2392 καὶ
2807 2335 3012 2392 ἔσονται
3056 2339 3102 2393 οἱ
3157 2335 3245 2395 δύο
3302 2339 3374 2402 εἰς
3428 2340 3594 2418 σάρκα
3645 2339 3768 2414 μίαν
3805 2352 3818 2366 ⁸

2170 2427 2307 2484 ὥστε
2337 2426 2506 2486 οὒκέτι
2543 2427 2641 2482 εἶσὶ
2666 2425 2776 2502 δύο,
2810 2423 2947 2482 ἀλλὰ
2999 2427 3124 2506 σὰρξ
3156 2427 3251 2502 μία
3286 2446 3298 2460 ·
3354 2430 3620 2486 πιστεύειν
3650 2431 3818 2504 ἡμᾶς,

2170 2518 2258 2573 καὶ
2288 2515 2602 2595 ὁμολογεῖν,
2633 2514 2722 2572 ἕνα
2761 2513 2955 2596 σχεδὸν
2999 2518 3281 2596 ὁμόψυχον
3309 2517 3580 2598 ἄνθρωπον
3615 2519 3670 2575 ἐν
3715 2515 3824 2574 δυσὶ

2172 2605 2530 2685 θεωρούμενον
2572 2605 2943 2684 ὑποστάσεσιν,
2976 2607 3262 2684 ὁμοζύγους
3291 2605 3376 2662 διὰ
3403 2609 3494 2664 τὸν
3523 2609 3698 2685 γάμον
3727 2606 3826 2664 λο-

2171 2695 2421 2772 γίζεσθαι.
2457 2692 2625 2751 Ἀλλά
2653 2692 2829 2750 δοτέον
2851 2692 3173 2773 ἀναδραμεῖν
3215 2703 3307 2752 τοῦ
3350 2694 3510 2774 λόγου
3537 2699 3632 2753 τὸν
3659 2697 3823 2776 ῥύακα

2171 2784 2259 2840 καὶ
2286 2783 2416 2862 πρὸς
2445 2781 2622 2862 ἕτερον
2647 2783 2866 2862 καίριον.

2259 3041 2321 3108 Ἠ
2389 3059 2482 3109 τοῦ
2539 3051 2876 3130 μονογενους’
2941 3055 3061 3112 Υἱοῦ
3128 3060 3220 3110 τοῦ
3282 3061 3413 3110 Θεοῦ
3482 3057 3614 3134 πρὸς
3687 3058 3827 3135 ἡμᾶς

442 3141 756 3214 demissio,
779 3148 839 3203 et
860 3141 1073 3222 pignus
1097 3139 1300 3202 salutis
1318 3138 1562 3202 humani
1585 3139 1991 3218 generis,cum
2025 3158 2092 3201 ex

2180 3139 2554 3208 ἀκατάληπτος
2621 3141 3032 3221 συγκατάϐασις,
3120 3147 3206 3200 καὶ
3279 3145 3341 3200 τὸ
3397 3143 3492 3211 τῆς
3565 3147 3830 3225 σωτηρίας

439 3231 573 3296 aliis
595 3229 796 3293 multis
819 3229 1112 3311 mysteriis
1130 3229 1564 3310 magniﬁcatur,
1599 3238 1718 3292 tum
1761 3230 1937 3291 etiam
1975 3248 2092 3291 non

2180 3241 2269 3291 τοῦ
2318 3232 2501 3309 γένους
2568 3238 2674 3288 τῶν
2745 3232 3033 3312 ἀνθρώπων
3105 3233 3390 3314 ἐχέγγυον,
3480 3234 3832 3314 μεγαλύνεται

441 3339 649 3403 parum
673 3319 1038 3400 glorificatur
1053 3337 1123 3381 ex
1139 3317 1559 3382 benedictione
1583 3317 1826 3398 nuptiali
1839 3318 2090 3399 .Quippe

2180 3320 2276 3396 μὲν
2304 3319 2398 3377 καὶ
2430 3319 2482 3386 ἐξ
2524 3319 2698 3376 ἄλλων
2750 3324 3048 3400 μυστηρίων
3104 3323 3340 3396 πολλῶν,
3415 3329 3518 3404 οὖχ
3568 3325 3733 3392 ἦττον
3779 3321 3832 3378 δὲ

440 3428 576 3473 cum
599 3409 855 3472 obnoxia
875 3415 1116 3489 peccato
1141 3406 1484 3488 conjunctio
1505 3408 1568 3469 in
1615 3409 1953 3471 universam
1987 3409 2090 3470 ho-

2180 3412 2260 3466 καὶ
2317 3410 2378 3466 ἐκ
2430 3415 2530 3477 τῆς
2587 3417 2824 3489 γαμικῆς
2869 3411 3160 3492 ἱερολογίας
3219 3411 3508 3485 δοξάζεται.
3569 3419 3678 3480 Τῆς
3736 3413 3834 3490 γὰρ

440 3501 668 3563 minum
702 3517 955 3562 massam
989 3497 1196 3559 fuisset
1226 3497 1426 3560 dedita
1457 3506 1592 3578 post
1617 3497 1894 3560 draconis
1926 3496 2086 3560 invi-

2180 3501 2541 3579 ἁμαρτητικῆς
2611 3502 2889 3580 συναφείας
2967 3499 3288 3570 διαδοθείσης
3354 3505 3428 3566 εἷς
3500 3502 3644 3559 ἅπαν
3731 3507 3834 3557 τῶν

438 3589 625 3666 diam,
655 3597 712 3652 et
739 3589 999 3652 mandati
1029 3587 1214 3650 divini
1243 3588 1802 3669 transgressionem,
1849 3589 2092 3669 jamque

2180 3590 2464 3669 ἀνθρώπων
2533 3591 2595 3645 τὸ
2641 3590 2872 3668 φύραμα,
2917 3592 3052 3666 μετὰ
3107 3593 3197 3647 τὸν
3249 3593 3437 3672 φθόνον
3485 3598 3576 3648 τοῦ
3605 3588 3834 3670 δράκον-

441 3679 664 3743 malum
685 3679 834 3742 illud
855 3681 928 3742 ad
953 3677 1071 3742 alia
1095 3679 1251 3742 mala
1264 3680 1488 3761 majora
1501 3678 1919 3760 processisset;
1940 3697 2092 3740 cura:

2180 3701 2295 3759 τος,
2350 3679 2438 3734 καὶ
2494 3682 2592 3745 τῆς
2649 3675 2870 3746 ἐντολῆς
2923 3686 3018 3736 τοὺ
3073 3686 3204 3738 Θεοῦ
3246 3680 3344 3748 τὴν
3395 3677 3715 3758 παράϐασιν,
3750 3680 3836 3735 καὶ

440 3770 700 3850 benigno
723 3770 845 3832 Deo
862 3768 973 3830 fuit
995 3767 1372 3850 regeneratio
1397 3780 1596 3830 nostra
1626 3777 1684 3830 et
1712 3767 2092 3833 instauratio.

2184 3773 2276 3822 τοῦ
2327 3772 2494 3823 κακοῦ
2575 3766 2706 3844 πρὸς
2779 3765 2931 3842 ἕτερα
3004 3768 3140 3823 κακὰ
3196 3769 3655 3848 προχωρήσαντος
3713 3767 3834 3843 μεί-

441 3863 644 3944 Itaque
656 3881 788 3924 cum
808 3861 1150 3942 unigenitus
1162 3861 1268 3925 Dei
1285 3861 1468 3925 Filius
1494 3862 1672 3922 homo
1694 3861 1880 3922 factus
1895 3861 2092 3923 fuissel

2183 3862 2329 3926 ζονα,
2360 3855 2588 3932 ἐμέλησε
2645 3860 2723 3931 τῷ
2753 3854 3104 3936 φιλανθρώπῳ
3147 3865 3262 3932 Θεῷ
3289 3863 3388 3924 τῆς
3441 3860 3596 3934 ἡμῶν
3627 3856 3834 3934 παλιγ-

445 3953 633 4014 instar
661 3957 952 4027 nostrum,
987 3959 1231 4032 propter
1260 3967 1395 4026 nos,
1431 3959 1487 4012 et
1518 3969 1760 4012 omnem
1794 3951 1967 4011 aliam
2001 3950 2092 4012 ad-

2181 3945 2418 4023 γενεσίοις
2489 3947 2578 4002 καὶ
2654 3946 3023 4010 ἀναπλάσεως.
3108 3949 3346 4026 Γεγονὼς
3397 3950 3565 4004 τοίνυν
3643 3947 3839 4025 ἄνθρω-

446 4039 949 4103 ministrationem
968 4038 1394 4122 implesset,uti
1414 4057 1522 4101 nos
1541 4037 1885 4102 beatitatem
1903 4039 2100 4120 priSti-

447 4149 584 4194 nam
617 4147 1082 4210 recuperamus:
1119 4130 1296 4193 etiam
1322 4129 1544 4210 nuptiis
1563 4127 1623 4190 in
1667 4131 1824 4192 Cana
1852 4129 2106 4192 Galilaaae

445 4218 765 4282 celebratis
796 4217 1126 4300 benedixit,
1188 4227 1246 4281 et
1295 4237 1505 4299 aquam
1569 4217 2008 4298 deSperationis
2041 4218 2103 4279 in

447 4309 649 4369 vinum
685 4325 838 4368 verae
893 4306 1004 4370 Dei
1046 4307 1412 4388 cognitionis
1459 4308 1702 4369 mutavit
1737 4328 1752 4382 ;
1811 4308 2103 4372 certiores

450 4414 558 4478 per
590 4397 702 4458 hoc
731 4396 994 4459 reddens
1019 4397 1317 4473 homines,
1350 4396 1507 4478 quod
1539 4396 1780 4459 feminae
1818 4416 1934 4459 non
1969 4417 2100 4459 am-

451 4485 606 4566 plius
660 4485 722 4546 in
750 4484 1062 4547 doloribus
1113 4483 1334 4547 liberos
1379 4485 1631 4566 pariant,
1685 4505 1795 4549 nec
1825 4487 1927 4568 qui
1959 4506 2100 4568 pro-

2185 4056 2285 4097 πος
2333 4034 2448 4092 καθ’
2479 4038 2643 4112 ἡμᾶς,
2679 4034 2747 4092 δι’
2778 4038 2920 4112 ἡμᾶς
2951 4038 2979 4092 ὁ
3010 4040 3304 4115 μονογενὴς
3360 4038 3477 4100 Υἱὸς
3535 4046 3628 4094 τοῦ
3681 4044 3832 4105 Θεοῦ,

2186 4130 2274 4186 καὶ
2303 4137 2476 4188 πᾶσαν
2535 4125 2704 4193 ἄλλην
2760 4127 3049 4206 πληρώσας
3114 4128 3437 4204 οἰκονομίαν,
3510 4129 3601 4184 ἵνα
3669 4129 3839 4204 ἡμεῖς

2185 4220 2285 4286 τὴν
2338 4219 2564 4299 ἀρχαίαν
2625 4219 2992 4296 μακαριότητα
3048 4217 3318 4295 λάϐωμεν,
3363 4219 3450 4274 καὶ
3505 4220 3594 4275 τον
3625 4218 3680 4274 ἐν
3728 4228 3838 4275 Κα-

2186 4315 2249 4364 νᾶ
2278 4309 2375 4374 τῆς
2407 4306 2690 4371 Γαλιλαίας
2746 4307 2918 4385 γάμον
2961 4307 3254 4385 ηὒλόγησε,
3301 4309 3388 4364 καὶ
3442 4308 3502 4363 τὸ
3559 4305 3696 4386 ὕδωρ
3744 4312 3840 4374 τῆς

2185 4396 2540 4476 ἀπογνώσεως
2574 4397 2646 4459 εἷς
2677 4397 2827 4453 οἶνον
2857 4395 3082 4463 ἀληθοῦς
3133 4398 3450 4475 θεογνωσίας
3495 4393 3785 4470 μετέϐαλεν
3819 4410 3834 4424 ’

2187 4486 2419 4543 ἐντεῦθεν
2449 4485 2800 4567 πληροφορῶν
2857 4487 2918 4542 τὸ
2975 4486 3320 4565 ἀνθρώπινον,
3379 4488 3451 4550 ὡς
3507 4483 3678 4542 οὒκέτι
3739 4507 3841 4563 γυ-

448 4582 732 4637 creantur
786 4593 856 4636 ex
928 4573 1308 4655 copulatione
1361 4575 1796 4638 matrimoniali
1853 4577 2092 4657 amplius

2192 4589 2374 4640 ναῖκες
2405 4577 2458 4632 ἒν
2503 4575 2698 4640 λυπαϊς
2755 4575 2913 4631 τέκνα
2968 4577 3332 4654 γεννήσουσιν,
3393 4573 3509 4630 οὐδὲ
3569 4572 3628 4629 ἐκ
3670 4597 3842 4651 γαμι-

452 4662 704 4746 pristino
736 4683 902 4728 more
932 4663 1159 4745 dicant,
1191 4665 1256 4728 In
1280 4664 1546 4746 peccatis
1568 4665 1844 4746 concepit
1864 4685 1960 4728 me
1989 4685 2106 4728 ma-

450 4763 543 4817 ter
574 4773 705 4816 mea
731 4772 744 4818 :
781 4753 887 4817 sed
921 4755 1028 4818 Dei
1053 4762 1346 4837 praecepta
1364 4763 1688 4836 servantes,
1713 4755 2105 4837 quemadmo-

451 4845 592 4906 dum
630 4844 857 4924 primus
904 4843 1005 4906 ille
1050 4861 1266 4926 parens
1312 4851 1516 4906 noster
1568 4862 1638 4906 ea
1689 4845 1940 4908 servavit
1971 4853 2108 4908 ante

455 4935 1020 5014 transgressionem,
1079 4933 1358 4996 eumdem
1413 4933 1701 4996 honorem
1750 4942 1809 4996 et
1856 4934 2106 5011 gloriam

455 5033 920 5106 consequantur,
953 5042 1071 5104 qua
1097 5022 1319 5086 fuerint
1367 5024 1558 5086 ornati
1607 5023 1783 5104 primi
1835 5033 2112 5104 parentes

459 5121 596 5176 ante
625 5113 1095 5176 inobedientiam
1109 5158 1123 5173 .

539 5203 900 5268 Honorabile
931 5220 1190 5284 namque
1215 5200 1660 5265 matrimonium
1697 5211 1807 5280 est,
1841 5210 1901 5265 et
1920 5202 2109 5265 lectus

457 5291 828 5372 impollutus,
861 5293 965 5374 qui
1013 5291 1265 5354 salutem
1313 5291 1583 5372 largitur.
1645 5291 1786 5365 Quae
1837 5311 1970 5354 cum
2031 5293 2112 5354 ita

459 5381 605 5459 sint,
641 5387 699 5442 et
725 5400 862 5442 cum
893 5381 1109 5444 tabqu
1139 5379 1422 5444 divinitus
1462 5382 1700 5464 scriptae
1728 5381 1949 5459 dicant,
1983 5380 2110 5444 Non

462 5467 819 5550 ingredieris
848 5469 924 5532 ad
957 5468 1224 5550 quemvis
1253 5470 1661 5532 necessarium
1719 5473 1913 5532 carnis
1975 5478 2109 5547 tuae,

459 5567 524 5622 ut
553 5558 781 5620 reveles
815 5558 1105 5639 pudorem
1132 5558 1298 5638 ejus:
1338 5577 1474 5621 cum
1505 5559 1736 5640 primus
1764 5559 1866 5622 ille
1896 5577 2115 5640 parens

463 5660 667 5711 noster
695 5646 836 5711 alibi
865 5645 1273 5729 responderit,
1298 5649 1428 5712 Jam
1463 5648 1649 5728 magis
1677 5666 1826 5711 uxor
1856 5666 1991 5712 mea
2025 5657 2114 5712 est

2187 4671 2289 4730 κῆς
2347 4666 2624 4746 συναφείας
2693 4665 3014 4740 τικτόμενοι,
3093 4665 3229 4721 κατᾶ
3300 4666 3360 4720 τὸ
3434 4665 3685 4745 πρότερον
3767 4661 3846 4718 εἵ-

2188 4777 2361 4829 ποιεν,
2397 4753 2486 4813 Ἐν
2514 4756 2792 4834 ἁμαρτίαις
2823 4754 3067 4820 ἐκίσσησέ
3098 4774 3162 4829 με
3193 4755 3227 4822 ἡ
3273 4756 3454 4832 μήτηρ
3509 4777 3612 4830 μου
3645 4769 3658 4784 ⁸
3709 4752 3843 4808 ἀλλὰ

2189 4846 2517 4922 τηρήσαντες
2560 4846 2655 4908 τὰς
2700 4842 2914 4905 ἐντολὰς
2955 4851 3047 4900 τοῦ
3105 4850 3258 4915 Θεοῦ,
3319 4844 3491 4906 καθὼς
3547 4845 3577 4900 ὁ
3632 4845 3836 4922 προπάο

2191 4957 2299 5014 τωρ
2342 4936 2502 4999 αὐτὰς
2534 4935 2761 5013 ἐτήρησε
2816 4935 2918 5010 πρὸ
2959 4939 3058 5000 τῆς
3115 4930 3491 5012 παραϐάσεως,
3536 4937 3634 4999 τῆς
3677 4934 3842 4998 αὐτῆς

2191 5030 2355 5100 τιμῆς
2387 5023 2482 5080 καὶ
2512 5023 2665 5092 δόξης
2693 5023 3100 5097 ἀξιωθήσονται,
3153 5021 3274 5087 ο”ας
3305 5024 3406 5101 πρὸ
3438 5023 3535 5087 τῆς
3566 5023 3841 5100 παρακοῆς

2195 5117 2242 5172 οἱ
2285 5115 2639 5195 προπάτορες.

2275 5207 2457 5281 Τίμιος
2489 5205 2587 5284 γὰρ
2617 5207 2644 5262 ὁ
2675 5205 2868 5282 γάμος,
2903 5206 2990 5260 καὶ
3018 5206 3052 5271 ἡ
3113 5202 3266 5268 κοίτη
3323 5201 3600 5276 ἀμίαντος,
3659 5223 3842 5266 σωτη-

2193 5294 2306 5374 ρίαν
2363 5292 2825 5373 φιλοτιμούμενος.
2904 5294 3114 5351 Τούτων
3195 5291 3359 5354 οὕτως
3431 5289 3692 5370 ἐχόντων,
3758 5289 3845 5345 καὶ

2194 5389 2300 5440 τῶν
2356 5384 2656 5464 θεογράφων
2732 5381 2952 5439 πλακῶν
3021 5381 3290 5460 λεγουσῶν
3323 5393 3339 5410 ⁸
3411 5381 3518 5437 Οὐκ
3575 5376 3844 5454 εἰσελεύσῃ

2197 5474 2326 5552 πρὸς
2356 5473 2527 5530 πάντα
2585 5473 2788 5529 οἰκεῖον
2845 5471 3039 5551 σαρκός
3093 5493 3186 5528 σου
3241 5466 3579 5544 ἀποκαλύψαι
3651 5467 3846 5547 αἰσχύ-

2195 5584 2294 5629 νην
2350 5565 2508 5621 αὒτοῦ
2537 5581 2549 5596 ³
2596 5564 2685 5619 καὶ
2733 5569 2825 5618 τοῦ
2882 5561 3212 5641 προπάτορος
3268 5556 3682 5638 ἀποκρινομένου
3726 5555 3844 5613 ἐτέ-

2196 5653 2381 5729 ρωθεν.
2442 5659 2544 5710 Νῦν
2613 5651 2701 5708 καὶ
2746 5649 2948 5727 μᾶλλον
3002 5652 3036 5719 ἡ
3095 5649 3227 5727 γυνή
3259 5670 3360 5724 μου
3418 5647 3601 5703 ὀστοῦν
3646 5646 3703 5702 ἐκ
3743 5651 3847 5701 τῶν
