4120 6422
395 382 550 447 1213

1731 384 2188 452 GR/ECO-ROM
2194 386 2295 448 AN
2304 387 2412 449 UM
2425 433 2436 445 .

3620 384 3773 450 1‘214

390 517 707 601 πέπεισμαι,
737 522 1009 581 καὶτοῦτο
1050 520 1221 592 λήθης
1273 524 1416 601 βυθῷ
1484 522 1915 606 κατακέχωσται,
1958 542 2013 577 κα

2098 516 2582 606 tgenerationem
2614 518 2933 583 transiens.
2966 516 3098 594 Sin,
3148 516 3306 599 quod
3340 514 3625 606 equidem,
3652 532 3773 580 non

386 607 690 674 Κασταλίας
745 607 883 690 ὕδωρ
940 610 1257 691 εὐχάριστον
1326 615 1433 670 τῶν
1513 613 1635 670 τότε
1685 602 2013 693 ’κρατούντω

2125 602 2408 687 arbitror,
2431 606 2547 671 hoc
2577 606 2753 670 etiam
2776 606 3094 669 oblivionis
3117 624 3335 688 gurges
3350 604 3679 681 absorbuit,
3716 611 3775 668 et

383 696 443 755 οὗ
511 698 760 776 κηρύττει
830 698 931 768 τὴν
1001 699 1250 779 προνοίαν
1314 699 1453 760 ἁλλὰ
1510 700 1806 783 μεμϐράναι
1847 700 2012 781 ptem

2126 692 2383 783 gratiosa
2403 694 2610 759 isthmc
2650 715 2799 778 aqua
2832 695 3100 759 Castaliae
3140 696 3568 779 providenttam
3602 712 3775 775 supe-

377 787 680 868 ἱστορικῶν,
766 789 856 845 καὶ
955 790 1252 871 συγγραφαὶ
1317 796 1585 848 τακτικῶν
1681 792 2038 877 ἂνακτορικῶν

376 878 716 959 κεκράξονται
774 880 913 937 κατὰ
972 880 1259 962 Στέντορα.
1321 883 1423 942 Καὶ
1465 884 1528 941 σὺ
1584 882 1644 941 δὲ
1669 886 1869 951 παντὸς
1908 892 2035 942 συν-

372 969 649 1047 τάγματος
718 966 938 1049 λογικοῦ
1021 968 1191 1028 τελῶν
1261 972 1547 1053 ὑφηγητὴς
1626 974 2036 1055 νουνεχέστατος

374 1057 475 1116 κᾶν
542 1058 712 1134 τούτῳ
770 1065 848 1133 τῷ
905 1057 1172 1134 σπουδαίῳ
1239 1058 1580 1140 προϐλήματι
1627 1061 2034 1135 πλεονεκτήσεις

375 1143 631 1227 πολλοὺς,
674 1145 765 1204 καί
806 1169 899 1223 μοι
943 1145 1304 1219 σαλλαλήσεις
1358 1156 1437 1225 τῷ
1488 1149 1719 1230 γέροντι.
1754 1141 1918 1208 tam:
1944 1155 2032 1210 καὶ

373 1241 465 1292 τοῦ
532 1233 797 1312 βασιλέως
862 1245 1023 1316 κυροῦ
1080 1239 1475 1295 Κωνσταντίνου
1543 1248 1638 1299 τοῦ
1707 1240 2030 1321 Μονομάχου

370 1323 436 1381 τὰ
491 1324 904 1392 θεσπησιώτατα
993 1323 1352 1405 διατάγματα,
1418 1328 1485 1386 τὰ
1567 1326 2028 1409 τελεσφορήσαντα

369 1413 436 1470 τὰ
478 1412 694 1494 όφιρίκια
750 1420 844 1470 τοῧ
884 1415 972 1471 επὶ
1026 1414 1134 1471 τῶν
1191 1416 1439 1493 κρίσεων,
1490 1417 1581 1473 καὶ
1635 1426 1728 1476 τοῦ
1786 1419 2023 1498 νομοφύ-

369 1499 558 1578 λακος,
618 1503 707 1559 καὶ
764 1500 1094 1582 διοριζόμενα
1189 1504 1405 1568 τούτους
1462 1504 1689 1573 ξτησίως
1744 1504 1879 1582 μέτὰ
1935 1509 2023 1565 καὶ

378 1587 556 1647 ἄλλων
580 1587 795 1647 πολλῶν
845 1590 1197 1672 ἀποφέρεσθαι
1254 1592 1414 1674 χάριν
1460 1593 1620 1673 ῥόγας
1663 1593 1763 1650 ἀνὰ
1812 1596 2032 1675 χρυσίου
2058 1650 2071 1658 ,

368 1677 593 1750 τοσήνδε
653 1679 949 1753 ποσότητα,
1031 1682 1120 1738 καὶ
1161 1681 1230 1738 τὰ
1297 1681 1497 1753 συνήδη
1555 1683 1712 1763 βαΐα,
1756 1682 1852 1740 οὐκ
1906 1684 2031 1741 εἰσὶν

2117 781 2302 845 rioris
2331 784 2637 848 memoriae
2691 784 3026 867 principum
3056 804 3173 847 non
3206 784 3529 867 praedicat:
3558 783 3767 846 saltem

2121 870 2788 936 membranaalibrorum
2805 873 3315 950 historicorum,et
3327 872 3768 936 ordinationum

2117 959 2440 1022 aulicarum
2487 970 2871 1024 monumenta
2922 961 3216 1026 Stentoris
3265 963 3326 1024 in
3381 981 3606 1024 morem
3638 962 3767 1023 haec

2117 1049 2593 1129 proclamalmnt.
2660 1052 2746 1114 Tu
2798 1070 3060 1134 quoque,
3107 1052 3211 1134 qui
3259 1050 3520 1132 cujusvis
3551 1049 3769 1112 eruditi

2114 1135 2325 1218 scripti
2355 1139 2738 1203 acutissimus
2763 1160 2828 1203 es
2861 1141 3184 1221 interpres,
3213 1142 3392 1204 etiam
3418 1140 3475 1201 in
3506 1140 3616 1201 hac
3648 1159 3766 1200 non

2112 1224 2261 1288 levis
2275 1229 2558 1291 momenti
2574 1229 2901 1311 quaestione
2913 1230 3317 1311 compluribus
3330 1228 3763 1311 erissuperior,

2108 1332 2177 1375 ac
2208 1334 2304 1378 me
2333 1335 2542 1379 senem
2572 1318 2634 1380 in
2666 1318 2929 1381 dicendo
2954 1319 3210 1398 juvabis.
3273 1318 3610 1393 Quinetiam
3644 1318 3758 1379 im-

2108 1407 2420 1488 peratoris,
2456 1407 2686 1470 domini
2735 1409 3111 1471 Constantini
3166 1407 3534 1473 Monomachi
3566 1407 3763 1470 edicta

2099 1495 2522 1572 sacratissima,
2547 1498 2762 1579 quibus
2808 1499 3077 1561 ordinata
3109 1507 3246 1561 sunt
3272 1497 3469 1560 ofﬁcia
3495 1497 3757 1579 praefecti

2112 1583 2506 1663 Judieiorum,
2533 1597 2591 1650 et
2615 1588 3081 1670 nomophylacis,
3102 1597 3305 1670 etquae
3334 1594 3620 1661 statuunt,
3658 1604 3760 1647 eos

2114 1671 2343 1736 debere
2372 1674 2640 1754 singulos
2670 1677 2730 1738 in
2784 1695 2998 1753 annos,
3047 1685 3264 1758 praeter
3311 1674 3762 1755 alia,consequi

365 1767 422 1825 ἰν
462 1770 539 1845 τῷ
606 1772 833 1850 οὐρανῷ,
879 1768 994 1826 οὐδὲ
1038 1769 1202 1851 πέραν
1243 1769 1535 1840 θαλάσσης,
1607 1761 1705 1828 ’ίνα
1756 1794 1834 1838 τις
1864 1771 2013 1856 εἴπῃ,

2111 1761 2341 1825 ratione
2369 1782 2552 1847 rogae,
2597 1766 2926 1846 quemlibet
2946 1767 3075 1828 auri
3099 1768 3275 1828 talem
3288 1785 3357 1827 ac
3374 1765 3552 1856 talem
3575 1782 3759 1856 quan-

372 1860 462 1923 Τίς
490 1865 655 1917 ταῦτα
720 1862 1064 1937 μετακομίσει
1109 1879 1251 1941 μοι,
1316 1862 1460 1941 Παρὰ
1515 1858 1569 1918 δὲ
1617 1868 1686 1939 τῇ
1734 1863 1875 1942 χειρὶ
1906 1885 2021 1937 σου,

363 1948 452 2004 καὶ
498 1954 567 2024 τῇ
622 1945 808 2027 καρδίᾳ
849 1970 967 2023 σου,
1029 1950 1117 2006 καὶ
1171 1954 1250 2023 τῷ
1306 1949 1531 2026 στόματί
1588 1949 1683 2005 σού
1738 1950 1858 2009 εἰσί.
1928 1953 2026 2010 Καὶ

362 2036 579 2101 πάντως
634 2035 1070 2116 γνωμολογήσεις
1150 2036 1213 2094 ἐκ
1261 2038 1461 2095 τούτων
1528 2044 1623 2096 τοῦ
1711 2039 2025 2119 πράγματος

364 2125 464 2192 τὴν
494 2124 767 2197 ἀλήθειαν.
800 2132 917 2185 Τῶν
975 2134 1100 2207 γοῦν
1158 2125 1419 2203 βασιλέων
1463 2128 1551 2188 καὶ
1603 2132 1711 2184 τῶν
1758 2150 2021 2209 πατριαρ-

361 2218 481 2293 χῶν
510 2211 975 2292 μεγαλυνομένων,
1036 2214 1111 2281 ὥς
1167 2214 1407 2295 ε’ίρηται,
1439 2214 1524 2273 διὰ
1552 2221 1658 2272 τῶν
1706 2217 1880 2293 βαίων
1934 2211 2022 2275 καὶ

357 2308 464 2359 τῶν
495 2302 694 2381 ρογῶν,
727 2300 830 2359 ἔδει
859 2301 993 2368 τέως
1024 2304 1145 2368 τοὺς
1185 2304 1523 2384 πατριάρχας
1580 2304 1702 2369 τοὺς
1765 2304 1866 2373 τὴν
1918 2304 2022 2383 ἀρ-

357 2391 519 2471 χαίαν
566 2389 730 2472 μέχρι
793 2398 886 2448 τοῦ
955 2398 1043 2449 νῦν
1113 2400 1500 2473 σοντηροῦντας
1556 2394 1859 2467 συνήθειαν,
1928 2387 2018 2450 καὶ

358 2480 637 2562 χρυσίνονς
706 2491 1172 2562 παραμετροῦντας
1242 2495 1362 2547 τοῖς
1431 2481 1739 2562 κληρικοτς,
1814 2480 2018 2573 διδόναξ

357 2570 446 2627 καὶ
491 2571 649 2647 βαΐα,
713 2571 884 2636 καθὼς
954 2572 1379 2652 προτετύπωται.
1438 2571 1589 2631 Ἐπεὶ
1654 2570 1700 2628 δ’
1753 2572 1846 2629 οὒκ
1901 2570 1991 2629 οἴδ

357 2658 506 2724 ὅπως
556 2662 618 2718 οὗ
673 2659 910 2741 φαίνεταί
998 2682 1129 2718 ποτε
1198 2668 1354 2718 τοῦτο
1424 2661 1725 2742 γινόμενον,
1798 2659 1918 2718 ἀλλ’
1964 2658 2019 2718 ἐν

354 2759 479 2811 ταῖς
507 2747 733 2828 ἡμέραις
761 2756 866 2806 τῶν
918 2751 1281 2831 κατηχὴσεων
1339 2751 1452 2809 ἀντὶ
1505 2751 1678 2831 ῥογῶν
1730 2752 1819 2808 καὶ
1843 2752 2016 2828 βαίων

361 2835 501 2911 μόνα
572 2833 772 2895 διδόασι
801 2844 879 2913 τῷ
934 2837 1049 2914 λαῷ
1126 2839 1432 2915 θυμιάματα
1464 2856 1480 2872 ⁸
1548 2839 1847 2908 σκοπητέον
1914 2842 2017 2920 πρὸ

358 2927 598 3002 πάντων,
663 2929 726 2986 τό
779 2930 1175 3006 σημαινόμενον
1225 2931 1331 2988 τῶν
1390 2931 1583 3011 βαίων,
1628 2932 1717 2989 καὶ
1756 2930 2014 3004 ζητητέον

359 3016 460 3085 τὴν
502 3017 696 3098 αἰτίαν,
727 3015 796 3074 δι’
826 3019 893 3087 ἣν
938 3019 1244 3095 θυμιάματα
1298 3020 1399 3096 μὲν
1456 3017 1681 3079 δίδονται
1750 3021 1885 3076 κατὰ
1912 3021 2013 3088 τὴν

2107 1851 2358 1927 titatem,
2406 1873 2521 1915 una
2570 1874 2704 1916 cum
2756 1855 3061 1918 consuetis
3102 1854 3298 1936 baiis;
3338 1873 3456 1916 non
3509 1852 3571 1915 in
3603 1850 3755 1915 casto

2105 1947 2264 2016 sunt,
2301 1959 2411 2003 nec
2464 1950 2622 2005 trans
2681 1963 2865 2016 mare,
2932 1944 3016 2005 uti
3078 1944 3284 2005 dicere
3336 1942 3469 2024 quis
3517 1940 3753 2021 debeat,

2104 2027 2387 2102 Quisnam
2422 2032 2544 2094 haec
2561 2034 2765 2095 afferet
2793 2032 2983 2096 mihi?
3014 2032 3131 2096 Sed
3178 2040 3318 2093 sunt
3342 2032 3403 2093 in
3428 2049 3603 2092 manu
3630 2039 3751 2106 tua,

2108 2126 2167 2180 et
2195 2119 2256 2183 in
2285 2121 2469 2181 corde
2502 2129 2624 2202 tuo,
2688 2130 2746 2183 et
2788 2123 2848 2183 in
2909 2141 3014 2185 ore
3074 2131 3197 2184 tuo.
3256 2124 3451 2202 Atque
3508 2120 3756 2181 omnino

2105 2205 2194 2268 rei
2226 2208 2541 2270 veritatem
2590 2229 2660 2272 ex
2722 2210 2816 2272 his
2874 2211 3089 2274 mentis
3147 2209 3421 2273 acumine
3479 2209 3749 2285 colliges.

2103 2297 2250 2360 Cum
2281 2305 2478 2359 autem
2529 2298 2922 2381 imperatores
2987 2308 3046 2364 et
3098 2299 3456 2382 patriarchae
3517 2298 3751 2378 magni-

2102 2389 2398 2452 ﬁcentiam
2457 2409 2566 2454 ceu
2624 2392 2849 2454 dietum
2911 2402 3025 2468 est,
3113 2413 3281 2456 suam
3336 2394 3751 2455 demonstrent

2102 2497 2210 2559 per
2241 2478 2372 2541 baia
2400 2496 2459 2542 et
2489 2500 2683 2560 rogas,
2718 2500 2864 2546 sane
2896 2502 3000 2563 par
3056 2492 3211 2558 erat,
3273 2491 3336 2545 ut
3368 2481 3742 2564 patriarchae.

2101 2567 2203 2650 qui
2235 2569 2487 2651 priscam
2505 2570 2796 2649 hactenus
2840 2573 3337 2635 consuetudinem
3370 2578 3743 2642 conservant,

2102 2666 2167 2721 et
2222 2676 2439 2722 aureos
2484 2660 2720 2723 clericis
2777 2680 3052 2723 nummos
3102 2662 3531 2735 admetiuntur,
3567 2659 3742 2721 etiam

2104 2746 2249 2827 ipsis
2275 2747 2410 2810 baia
2458 2748 2694 2825 darent,
2746 2750 3249 2832 quemadmodum
3304 2749 3627 2811 indicatum
3659 2756 3751 2811 est

2099 2845 2295 2900 antea.
2334 2837 2451 2900 Sed
2475 2840 2754 2918 quoniam
2782 2842 2913 2922 hos,
2952 2840 3155 2902 nescio
3174 2839 3376 2922 quade
3396 2857 3596 2918 causa,
3628 2857 3745 2898 non

2099 2925 2355 3002 amplius
2401 2926 2533 2990 ﬁeri
2589 2928 2885 3010 videmus,
2938 2930 3043 2992 sed
3104 2929 3178 2991 iis
3234 2927 3470 3002 diebus,
3531 2925 3748 3008 quibus

2096 3015 2437 3077 catecheses
2450 3016 2771 3093 habentur,
2805 3017 2934 3081 loco
2954 3036 3229 3099 rugarum
3252 3016 3592 3079 etbaiorum
3616 3016 3745 3077 sola

352 3104 556 3185 ἡμέραν
586 3111 685 3175 τῆς
713 3108 1096 3188 κατηχήσεως,
1160 3109 1249 3165 καὶ
1304 3109 1440 3165 κατᾶ
1495 3109 1594 3177 τὴν
1654 3107 1895 3188 μεγάλην
1919 3131 2009 3165 τε-

2098 3104 2311 3185 populo
2337 3104 2774 3169 dantincensa:
2806 3107 3305 3170 considerandum
3350 3112 3488 3167 ante
3518 3103 3742 3184 omnia,

354 3192 518 3274 τράδα
570 3196 729 3276 κηρία
776 3197 864 3253 καὶ
917 3197 1221 3274 θυμιάματα
1252 3212 1267 3228 ⁹
1329 3199 1489 3279 κηρία
1543 3196 1599 3255 δὲ
1642 3200 1730 3256 καὶ
1786 3199 2007 3278 σταορὸς

352 3284 487 3340 κατὰ
514 3289 613 3353 τῆς
640 3286 901 3367 βαῖφόρου
940 3286 1006 3336 84
1028 3286 1127 3355 τὴν
1175 3286 1534 3367 Κυριώνυμον.

2027 3173 2068 3224 C

2092 3193 2388 3275 quodnam
2406 3196 2565 3256 vocis
2594 3194 2862 3258 baiorum
2900 3196 3296 3277 signiﬁcatum
3343 3193 3441 3267 sit,
3469 3192 3739 3273 etinqui-

2090 3283 2297 3364 rcnda,
2323 3293 2567 3366 propter
2595 3305 2770 3367 quam
2800 3286 3043 3349 incensa
3101 3286 3323 3349 dantur
3351 3283 3411 3345 in
3444 3283 3544 3345 die
3575 3290 3742 3344 cate-

347 3371 567 3455 obesis,
597 3379 657 3437 et
688 3392 901 3455 magna
922 3375 1071 3440 feria
1091 3384 1321 3458 quarta,
1356 3375 1517 3440 cerei
1547 3394 1678 3438 cum
1710 3375 2021 3453 incensis;
2047 3373 2210 3437 cerei
2242 3373 2505 3455 denique
2536 3393 2671 3437 cum
2705 3376 2985 3438 crucibus
3013 3395 3082 3437 ea
3112 3374 3443 3450 Dominica,
3472 3390 3589 3455 qua
3610 3371 3745 3433 baia

346 3470 675 3544 gestantur.
1064 3520 1071 3521 κ

428 3556 535 3612 Οἷα
564 3554 663 3630 μὲν
708 3555 797 3613 οὖν
815 3555 957 3624 ἦσαν
985 3556 1049 3613 τὰ
1093 3556 1227 3633 βαΐα
1275 3556 1481 3630 ἐκεῖνα,
1546 3557 1690 3636 παρὰ
1745 3554 2008 3633 βασιλέων

345 3640 592 3720 διδόμενά
652 3644 785 3703 ποτέ
838 3647 928 3702 καὶ
1002 3652 1373 3725 πατριαρχῶν,
1432 3644 1568 3711 τέως
1651 3643 1761 3724 ἐγὼ
1802 3645 2002 3722 ἀγνοῶ.

346 3730 477 3791 Οὔτε
528 3734 629 3815 γὰρ
708 3734 815 3791 ἀπὸ
906 3735 1090 3815 χειρὸς
1184 3733 1469 3812 βασιλικῆς
1528 3734 1565 3804 ἢ
1607 3738 2005 3814 πατριαρχικῆς

343 3822 501 3898 βαίον
548 3822 585 3890 ἠ
643 3823 763 3904 χείρ
821 3846 923 3899 μου
983 3823 1120 3899 μετὰ
1188 3822 1349 3902 ρόγας
1406 3820 1639 3898 ἐδέξατο,
1698 3824 1787 3880 καὶ
1839 3830 2005 3879 ταῦτα

342 3908 729 3987 πλουτιζομένη
786 3909 902 3969 καθ’
958 3911 1191 3979 ἑκάστην
1235 3910 1433 3992 σχεδὸν
1490 3910 1580 3968 ὑπ’
1646 3912 1841 3992 αὐτῶν,
1888 3911 2003 3968 οὔτε

339 4000 439 4067 τὴν
503 3999 705 4057 τούτων
769 3999 1033 4068 ποιότητα
1090 4022 1198 4080 παρ
1254 3999 1447 4079 ἐτέρων
1479 3999 1789 4076 μεμάθηκα.
1853 3998 2001 4059 Κλά-

339 4085 459 4153 δους
488 4086 544 4145 δὲ
600 4089 851 4170 φοινίκων
919 4090 1009 4146 καὶ
1050 4093 1314 4170 μυραινῶν
1385 4087 1571 4167 βλέπω
1639 4089 1762 4152 τοὺς
1806 4089 1977 4168 ἀνθρώ

341 4198 472 4241 πους
553 4177 911 4259 κατέχοντας,
1001 4180 1090 4235 καὶ
1157 4178 1257 4247 τὴν
1339 4179 1597 4259 βαϊφόρον
1666 4175 1994 4249 δοξάζοντας.

2171 3552 2490 3615 Enimvero
2515 3554 2851 3634 cujusmodi
2897 3554 3122 3617 fuerint
3161 3555 3260 3617 illa
3310 3553 3471 3632 baia,
3504 3570 3638 3634 quae
3667 3551 3742 3611 ab

2090 3638 2559 3722 imperatoribus
2582 3652 2640 3705 et
2665 3644 3015 3722 patriarchis
3054 3644 3194 3723 olim
3218 3642 3533 3716 dabantur,
3561 3640 3740 3721 equi-

2089 3729 2225 3791 dem
2241 3730 2526 3793 hactenus
2552 3734 2779 3811 ignoro.
2802 3735 2925 3796 Nec
2949 3735 3108 3795 enim
3132 3732 3205 3795 ab
3235 3730 3619 3813 imperatoria
3647 3730 3737 3791 vel

2090 3817 2470 3899 patriarcha'i
2495 3838 2673 3882 manu
2694 3820 2894 3883 baium
2923 3821 3161 3902 aliquod
3188 3840 3320 3883 cum
3363 3838 3507 3899 roga
3529 3838 3739 3880 manus

2090 3924 2222 3968 mea
2252 3926 2507 3988 unquam
2540 3910 2796 3990 accepit,
2831 3911 2969 3972 licet
3006 3910 3080 3972 ab
3131 3911 3218 3972 eis
3258 3908 3478 3990 alioqui
3509 3916 3733 3969 tantum

2087 4013 2204 4057 non
2238 3997 2505 4076 quotidie
2536 4000 3045 4080 collucupletetur.
3085 4019 3194 4063 nec
3233 4002 3445 4063 borum
3477 3997 3734 4080 qualita-

2087 4091 2201 4144 tem
2238 4103 2306 4147 ex
2340 4085 2781 4151 aliisintellexi.
2817 4089 3158 4153 Palmarum
3207 4099 3426 4165 tamen,
3481 4108 3548 4148 ac
3582 4106 3735 4167 myr-

2082 4179 2275 4234 torum
2311 4193 2511 4236 ramos
2564 4185 2769 4239 tenere
2814 4198 2992 4241 manu
3047 4179 3320 4240 homines
3370 4178 3566 4256 video,
3598 4195 3734 4237 cum

337 4267 501 4331 Ποίας
543 4264 599 4323 δὲ
668 4266 946 4348 διαλέκτου
987 4269 1050 4324 τὸ
1110 4268 1299 4348 βαϊονῄ
1325 4268 1461 4343 ἐστὶ,
1518 4268 1608 4324 καὶ
1650 4266 1765 4323 τίνα
1808 4289 1994 4343 σημα-

2099 4262 2237 4323 lieni
2269 4263 2596 4337 celebrant,
2632 4287 2747 4348 qua
2778 4267 2910 4330 baia
2939 4277 3265 4347 gestantur.
3295 4268 3365 4332 Et
3414 4270 3731 4344 cuiusnam

335 4355 451 4412 σίαν
494 4355 613 4436 ἔχει
643 4356 784 4439 me;
811 4338 1222 4432 ἰΡωμαίουςκαιὶ
1273 4338 1553 4436 Έλληνας,
1595 4338 2013 4426 δηλωθήσεται..

2100 4351 2291 4430 ingum
2321 4338 2669 4417 vocabulum
2718 4357 2793 4417 sit
2816 4338 3018 4419 baitim
3052 4377 3302 4439 quamve
3336 4354 3691 4435 signiﬁcatio
3714 4388 3730 4400 -

337 4445 501 4502 Βαίον
573 4446 711 4502 κατὰ
771 4436 1059 4522 Ῥωμαίους
1132 4446 1250 4502 οὔτε
1317 4443 1505 4510 κλάδος
1558 4445 1699 4501 ἐστὶν
1768 4444 1827 4501 ἐκ
1878 4443 2000 4501 δέν-

340 4531 463 4611 δρου
506 4535 869 4615 κοπτόμενος,
913 4535 1034 4591 οὔτε
1096 4533 1245 4614 ῥόδον
1299 4535 1360 4592 ὲκ
1400 4532 1650 4613 Munia:
1704 4533 2004 4612 συναγόμε-

331 4644 444 4697 νον,
480 4622 596 4680 οὔτε
627 4625 799 4705 κρίνον
854 4624 915 4681 ἐκ
994 4631 1270 4706 κρινωνιᾶς
1318 4622 1703 4703 συλλεγόμενον
1736 4643 1750 4657 ·
1798 4622 2000 4703 ἅνθρω-

338 4713 467 4780 πίνη
496 4713 562 4764 85
588 4712 645 4770 δὲ
688 4714 903 4793 γνώμη,
936 4712 996 4771 ἐκ
1024 4711 1174 4773 τοῦδε
1203 4714 1277 4777 εἰς
1340 4711 1457 4770 τόδε
1490 4710 1800 4789 μετάϐασις.
1834 4712 2006 4790 ἀγαθὴ

341 4799 590 4869 δηλονότι
642 4803 679 4868 ἢ
732 4803 962 4883 πονηρά,
1052 4800 1320 4861 Ἐντεῦθεν
1403 4802 1504 4881 γὰρ
1560 4802 1680 4865 τοὺς
1724 4799 1997 4881 παιδοτρί-

333 4887 431 4954 ϐας
492 4889 777 4968 βαϊούλους
837 4891 1298 4971 κατονομάζομεν,
1358 4892 1433 4955 ὡς
1488 4891 1555 4948 τὰ
1607 4887 1851 4958 νηπιώδη
1894 4896 2000 4947 τὼν

336 4976 527 5037 παίδων
613 4981 929 5061 φρονήματα
1030 4980 1362 5059 μετάγοντας
1454 4980 1584 5057 πρὸς
1687 4978 1993 5058 ἁῤῥένωσιν,

329 5070 430 5129 Καὶ
499 5068 986 5149 πραεϐαρικάτορας
1043 5067 1297 5149 λέγαμεν,
1369 5070 1492 5134 τοὺς
1556 5068 1996 5145 ποικιλλομὲνους

331 5158 471 5214 κατὰ
524 5158 625 5225 τὴν
695 5156 805 5238 ἵριν
883 5158 1189 5238 συνεργοὺς,
1269 5159 1359 5215 καὶ
1435 5156 1782 5238 προδιδόντας
1875 5159 1995 5222 τοὺς

329 5245 669 5327 πρόσφυγας.
721 5237 830 5315 Τῆς
874 5257 1000 5325 γοῦν
1056 5244 1308 5327 ἰουδαίας
1364 5249 1453 5303 καὶ
1511 5237 1859 5326 Ἰερουσαλὴμ
1898 5268 1996 5325 γε-

326 5326 559 5411 νομένης
629 5336 938 5417 ὑποχειρίας
1024 5342 1131 5393 τῶν
1221 5326 1498 5413 Ῥωμαῖων
1566 5337 1644 5411 τῷ
1702 5333 1993 5416 στέμματι,

336 5426 471 5499 μετα
527 5425 588 5482 τὸ
659 5425 1001 5506 μοναρχῆσλι
1073 5426 1164 5481 τὸν
1236 5421 1455 5483 Ἰούλιον
1513 5425 1770 5505 Καίσγρα,
1833 5424 1996 5503 (οὕτω

2085 4459 2220 4501 nem
2247 4441 2456 4503 habeat
2474 4445 2800 4507 secundum
2819 4446 3117 4509 Romanos
3137 4450 3462 4519 ethecos,
3494 4445 3728 4506 indica-

2084 4528 2266 4591 bitur.
2292 4529 2499 4593 Baium
2524 4533 2722 4612 lingua
2746 4536 3010 4599 Romana
3033 4558 3223 4618 neque
3245 4556 3474 4598 ramum
3506 4534 3731 4613 signiti-

2084 4629 2202 4693 cat,
2235 4640 2305 4680 ex
2328 4619 2542 4683 arbore
2566 4642 2805 4699 czesum,
2831 4644 3029 4705 neque
3052 4645 3247 4687 rosam
3280 4645 3349 4685 ex
3374 4638 3578 4685 roseto
3599 4623 3725 4684 col-

2084 4708 2299 4770 lectam
2333 4727 2527 4790 neque
2560 4711 2747 4774 lilium
2783 4734 2795 4776 :
2847 4716 2955 4776 sed
3004 4722 3096 4777 est
3145 4715 3328 4775 animi
3378 4712 3621 4775 hmnani
3653 4710 3727 4774 ab

2082 4819 2200 4861 una
2227 4800 2525 4861 sententia
2555 4801 2615 4862 in
2645 4802 2697 4863 a‘l
2725 4824 2818 4864 am
2880 4804 3191 4874 traductio,
3220 4804 3398 4865 bona
3430 4802 3727 4874 videlicet,

2082 4890 2169 4951 vel
2203 4906 2401 4969 prava.
2462 4889 2757 4953 Nimirum
2811 4892 2951 4955 hinc
2995 4895 3083 4967 ﬁt,
3136 4904 3196 4954 ut
3243 4911 3565 4974 puerorum
3601 4911 3728 4952 ma-

2081 4979 2300 5059 gistros
2345 4980 2676 5060 apellemus
2725 4980 2980 5056 baiulos,
3035 4983 3216 5046 veluti
3272 4984 3377 5064 qui
3411 5000 3726 5063 puerorum

2080 5067 2312 5130 animos
2367 5068 2627 5130 infantes
2703 5070 2774 5131 ad
2836 5070 3171 5133 virilitatem
3260 5072 3572 5134 u‘adueaut
3658 5070 3728 5132 Et

2082 5157 2565 5236 praevaricatores
2641 5157 2898 5220 dicimus
2981 5179 3086 5223 eos
3164 5160 3564 5240 cooperatios,
3624 5160 3728 5241 qui

2079 5245 2384 5308 variantur
2414 5245 2600 5307 instar
2631 5246 2826 5321 iridis,
2860 5259 2919 5311 et
2950 5248 3197 5311 clientes
3219 5250 3496 5330 produnt.
3522 5249 3727 5330 Itaque

2078 5352 2213 5394 cum
2243 5333 2445 5396 Jutlaea
2467 5342 2519 5396 et
2544 5333 2953 5417 Hierosolyma
2996 5337 3143 5401 facta
3183 5338 3389 5400 fuisset
3424 5338 3726 5401 Romano-

2077 5442 2209 5485 rum
2256 5423 2511 5504 imperio
2562 5423 2826 5500 subdita,
2884 5425 3010 5489 solo
3068 5444 3269 5489 rerum
3332 5428 3516 5508 potito
3572 5425 3728 5491 Julio

1657 5591 1920 5655 VARUE
1954 5590 2388 5657 LECTIONES.

396 5725 464 5777 εὖ
494 5728 704 5807 σταυροὶ
736 5750 803 5784 κα
818 5730 870 5784 τὰ
901 5730 1000 5796 τὴν
1041 5728 1355 5810 βαϊορόρον.
1439 5729 1505 5780 85
1531 5727 1858 5807 ἀνθρωπίνης
1889 5724 1943 5783 δὲ
1971 5727 2215 5805 γνώμης,
