4120 6440
424 432 570 498 1217
1757 435 2458 502 ϐΒίΕῧΟσΗΟΜΑΝΠΜ.
3659 441 3814 506 1218

419 569 522 646 πρὸ
559 568 770 648 χρόνων
801 567 1125 649 ἐσχόλασαν,
1173 566 1239 624 δι’
1287 570 1352 637 ἢν
1394 571 1560 628 αἰτίαν
1583 568 1776 627 ἄνωθεν
1804 571 2030 648 εἴπομεν

2160 589 2317 650 rogae
2347 571 2737 653 baiorumque
2767 571 2970 648 ﬂores,
2995 571 3098 654 qui
3121 591 3256 653 cum
3284 573 3444 652 rogis
3464 575 3806 640 exorieban-

413 664 518 714 τῶν
551 656 604 713 δὲ
675 658 828 716 θείων
886 663 1233 739 πατριαρχῶν
1317 663 1371 715 αἱ
1428 659 1580 737 ῥόγαι
1639 659 2057 736 δημοσιεύονται1

2160 667 2277 738 tur,
2292 669 2427 722 ante
2445 662 2663 723 multos
2677 680 2866 723 annos
2885 662 3198 726 desierunt
3222 681 3290 724 ex
3314 681 3384 725 ea
3403 681 3604 740 causa,
3629 684 3806 746 quam

414 749 502 804 καὶ
545 751 579 816 ἡ
604 751 841 820 συνήθως
874 747 1124 825 διδομένη
1168 750 1298 829 ῥόγα
1359 751 1496 806 κατὰ
1553 750 1650 818 τὴν
1706 751 1894 831 κυρίως
1943 751 2057 808 ἀπό

2155 748 2599 831 indicavimus;
2660 769 2794 812 cum
2860 768 3021 831 roga;
3081 751 3552 830 patriarcharum
3607 754 3804 818 adhuc

414 859 576 916 κρεω,
651 841 724 904 εἰς
783 841 883 908 τὴν
937 839 1164 907 ἐτησίως
1235 838 1617 920 προϐαίνουσαν
1690 841 2057 908 ἐκκλησιαστι-

2155 837 2216 898 in
2243 857 2356 900 usu
2390 839 2624 920 publico
2655 839 2796 912 sint,
2832 858 3080 920 quaeque
3113 859 3217 921 pro
3251 859 3419 903 more
3445 841 3620 904 datur
3667 862 3808 924 roga

413 929 512 994 κην
541 928 700 1007 ρόγαν
751 930 887 985 κατὰ
950 930 1048 996 τὴν
1093 927 1336 1006 μεγάλην
1408 928 1588 1009 τρίτην
1649 929 1931 1010 μετέπεσε,
1961 951 2057 986 κα-

2153 926 2252 988 die
2275 929 2469 989 carnis
2493 927 2686 1009 privii,
2717 928 2805 990 sic
2822 929 3127 990 immutata
3150 930 3248 1001 sit,
3275 937 3340 992 ut
3359 930 3419 991 in
3458 931 3806 995 anniversa-

411 1016 538 1087 θὼς,
594 1018 658 1075 τὰ
730 1017 933 1074 παλαιὰ
987 1017 1205 1075 λαλοῦσι
1263 1017 1507 1098 ῥηγάλια,
1559 1016 1788 1076 διδόασιν
1856 1022 1905 1076 οἱ
1955 1041 2057 1076 πα-

2147 1016 2297 1077 riam
2327 1035 2532 1097 rugam
2585 1018 3046 1081 ecclesiasticam
3109 1037 3335 1098 magnae
3398 1019 3562 1082 feriae
3617 1023 3808 1085 tertiae

412 1105 661 1186 τριάρχαι
704 1107 841 1182 μετὰ
890 1109 990 1174 τὴν
1043 1107 1362 1187 κατώχησιν
1419 1114 1496 1182 τῷ
1552 1107 1667 1183 λαῷ
1723 1111 1798 1172 ὡς
1841 1109 1972 1186 βαΐα
2002 1110 2057 1165 τὸ

2146 1104 2390 1181 inc-idat,
2408 1106 2909 1187 quemadmodum
2933 1106 3174 1187 antiqua
3194 1107 3438 1184 Rogalia
3455 1107 3802 1189 loquuntur:

412 1196 715 1269 θυμιάματα
751 1211 764 1225 ⁸
834 1197 1270 1274 παρεγγυώμενοι
1333 1194 1400 1252 δι’
1458 1199 1628 1253 αὕτῶν
1703 1199 1893 1253 ὡσανεὶ
1950 1211 2057 1261 τοῖς

2148 1193 2371 1256 idcirco
2401 1200 2544 1256 dant
2590 1194 2939 1274 patriarchae
2999 1195 3218 1276 populo
3270 1201 3403 1276 post
3456 1198 3804 1260 catechesin

391 1275 760 1359 λαμϐάνουσι,
836 1299 1184 1361 μεταπεσεῖν,
1210 1328 1215 1334 .
1243 1285 1304 1341 ἐκ
1359 1290 1458 1352 τῆς
1516 1285 1723 1367 φαῦλῆς
1783 1283 2064 1367 διαγογῆς,

413 1373 586 1436 καθὼς
655 1396 757 1431 που
828 1375 916 1430 καὶ
986 1377 1394 1454 καθηγήθησαν,
1469 1377 1557 1431 καὶ
1627 1373 1695 1430 δι’
1755 1374 2067 1455 ὀλιγομέρου

413 1460 735 1542 ἐπιστροφῆς
794 1462 1064 1539 βασιλείαν
1123 1465 1332 1521 αἰώνιον
1385 1462 1824 1530 ἀνταλλάξασθαι.
1901 1465 2064 1522 Eure-

412 1547 525 1606 λέσι
570 1549 624 1605 δὲ
692 1552 984 1628 θυμιαμάσι
1028 1554 1166 1610 κατὰ
1222 1551 1604 1631 σμικρολόγους
1661 1555 1748 1610 καὶ
1817 1551 2068 1629 κίμϐικας

413 1642 506 1697 οὒκ
562 1637 899 1697 ἐλαττονοῦσι
953 1642 1014 1696 τὸ
1066 1639 1356 1720 μεγαλεῖον
1411 1649 1504 1698 τοῦ
1547 1643 1850 1718 Πνεύματος
1885 1663 1898 1675 ·
1933 1643 2065 1712 (πῶς

409 1729 508 1806 γὰρ
567 1730 615 1785 οὶ
658 1736 831 1786 πᾶσαν
900 1731 1000 1798 τὴν
1069 1730 1385 1806 οἰκουμένην
1459 1729 1853 1811 φιλανθροπίαις
1921 1753 2063 1787 παν·-

407 1814 670 1882 τοδαπαῖς
763 1819 1144 1896 σαγηνεύοντες
1155 1869 1167 1892 ,

410 1905 779 1978 αὖλακίζοντες
865 1907 1111 1988 ἄρουραν,
1193 1910 1280 1964 καὶ
1375 1907 1644 1990 πολύχουν
1766 1911 2069 1990 εὐεργεσίας

409 1999 690 2073 θερίζοντες
715 1994 999 2078 ἅσταχυνς
1037 1997 1224 2078 )ἀλλὰ
1278 1999 1374 2068 τῆς
1433 2000 1640 2080 ἡμέρας
1707 2001 1807 2067 τὴν
1850 1998 2064 2076 δύναμιν

410 2087 780 2162 αἰνιττόμενοι,
816 2089 904 2145 καὶ
951 2084 1283 2151 διδάσκοντες
1342 2089 1566 2166 ὡσπερεὶ
1609 2087 1676 2144 δι’
1733 2090 1902 2146 αὐτῶν
1941 2089 2064 2152 τοὺς

409 2172 798 2256 λαμϐάνοντας,
845 2179 1034 2232 ὁποῖον
1067 2175 1207 2232 εἶναι
1236 2174 1319 2232 δεῖ
1374 2179 1436 2232 τὸ
1467 2180 1700 2256 ψυχικὸν
1740 2178 2061 2253 κατάστημα

408 2270 498 2318 τοῦ
529 2265 897 2340 νηστεύοντος,
946 2266 1034 2321 καὶ
1084 2265 1181 2332 τῆς
1243 2268 1523 2341 μετανοίας
1578 2269 1639 2322 τὸ
1682 2265 2054 2348 ὁλοκαύτωμα,

409 2352 620 2419 καὶτῆς
648 2358 954 2433 προσευχῆς
999 2355 1062 2411 τὸ
1121 2357 1379 2430 θυμίαμα,
1430 2357 1527 2413 Καὶ
1581 2356 1700 2412 τότε
1757 2355 1855 2431 μὲν
1924 2356 2061 2413 οὕτω

409 2442 772 2498 κατευθύνουσι
801 2448 898 2508 τῆς
957 2443 1201 2510 νηστείας
1265 2446 1329 2500 τὸ
1393 2443 1626 2507 στάδιον,
1666 2446 1810 2502 Κατὰ
1867 2443 1921 2501 δὲ
1964 2449 2063 2513 τὴν

407 2534 506 2596 τῆς
561 2531 850 2610 βαῖοφόρου
903 2533 1240 2612 χαρμόσυνυν
1309 2533 1660 2612 κυριώνυμον,
1720 2535 1792 2598 ὡς
1847 2533 2065 2591 ἀθλοθέ.

405 2640 490 2675 ται
519 2620 846 2696 καθίσαντες,
917 2621 1182 2702 (Ἐκάθισε
1225 2624 1350 2703 γὰρ,
1405 2625 1588 2704 φησὶν,
1652 2626 1678 2680 ὁ
1725 2625 1912 2702 κρίνων
1983 2624 2060 2680 δι-

405 2709 742 2790 καιοσὸνην,)
805 2708 1087 2777 δεξιοῦνται
1141 2713 1263 2775 τοὺς
1319 2715 1380 2768 τὸ
1422 2713 1749 2792 παγκράτιον
1792 2719 1890 2781 τῆς
1961 2737 2063 2781 νη-

408 2799 585 2862 στείας
668 2801 1014 2876 νικήσαντας,
1123 2802 1310 2877 τιμίων
1411 2801 1501 2858 καί
1585 2802 1745 2880 ἆγίων
1830 2806 2064 2881 σταυρῶν

410 2889 726 2966 ἀγιάσμασι,
813 2892 901 2945 καὶ
994 2891 1199 2966 νημίων
1309 2888 1629 2970 φωτοϐόλων
1713 2892 2058 2971 χαρίσμασιν,

408 2975 536 3034 Οὐδὲ
607 2979 707 3057 γὰρ
776 2977 981 3036 θέλουσι
1061 2993 1393 3058 σκιαμαχεῖν
1465 2980 1586 3044 τοὺς
1655 2982 1872 3045 πιστοὺς
1944 2988 2064 3038 κατ’

408 3065 634 3130 ἐκείνους
665 3069 786 3130 τοὺς
819 3069 1230 3148 νηπιοφορονας,
1263 3059 1385 3124 ἀλλ’
1427 3071 1502 3132 ὡς
1571 3066 1674 3136 ἤδη
1728 3075 1826 3137 τῆς
1858 3069 2065 3127 δικαιο-

1269 1821 1356 1876 καί
1451 1826 1624 1876 πᾶσαν
1679 1819 2070 1886 πενητεύουσαν
2099 1869 2135 1918 Β

2148 1281 2417 1358 incensa,
2448 1284 2577 1346 loco
2597 1283 2866 1346 baiorum
2890 1301 2906 1358 ;
2931 1287 3088 1345 velut
3105 1284 3502 1348 admonentes
3525 1286 3684 1360 illos,
3702 1289 3806 1369 qui

2151 1391 2220 1433 ea
2248 1383 2512 1448 sumunt,
2538 1383 2600 1434 ut
2617 1377 2910 1435 rationem
2928 1373 3163 1434 vivendi
3183 1391 3416 1452 pravam
3436 1375 3800 1458 relinquant,

2149 1463 2302 1523 sicut
2331 1463 2524 1524 edocti
2555 1464 2695 1533 sint,
2733 1482 2800 1524 ac
2836 1481 2942 1543 per
2983 1462 3440 1526 conversionem
3474 1483 3800 1544 paucorum

2150 1551 2382 1612 dierum
2433 1551 2546 1612 sibi
2596 1570 2842 1631 regnum
2893 1551 3042 1612 illud
3091 1560 3378 1613 mternum
3428 1566 3800 1636 comparent.

2150 1641 2436 1702 therum
2463 1660 2570 1722 per
2592 1643 2716 1702 haec
2737 1642 2984 1703 incensa
3013 1640 3141 1702 vilis
3169 1642 3367 1723 pretii,
3397 1661 3565 1705 more
3585 1663 3800 1724 parco-

2147 1747 2278 1790 rum
2315 1729 2620 1791 hominum
2657 1739 2716 1792 et
2741 1748 3074 1804 avarorum,
3128 1731 3497 1809 majestatem
3557 1733 3802 1814 spiritus

2159 1836 2276 1879 non
2306 1819 2678 1894 deminuunt,
2713 1823 2847 1900 (quo
2881 1818 3039 1880 enim
3082 1819 3139 1879 id
3201 1827 3368 1899 pacto
3423 1821 3686 1884 facerent
3733 1824 3798 1901 ii,

2159 1908 2258 1987 qui
2306 1922 2595 1970 terrarum
2627 1909 2834 1970 orbem
2868 1910 3209 1970 universum
3268 1909 3448 1970 variis
3491 1910 3800 1974 beneficiis

2147 1995 2445 2072 irretiunt,
2477 2005 2535 2059 et
2555 2016 2731 2058 omne
2751 2016 2953 2058 arvum
2967 1995 3172 2058 sterile
3183 1997 3433 2075 sulcant,
3451 1998 3797 2082 opimaeque

2149 2083 2560 2148 beneﬁcentia:
2614 2087 2810 2166 spicas
2840 2087 3145 2162 metunt?)
3201 2086 3306 2147 sed
3335 2087 3630 2150 occultam
3665 2091 3796 2169 ejus

2145 2175 2267 2236 diei
2293 2175 2411 2236 vim
2442 2175 2712 2237 indicare
2741 2175 2966 2249 volunt,
2991 2175 3278 2255 quasique
3299 2174 3517 2238 docere
3540 2195 3646 2256 per
3669 2179 3796 2240 hate

2143 2284 2268 2334 eos,
2302 2264 2405 2344 qui
2436 2281 2503 2328 ea
2534 2273 2794 2336 sumunt,
2832 2263 3026 2344 qualis
3055 2281 3189 2324 esse
3217 2262 3433 2325 debeat
3461 2265 3646 2326 animi
3675 2275 3796 2328 sta-

2145 2360 2237 2414 tus
2256 2353 2316 2413 in
2340 2371 2432 2433 eo,
2460 2353 2560 2433 qui
2577 2352 2872 2433 jejunium
2886 2350 3180 2426 observat,
3196 2351 3370 2431 quale
3383 2352 3791 2415 holocaustum

2147 2441 2533 2521 poenitentiae.
2597 2458 2658 2502 et
2710 2440 3070 2522 precationis
3127 2440 3461 2504 incensum.
3523 2441 3607 2503 Ac
3653 2451 3792 2504 tunc

2149 2530 2388 2611 quidem
2421 2530 2505 2592 ita
2529 2530 2747 2611 jejunii
2776 2529 3135 2591 curriculum
3186 2527 3472 2607 dirigunt.
3510 2532 3588 2592 At
3651 2550 3791 2592 vero

2149 2620 2278 2681 laeta
2306 2621 2404 2680 illa
2435 2621 2531 2681 die
2552 2619 2862 2680 Dominica
2881 2617 3150 2679 baiorum
3169 2617 3539 2696 gestationis,
3569 2620 3788 2681 seden-

2149 2718 2235 2770 tes
2266 2727 2371 2788 pro
2403 2727 2569 2769 more
2599 2706 3080 2770 distribuentium
3113 2704 3352 2786 praemia
3381 2706 3622 2788 (quippe
3643 2726 3790 2769 con-

2146 2798 2320 2872 sedit,
2347 2797 2622 2878 inquiunl
2639 2798 2866 2858 Litterae
2882 2814 3088 2870 sacrae,
3118 2794 3216 2875 qui
3221 2795 3245 2873 j
3255 2793 3452 2855 ndicat
3454 2796 3790 2875 justitiam),

2145 2888 2398 2950 victores
2421 2889 2478 2947 in
2513 2885 2836 2948 certamine
2859 2885 3078 2965 jejunii
3116 2883 3505 2961 pretiosarum
3555 2895 3790 2948 sancta-

2147 2995 2403 3057 rumque
2458 2975 2722 3037 crucium
2795 2973 3266 3042 lustrationibus,
3353 2981 3412 3034 et
3479 2991 3791 3036 cereorum

2150 3065 2661 3128 lucentiumdonis
2675 3064 2998 3145 excipiunt.
3018 3063 3250 3143 Quippe
3274 3081 3389 3123 non
3412 3081 3545 3125 cum
3563 3064 3795 3127 umbris

407 3157 570 3223 σύνης
601 3157 692 3212 τὸν
730 3155 875 3222 ἥλιον
905 3155 1219 3236 βλέποντας,
1277 3157 1377 3224 τὴν
1434 3156 1554 3213 νέαν
1610 3158 1750 3214 Σιὼν
1805 3156 1889 3214 διὰ
1937 3159 2057 3216 πώ-

2143 3155 2428 3217 dimicare
2458 3154 2666 3216 ﬁdeles
2695 3153 2920 3228 volunt,
2953 3153 3244 3216 l'atuorum
3283 3170 3469 3226 more,
3524 3153 3626 3215 sed
3690 3173 3792 3215 eos

405 3243 496 3300 λου
565 3245 878 3325 φωτίζοντα,
963 3245 1346 3326 προτρέπονται
1415 3243 1481 3300 δι’
1526 3245 1698 3303 αὐτῶν
1766 3260 1883 3312 τοῖς
1951 3245 2053 3314 ἤδη

404 3343 708 3401 νηστεύουσι
779 3334 1025 3401 νηστείαν
1111 3334 1382 3414 Κυριακὴν
1478 3337 2056 3415 τεσσαρακονθήμερον,

403 3424 489 3482 καὶ
544 3429 650 3488 τῶν
737 3424 916 3480 πάθῶν
999 3424 1064 3480 τὰ
1160 3423 1288 3502 νέγη
1352 3421 1587 3499 διώξασι,
1660 3423 2056 3483 συνανατέλλειν

402 3513 541 3588 μετὰ
565 3519 656 3568 τοῦ
697 3512 966 3592 γίγαντος,
1033 3514 1174 3569 Βαία
1243 3511 1336 3568 λὲν
1375 3511 1666 3592 κατέχουσι
1721 3527 1845 3578 ταῖς
1877 3515 2053 3593 χερσὶ,

401 3600 485 3660 διὰ
514 3604 574 3657 τὸ
603 3616 926 3676 μεταπεσεῖν
969 3601 1022 3667 ἐξ
1089 3602 1354 3678 ἐμπαθοῦς
1424 3603 1513 3658 καὶ
1552 3603 1854 3683 κοινοτέρας
1923 3602 2056 3667 ἴσως

400 3688 670 3769 διαγωγῆς
723 3693 855 3771 πρὸς
907 3690 1240 3770 ὑψηλοτέραν
1310 3692 1398 3748 καὶ
1466 3691 1644 3758 ἀπαθῆ
1695 3707 1709 3721 ⁶
1769 3693 1928 3770 κηρία
2004 3689 2058 3746 δὲ

401 3781 488 3836 καὶ
519 3781 792 3860 σταυροὺς,
841 3779 926 3838 διὰ
979 3783 1041 3838 τὸ
1098 3778 1422 3837 καταϐαλεῖν
1452 3781 1586 3855 μετὰ
1626 3790 1720 3839 τοῦ
1769 3782 1868 3849 τῆς
1927 3779 2058 3847 ἀλη-

399 3869 540 3932 θείας
610 3871 785 3950 φωτὸς
840 3872 901 3926 τὸ
954 3869 1258 3950 ἀρχέκακον
1317 3869 1490 3927 Σατὰν
1573 3869 1661 3924 καὶ
1742 3867 2054 3932 ἀντίπαλον,

402 3959 502 4016 Καὶ
529 3957 581 4014 τί
610 3959 710 4038 γὰρ
738 3957 870 4015 ἄλλο
927 3957 1094 4039 δῶρον
1135 3957 1412 4030 δοθήσεται
1470 3971 1587 4024 τοῖς
1630 3956 1696 4014 δι’
1750 3958 2056 4038 ἐγκρατείας

401 4049 649 4118 νικήσασι
701 4050 764 4104 τὸ
835 4047 975 4128 μέγα
1028 4055 1130 4117 τῆς
1218 4049 1464 4116 νηστείας
1545 4048 1895 4128 παγκράτιον,
1968 4057 2060 4106 τοῦ

397 4139 716 4216 τριποθήτου
761 4138 912 4195 θείου-
982 4149 1205 4218 σταυροῦ
1303 4137 1640 4217 τιμιώτερον,
1739 4144 1831 4194 τοῦ
1891 4136 2058 4215 μύλας

397 4227 524 4300 ᾅδου
575 4229 865 4308 παμφάγου
949 4229 1348 4303 συντπίξαντος,
1411 4229 1501 4285 καὶ
1553 4228 1725 4292 πύκας
1780 4232 1924 4298 ζωῆς
1982 4234 2060 4302 τῷ

401 4317 542 4395 γένει
611 4317 719 4373 τῶν
787 4317 1076 4397 ἀνθρώπων
1131 4317 1498 4397 ἀνοίψαντος;
1560 4317 1776 4380 Πάντως
1847 4314 1992 4373 οὐδὲν
2039 4335 2057 4354 ⁶

2137 3243 2317 3304 veluti
2343 3242 2468 3322 jam
2497 3242 2856 3323 aspicientes
2902 3240 3148 3321 justitia:
3203 3239 3414 3314 solem,
3448 3239 3547 3320 qui
3579 3258 3789 3302 novam

2138 3331 2380 3394 Sionem
2404 3349 2510 3411 per
2532 3333 2760 3411 pullum
2774 3330 3092 3405 illuminat,
3109 3346 3216 3409 per
3235 3328 3362 3390 haec
3379 3331 3788 3407 exhortantur,

2138 3419 2487 3482 utabsoluto
2516 3419 2830 3487 Dominico
2853 3418 3090 3481 dierum
3113 3417 3504 3498 quadraginta
3529 3419 3788 3498 jejunio,

2141 3517 2200 3572 et
2221 3508 2476 3571 nubibus
2495 3509 2770 3570 vitiorum
2790 3508 3073 3588 expulsis,
3102 3525 3218 3567 una
3240 3525 3373 3567 cum
3420 3507 3530 3568 hoc
3557 3509 3793 3586 gigante

2143 3598 2325 3679 (dicto
2359 3597 2641 3659 nimirum
2691 3599 2840 3677 sole)
2880 3596 3244 3659 exoriantur.
3279 3598 3354 3657 Et
3383 3594 3518 3657 baia
3545 3597 3788 3676 quidem

2141 3686 2415 3749 manibus
2447 3696 2760 3767 propterea
2791 3693 3017 3758 tenent,
3077 3683 3234 3764 quod
3309 3683 3560 3745 traducti
3614 3685 3793 3746 sinta

2140 3775 2346 3838 vitiosa
2365 3775 2726 3856 profanaque
2747 3775 2995 3836 fortasse
3015 3771 3150 3846 vita,
3175 3770 3251 3832 ad
3274 3770 3686 3834 sublimiorem
3735 3782 3794 3834 et

2137 3863 2415 3926 vitiorum
2449 3873 2752 3944 expertem
2789 3880 2802 3925 :
2866 3879 3073 3923 cereos
3123 3878 3262 3921 vero
3319 3878 3455 3920 cum
3487 3860 3790 3938 crucibus,

2141 3952 2298 4033 quod
2327 3952 2717 4030 cum’Jumine
2747 3950 3007 4012 veritatis
3025 3959 3325 4011 auctorem
3348 3949 3545 4012 omnis
3571 3950 3709 4012 mali
3736 3959 3794 4013 et

2141 4041 2545 4104 adversarium
2602 4060 2775 4102 suum
2858 4039 3133 4102 Satanam
3211 4038 3662 4119 prostraverint.
3722 4039 3795 4100 Et

2141 4132 2438 4211 quodnam
2472 4130 2631 4193 aliud
2662 4129 2887 4193 donum
2919 4129 3018 4206 iis,
3048 4126 3151 4208 qui
3173 4126 3795 4208 percontinentiamin

2139 4219 2244 4282 illo
2277 4238 2487 4299 magno
2515 4218 2733 4298 jejuuii
2763 4218 3093 4281 certamine
3122 4224 3380 4278 Victores
3433 4217 3788 4293 exstiterint,

2140 4307 2270 4370 dari
2327 4308 2645 4389 pretiosius
2696 4308 2896 4388 possit
2952 4305 3320 4387 optatissima
3370 4323 3538 4367 sacra
3589 4324 3793 4387 cruce,

402 4393 446 4462 έι
490 4406 570 4481 μή
612 4426 693 4468 τις
724 4393 892 4462 εἴποι⁷
931 4407 1021 4464 τὸν
1079 4404 1148 4462 δι’
1205 4406 1363 4464 αὐτοῦ
1413 4393 1514 4472 τὴν
1598 4404 1863 4483 σωτηρίαν
1917 4405 2056 4483 ἢμτν

2141 4415 2271 4477 quae
2281 4395 2484 4459 omnia
2498 4396 2841 4459 devorantis
2856 4393 3077 4458 inferni
3105 4394 3398 4474 genuinos
3417 4394 3793 4499 cognminuit,

401 4492 758 4575 σχεδιάσαντα
817 4493 994 4562 ἰησοῦ
1036 4496 1260 4576 Χριστὸν
1334 4495 1422 4551 καὶ
1467 4494 1598 4551 Θεὸν
1663 4481 1844 4571 ἡμῶν.
1905 4481 2055 4554 Ἐπεὶ

2141 4493 2198 4547 et
2225 4486 2498 4549 humano»
2542 4486 2749 4566 generi
2808 4485 2942 4547 vita:
2999 4493 3197 4566 portas
3225 4481 3790 4576 ap_eruit?on_1nino

400 4581 454 4639 δὲ
495 4584 585 4641 καὶ
652 4581 878 4661 βασιλέα
930 4582 1162 4649 πολλαῖς
1220 4582 1666 4665 δορυφορούμενον
1721 4585 2048 4662 κυριότησιν,

398 4672 611 4748 ἀμέσως
653 4672 690 4741 ἢ
749 4673 886 4729 κατὰ
941 4672 1173 4751 ῥυπαροῦ
1240 4673 1654 4749 καταστήματος
1706 4674 1801 4729 οὐκ
1855 4671 2052 4738 ἔξεστιν

394 4759 756 4842 ὑποδέξασθαι,
836 4768 940 4820 Νῦν
1011 4762 1134 4842 μὲν,
1216 4763 1373 4842 φησὶν
1428 4765 1458 4819 ὁ
1529 4761 1697 4840 μέγας
1747 4761 2047 4842 ἀρχιερεὺς,

395 4865 514 4917 τοῖς
563 4852 909 4932 ἀγχεμάχοις
966 4854 1415 4928 συναριθμήθησε,
1501 4863 1618 4915 τοῖς
1677 4850 2051 4930 σφενδονήταις

397 4941 870 5022 συστοιχειώθητε,
944 4954 1063 5006 τοῖς
1133 4941 1478 5004 ἀκαντισταῖς
1542 4938 1889 5018 συνκνάϐητε,
1963 4945 2051 5000 καὶ

394 5031 516 5094 τοῖς
581 5029 988 5110 τροπαιοφόρους
1045 5029 1478 5098 συνανακλίθησε.
1551 5029 1700 5089 Μετὰ
1765 5027 1822 5085 δὲ
1861 5033 2049 5111 μικρὸν

395 5118 805 5200 ἀναχθήσονται
834 5121 961 5196 ὑμῖν
1026 5121 1094 5178 τὰ
1144 5119 1430 5200 ἀνάκτορα,
1489 5120 1578 5176 καὶ
1630 5116 1786 5186 ἴδητε
1847 5121 1940 5176 τὸν
1967 5121 2050 5178 οὐ-

395 5216 550 5289 ρανοῦ
619 5210 708 5266 καὶ
774 5213 876 5288 γῆς
964 5207 1307 5286 βασιλεύοντα
1391 5209 1777 5288 ἀπερίγραπτον
1863 5210 2048 5290 Κύριον

396 5300 481 5356 καὶ
512 5299 642 5355 Θεὸν
715 5298 870 5373 ἡμῶν
923 5304 1188 5378 σαρκικῶς
1242 5299 1396 5379 χερσῖ
1451 5296 1665 5355 δικαίων
1735 5300 2052 5381 περιγραφό-

395 5409 578 5464 μενον,
610 5388 697 5444 mi
740 5387 883 5458 ζωὴν
945 5386 1296 5455 ἀτελεύτητον
1336 5387 1450 5445 ἀντὶ
1504 5387 1676 5463 βαίων
1716 5385 2049 5467 ,φιλοτιμού-

394 5498 576 5552 μενον..
639 5476 740 5533 Καὶ
807 5475 980 5533 πάντα
1024 5476 1120 5552 μὲν
1171 5475 1272 5542 τὴν
1329 5474 1670 5556 χαρμόωνον
1723 5475 2052 5552 κυριώνυμον

401 5567 499 5635 τῆς
553 5572 661 5623 τῶν
758 5566 934 5642 βαίων
982 5571 1184 5632 σεπτῆς
1285 5564 1656 5645 πανηγύρεως,
1743 5565 1902 5642 κηρία
1960 5569 2050 5623 καὶ

389 5656 642 5734 σταυροὺς
669 5652 1026 5730 λαμϐάνοντες
1057 5658 1103 5712 οἱ
1145 5653 1286 5734 λαοὶ,
1345 5654 1442 5721 τὴν
1504 5654 1640 5710 κατὰ
1691 5663 1784 5711 τοῦ
1825 5653 2052 5716 θανάτου

391 5743 541 5811 νίκην
572 5745 781 5807 ἑαυτοῖς
840 5743 1349 5821 προμνηστεύονται,
1425 5744 1510 5799 καὶ
1559 5745 1632 5806 ὡς
1691 5742 1902 5823 ἀστέρες
1950 5768 2052 5802 κα-

2134 4575 2389 4652 nullum,
2414 4577 2529 4639 nisi
2545 4576 2680 4657 quis
2697 4574 2898 4639 dicere
2911 4572 3086 4636 velitJ
3095 4591 3261 4636 esum
3280 4571 3578 4635 Christum
3602 4571 3792 4635 Deum

2135 4673 2426 4740 nostrum,
2463 4665 2566 4746 qui
2590 4683 2698 4746 per
2726 4682 2967 4726 crucem
2981 4661 3155 4724 nobis
3168 4661 3420 4722 salutem
3453 4660 3789 4742 acquisivit.

2135 4751 2205 4813 Et
2233 4753 2517 4834 quoniam
2545 4771 2748 4832 regem
2784 4753 3107 4815 multorum
3125 4749 3540 4813 dominatuum
3572 4751 3796 4812 satelli-

2134 4841 2214 4902 tio
2244 4842 2527 4924 stipatum
2576 4843 2707 4905 sine
2758 4843 2980 4918 medio,
3041 4839 3133 4902 vel
3193 4858 3329 4902 cum
3361 4846 3514 4901 statu
3550 4839 3791 4902 sordido

2132 4949 2252 4993 non
2281 4932 2423 4994 licet
2451 4931 2729 5014 excipere
2757 4953 2773 5010 ;
2823 4933 2995 4996 Nunc
3023 4928 3292 5011 quidem,
3323 4927 3516 5008 inquit
3543 4945 3791 5007 magnus

2128 5022 2233 5090 ille
2246 5021 2532 5102 pontifex,
2549 5022 2706 5086 inter
2727 5020 2940 5102 pedem
2960 5022 3338 5081 conferentes
3359 5017 3785 5096 numeremini,

2128 5108 2496 5174 funditorum
2519 5111 2730 5174 ordine
2762 5109 3094 5185 consistite,
3126 5125 3264 5170 cum
3308 5105 3630 5186 sagittariis
3655 5125 3787 5187 per-

2133 5200 2271 5279 gite,
2306 5219 2442 5263 cum
2471 5199 2842 5281 gestantibus
2873 5208 3094 5280 tropaea
3140 5195 3540 5278 procumbite.
3565 5193 3789 5258 Verum

2135 5302 2266 5374 pest
2285 5294 2560 5375 exiguum
2572 5293 2866 5375 temporis
2894 5291 3270 5356 intervallum
3285 5288 3416 5368 ipsa
3433 5287 3608 5368 regia
3623 5287 3790 5350 vobis

2133 5384 2456 5465 aperietur,
2481 5403 2550 5447 ac
2572 5382 2852 5446 videbitis
2869 5380 3007 5444 caali
3023 5388 3322 5460 terraeque
3340 5380 3588 5458 Regem,
3608 5378 3791 5440 nullis

2134 5475 2653 5556 circumscriptum
2675 5473 2949 5536 terminis
2973 5469 3297 5535 Dominum
3317 5467 3630 5550 Deumque
3657 5487 3794 5556 nos-

2137 5572 2292 5625 trum
2322 5555 2641 5628 carnaliter
2681 5567 2976 5644 justorum
3035 5557 3311 5622 manibus
3352 5555 3790 5632 circumscribi,

2134 5653 2434 5736 vitamque
2447 5654 2615 5716 vobis
2645 5655 2764 5716 fine
2784 5660 3089 5715 carentem
3115 5648 3382 5711 baiorum
3407 5646 3539 5736 loco
3550 5645 3786 5736 largiri.

2135 5747 2225 5806 Ac
2256 5732 2386 5807 laeta
2415 5744 2656 5828 quidem
2677 5743 2778 5807 illa
2793 5743 2890 5806 die
2911 5738 3222 5804 Dominica
3241 5733 3598 5799 venerabilis
3618 5732 3787 5798 baio-
