4120 6430
347 395 504 461 1219

1712 403 1844 466 JUS
1889 397 2342 465 CANONICUM

3587 400 3611 462 1
3624 395 3745 466 220

347 550 479 592 rum
499 531 860 616 festivitatis,
888 534 1027 596 dum
1057 535 1258 617 populi
1281 554 1489 598 cereos
1528 545 1588 599 et
1606 555 1817 598 cruces
1843 538 1995 600 acci-

2085 539 2430 617 ταφωτίζουσι
2458 540 2556 606 τὴν
2597 538 2851 619 ἇὶναστρον
2916 539 3150 619 σφαῖραν
3205 542 3302 607 τῆς
3360 535 3743 617 ἀπογνώσεως,

355 623 546 703 piunt,
583 623 891 684 victoriam
927 624 1208 686 adversus
1241 633 1491 686 mortem
1533 623 1647 686 sibi
1679 633 1838 688 certe
1865 627 2003 688 des-

352 712 642 791 pondent,
675 726 736 774 et
770 716 952 775 instar
981 715 1247 776 siderum
1301 715 1637 776 illuminant
1701 723 2002 796 expertem

349 809 643 861 astrorum
705 803 999 882 Sphaaram
1051 803 1538 883 desperationis;
1587 805 1675 865 vel
1727 813 2001 885 tanquam

350 889 503 949 servi
537 890 766 964 fideles,
804 891 905 970 qui
935 893 1095 952 faces
1125 900 1379 970 gestant,
1418 910 1525 971 per
1553 893 1722 953 trivia
1754 893 2001 954 circum-

349 994 584 1059 euntes,
615 980 933 1042 adventum
969 981 1174 1061 sponsi
1224 981 1687 1061 splendidiorem
1721 982 1999 1062 reddunt,

350 1069 543 1148 deque
563 1070 727 1149 lepra
749 1069 1136 1132 sectariorum
1168 1070 1227 1130 in
1249 1070 1501 1148 caligine
1514 1071 1847 1132 sedentium
1863 1093 2000 1152 qua-

348 1161 398 1222 si
431 1159 834 1240 triumphant.‘
855 1159 992 1220 Post
1020 1160 1178 1220 diem
1213 1178 1348 1220 vero
1382 1161 1618 1221 tertium
1644 1171 1879 1222 curator
1903 1163 1999 1224 ille

354 1250 750 1311 humanarum
785 1249 1140 1323 animarum,
1175 1249 1453 1311 videlicet
1482 1249 1608 1329 ipse
1641 1250 1994 1331 patriarcha,

351 1339 520 1420 quasi
550 1337 880 1400 rationibus
937 1357 1140 1399 secum
1191 1340 1492 1420 expensis,
1552 1359 1627 1400 ne
1658 1341 1790 1420 quis
1819 1361 1995 1422 quam

348 1427 480 1508 ipso
536 1427 812 1488 salutaris
871 1427 1164 1507 passionis
1220 1429 1464 1508 praemia
1519 1437 1727 1490 tractet
1755 1429 1998 1508 indigne

353 1519 512 1596 (nam
547 1517 740 1596 ipsum
769 1517 884 1577 mel
917 1533 1153 1596 quoque
1184 1517 1400 1594 saepius
1425 1517 1806 1578 dulcedinem
1829 1537 1995 1582 suam

349 1607 411 1666 in
443 1611 727 1666 vomitum
761 1613 1110 1666 convertere
1132 1605 1306 1679 solet,
1331 1606 1380 1666 si
1409 1606 1581 1668 aliter
1601 1625 1778 1686 quam
1812 1625 1998 1689 expe-

347 1696 492 1770 diat,
526 1703 824 1775 sumptum
858 1698 978 1768 sit),
1012 1693 1205 1754 instar
1234 1697 1500 1757 custodis
1516 1697 1774 1775 vigilacis
1803 1707 1996 1759 matu-

347 1785 473 1846 rius
501 1803 773 1864 surgens,
809 1783 1044 1845 incensi
1101 1785 1200 1844 dat
1258 1784 1558 1858 fidelibus,
1595 1787 1858 1850 indicare
1892 1805 1998 1866 per

349 1875 478 1936 haec
504 1929 508 1948 ,
537 1875 764 1955 volens,
821 1881 878 1935 et
934 1872 1282 1946 admonere,
1320 1893 1396 1935 ne
1426 1875 1636 1937 festivo
1667 1895 1856 1952 more,
1892 1878 1995 1939 sed

348 1963 611 2044 pugilum
641 1963 758 2024 ritu
789 1963 1071 2044 deinceps
1127 1963 1360 2024 dierum
1407 1964 1767 2026 curriculum
1801 1967 1996 2028 susci-

347 2053 531 2134 piant.
563 2054 724 2114 Licet
743 2055 927 2117 enim.
952 2051 1161 2133 inquit,
1185 2052 1408 2132 absque
1431 2053 1694 2133 periculo
1719 2073 1996 2134 magnum

347 2143 491 2203 illud
519 2142 734 2222 jejunii
770 2143 1011 2223 pelagus
1039 2161 1073 2204 a
1108 2143 1302 2204 crucis
1343 2143 1473 2203 velo
1503 2142 1788 2205 sublevati
1818 2146 1998 2225 traje-

343 2231 528 2304 cistis,
563 2239 621 2293 et
647 2232 720 2292 ad
765 2231 1028 2293 divinum
1090 2240 1321 2312 portum
1380 2241 1717 2295 sanctorum
1779 2233 1996 2298 Christi

340 2321 570 2401 Deique
602 2321 786 2382 nostri
813 2322 1136 2383 cruciatum
1169 2321 1480 2401 appulistis
1511 2342 1524 2382 :
1584 2329 1782 2384 tamen
1811 2323 1997 2385 instar

338 2410 499 2472 illius
529 2409 838 2490 prudentis
870 2410 1287 2490 negociatoris,
1318 2411 1794 2474 inaestimabilem
1828 2413 1994 2473 illum

342 2500 624 2561 unionem
640 2501 947 2563 consecuti
967 2519 1085 2560 non
1101 2499 1266 2562 estis.
1288 2501 1495 2561 Adhuc
1511 2501 1670 2562 enim
1690 2503 1997 2582 praedones

339 2609 408 2656 ac
432 2589 694 2651 latrones
712 2589 977 2651 studiose
1005 2589 1250 2650 domino
1279 2607 1384 2669 per
1412 2589 1688 2651 tenebras
1711 2591 2000 2653 insidian-

342 2690 456 2755 tur,
492 2688 551 2742 et
578 2680 692 2741 reti
723 2677 980 2759 quodam
1017 2678 1326 2740 homicidii
1384 2687 1656 2755 consuto,
1715 2681 2000 2762 capiendi

340 2769 471 2848 ejus
501 2769 874 2830 occasionem
909 2775 1202 2846 quierunt.
1263 2767 1456 2843 Igitur
1505 2768 1679 2829 etiam
1711 2770 2000 2851 deinceps

339 2858 672 2934 vigilemus,
699 2866 756 2918 et
780 2875 914 2917 cum
934 2855 1156 2917 Judaeis
1177 2855 1464 2918 excubias
1485 2857 1800 2936 agentibus
1824 2878 2000 2922 excu-

339 2945 573 3008 bemus.
605 2944 721 3026 Ipsi
745 2944 986 3026 quidem
1012 2945 1071 3004 in
1090 2944 1352 3006 tenebris
1379 2964 1485 3026 per
1511 2965 1673 3008 mare
1694 2947 1997 3028 vagabun-

341 3044 457 3108 tur,
482 3033 775 3094 incassum
800 3031 949 3093 retia
998 3031 1300 3093 laxantes:
1347 3052 1453 3094 nos
1485 3043 1684 3095 autem
1718 3035 1996 3098 ambule-

2088 624 2124 693 ἢ
2154 627 2227 688 ὡς
2271 623 2444 682 δοῦλοι
2488 628 2665 684 πιστοὶ
2718 625 3129 708 λαμπαδηφόροι
3186 629 3281 692 τὰς
3337 625 3570 706 τριόδους
3602 645 3750 704 περι-

2089 714 2396 794 ερχόμενοι,
2468 723 2560 772 τοῦ
2615 718 2837 796 νυμφίου
2933 717 3032 783 τὴν
3120 713 3370 793 ἐνδημίαν
3457 712 3746 788 καταλαμ-

2088 804 2358 886 πρύνουσι,
2405 806 2492 861 καὶ
2535 805 2632 872 τὴν
2696 802 2877 872 λώϐην
2920 811 3025 860 τῶν
3085 805 3138 860 ἐν
3181 806 3358 861 σκότει
3428 802 3749 876 καθημένων

2087 893 2410 971 αἱρεσιωτῶν
2464 891 2854 972 θριαμϐεύουσι,
2916 894 3062 950 Μετὰ
3159 891 3213 950 δέ
3278 893 3460 973 τρίτην
3517 891 3747 969 ἡμέραν,
3824 907 3838 923 ⁵

2088 981 2116 1036 ὁ
2148 988 2255 1036 τῶν
2300 982 2638 1062 ἀνθρωπίνων
2702 987 2894 1063 ψυχῶν
2968 981 3242 1058 κηδεμὼν,
3307 984 3334 1039 ὁ
3406 981 3744 1060 πατριάρχης

2087 1071 2246 1148 φημὶ,
2287 1069 2402 1126 καθ’
2437 1071 2621 1126 ἑαυτὸν
2667 1071 2847 1150 ὥσπερ
2907 1069 3382 1150 συλλογισάμενος,
3459 1069 3538 1146 μὴ
3606 1068 3742 1141 λάθῃ

2083 1180 2162 1222 τις
2217 1159 2511 1238 άχρειῶσαι
2589 1170 2681 1220 τοῦ
2779 1162 3038 1240 σωτηρίου
3120 1159 3307 1225 πέθους
3367 1160 3433 1216 τὰ
3505 1154 3738 1229 ἔπαθλα,

2087 1246 2198 1325 (καὶ
2227 1247 2350 1322 μέλι
2381 1249 2480 1328 γὰρ
2509 1246 2669 1306 εἴωθε
2725 1247 2984 1314 πολλάκις
3040 1249 3140 1317 τὴν
3196 1247 3433 1316 ἠδύτητα
3490 1246 3738 1322 μετάγειν

2083 1337 2155 1400 εἰς
2187 1335 2374 1412 ἔμετον
2407 1383 2422 1411 ,
2485 1339 2528 1394 εί
2591 1338 2960 1418 μεταληφθείη
3003 1338 3147 1418 παρὰ
3201 1341 3261 1394 τὸ
3319 1339 3637 1418 χρήσιμον,)
3665 1335 3739 1398 ὡς

2081 1421 2342 1504 ἄγρυπνος
2400 1425 2564 1508 φύλαξ
2623 1429 2850 1490 ἀναστὰς
2941 1428 3310 1508 ὀρθριαίτερον,
3384 1425 3558 1483 δίδωσι
3618 1437 3739 1485 τοῖς

2083 1531 2295 1582 πιστοῖς
2327 1520 2652 1595 θυμιάματα,
2720 1519 2923 1581 ὁμιλῶν
2985 1520 3103 1577 οἷον
3162 1517 3246 1575 διὰ
3298 1519 3496 1576 τούτων
3526 1518 3736 1578 αὐτοῖς,

2080 1607 2168 1661 καὶ
2225 1609 2620 1684 ὑποτιθέμενος,
2697 1609 2774 1676 μὴ
2839 1613 3240 1688 πανηγυρικῶς,
3329 1606 3468 1664 ἀλλὰ
3534 1605 3736 1684 ἀγωνι-

2083 1701 2280 1760 στικῶς
2355 1701 2460 1754 τῶν
2519 1695 2707 1776 ἐφεξῆς
2763 1700 2918 1777 τριῶν
2964 1697 3184 1777 ἡμερῶν
3240 1699 3302 1753 τὸ
3357 1694 3566 1752 στάδιον
3614 1693 3741 1748 ἆναο

2081 1781 2341 1848 δέξασθαι.
2411 1786 2518 1843 Κᾶν
2571 1788 2670 1866 γὰρ
2724 1785 3030 1867 ἀκινδύνως,
3099 1789 3250 1868 φησὶ,
3313 1788 3375 1843 τὸ
3437 1785 3577 1864 μέγα
3634 1788 3732 1850 τῆς

2081 1875 2325 1940 νηστείας
2414 1873 2821 1955 διεπεραιώθητε
2912 1874 3146 1955 πέλαγος
3241 1883 3317 1951 τῷ
3432 1877 3580 1948 ἱστίῳ
3643 1879 3737 1931 τοῦ

2079 1970 2302 2042 σταυροῦ
2383 1965 2777 2045 κουφιζόμένοι,
2851 1967 2937 2021 καὶ
3026 1966 3167 2043 παρὰ
3249 1972 3327 2040 τῷ
3380 1966 3502 2039 θείῳ
3557 1962 3733 2039 λιμένι

2078 2053 2186 2108 τῶν
2216 2053 2379 2130 ἆγίων
2435 2057 2618 2110 παθῶν
2660 2065 2754 2114 τοῦ
2808 2061 3034 2135 Χριστοῦ
3080 2056 3168 2111 καὶ
3238 2061 3370 2112 Θεοῦ
3416 2056 3569 2129 ἡμῶν
3597 2074 3735 2110 κατ-

2079 2141 2372 2222 ηντήσατε,
2457 2141 2595 2199 ἀλλὰ
2669 2146 2760 2200 τὸν
2846 2144 3105 2219 ἀτίμητον
3195 2144 3289 2200 οὐκ
3362 2141 3736 2236 ἆπλουτήῖατε

2078 2231 2370 2312 μάργαρον,
2427 2233 2501 2298 ὡς
2593 2231 2796 2296 ἐκεῖνος
2868 2233 2897 2289 ὀ
2981 2233 3235 2313 φρόνιμος
3309 2231 3564 2312 ἔμπορος,
3622 2231 3735 2288 Ἔτι

2078 2321 2178 2400 γὰρ
2205 2320 2438 2400 ἅρπαγες
2507 2323 2596 2379 καὶ
2652 2321 2844 2400 λῃσταὶ
2897 2321 3193 2385 σπουδαίως
3257 2319 3596 2401 ἐρεϐοδιφῶσι
3645 2321 3738 2376 τὸν

2082 2415 2288 2494 Κύριον,
2349 2415 2436 2470 καὶ
2493 2416 2736 2494 σαγήνην
2791 2414 3094 2496 μιαιφονίας
3157 2412 3542 2492 συῤῥάψαντες,
3607 2433 3735 2468 και-

2082 2509 2397 2579 ροσκοποῦσι
2449 2505 2636 2560 τούτου
2694 2504 2793 2570 τὴν
2835 2502 3055 2565 ἅλωσιν,
3090 2503 3522 2582 Γρηγορήσωμεν
3555 2501 3733 2556 τοίνυν

2081 2593 2170 2647 καὶ
2252 2591 2463 2673 ἑφεξῆς,
2525 2595 2618 2649 καὶ
2668 2605 2786 2657 τοῖς
2843 2592 3190 2672 ἀγρυπνοῦσιν
3249 2588 3518 2655 Ἰουδαίοις
3603 2611 3730 2646 συν-

2082 2682 2527 2759 αγρυπνήσωμεν,
2591 2681 2744 2738 Αὐτοὶ
2801 2680 2898 2757 μὲν
2949 2682 3047 2761 γὰρ
3103 2681 3156 2737 ἐν
3219 2680 3396 2737 σκότει
3453 2699 3727 2735 ποντοπο-

2081 2771 2322 2848 ρήσουσι,
2410 2783 2590 2835 κεναῖς
2649 2768 2873 2833 ὠλέναις
2934 2770 3228 2850 ἀφάσοντες
3285 2766 3464 2827 δίκτυα
3510 2785 3525 2800 ⁶
3561 2769 3725 2843 ἡμεῖς

2083 2855 2128 2912 δ’
2158 2857 2213 2914 ἐν
2267 2858 2439 2938 ἡμέρᾳ
2485 2861 2953 2939 περιπατήσωμεν,
2999 2861 3088 2916 καὶ
3141 2868 3234 2918 τοῦ
3287 2859 3462 2938 φωτὸς
3509 2859 3577 2914 τὰ
3606 2855 3729 2936 ἔργα

2081 2945 2386 3024 ληψόμεθα.
2459 2948 2614 3006 Αὐτοὶ
2695 2951 2815 3012 τοὺς
2905 2947 3174 3014 σκόλοπας
3246 2947 3728 3026 ἀγκιστρεύσουσιν,

2080 3038 2242 3112 ἡμεῖς
2270 3035 2325 3093 δὲ
2367 3038 2467 3106 τὴν
2522 3035 2684 3116 ἄγραν
2743 3035 3112 3116 κερδήσωμεν.
3156 3038 3312 3094 Αὐτοὶ
3368 3038 3461 3092 τὸν
3519 3035 3728 3114 μάργα-

344 3141 476 3184 mus
507 3122 568 3183 in
583 3121 786 3196 die,ac
814 3120 962 3184 lucis
990 3139 1172 3201 opera
1189 3139 1656 3203 consequemur:
1686 3125 1995 3206 ipsisudes

2079 3149 2166 3204 ρον
2192 3125 2246 3182 ἐν
2297 3125 2424 3202 λίθῳ
2467 3126 2816 3208 καλύψουσιν,
2861 3129 3026 3203 ἡμεῖς
3095 3124 3150 3182 δὲ
3209 3133 3394 3183 τοῦτον
3452 3125 3507 3181 ἐν
3536 3126 3731 3204 ὀστρα-

347 3212 542 3274 hamis
569 3209 960 3283 uncinabunt,
1004 3229 1112 3272 nos
1142 3211 1398 3292 praedam
1433 3212 1841 3276 lucrabimur:
1877 3215 1994 3296 ipsi

345 3303 629 3363 unionem
661 3301 720 3361 in
752 3300 947 3381 lapide
979 3309 1200 3378 tegent,
1235 3319 1341 3362 nos
1399 3320 1534 3363 eum
1597 3302 1658 3364 in
1719 3305 1993 3366 testaceis

335 3391 490 3453 vasis
521 3392 938 3453 recondemus.
968 3392 1292 3470 Postquam
1318 3390 1380 3451 in
1403 3391 1560 3452 hunc
1585 3392 1825 3454 modum
1857 3393 1994 3456 data

335 3494 474 3544 sunt
500 3481 769 3555 inceusa,
803 3489 860 3540 et
918 3479 1170 3561 populus
1221 3498 1460 3542 rursum
1513 3499 1722 3543 manus
1751 3500 1888 3544 suas
1916 3484 1990 3546 ad

329 3572 545 3652 jejunii
575 3572 817 3654 pelagus
845 3588 1129 3653 prospero
1160 3589 1342 3634 cursu
1358 3572 1600 3648 dixerit,
1629 3582 1992 3656 noctemque

335 3671 675 3724 sanctorum
733 3661 954 3724 Christi
1011 3660 1376 3723 cruciatuum
1453 3661 1661 3724 faculis
1721 3664 1990 3726 accensis

339 3751 704 3814 collustravit
730 3755 895 3830 (nam
927 3750 990 3811 in
1049 3749 1148 3812 die
1205 3749 1602 3828 ambulantes,
1667 3761 1731 3813 ut
1781 3771 1987 3814 eorum

338 3860 528 3923 more,
574 3841 677 3921 qui
705 3839 1010 3902 ambulant
1039 3839 1099 3900 in
1133 3839 1420 3917 tenebris,
1449 3848 1738 3903 nocturna
1770 3841 1991 3905 faciant

336 3931 553 3992 itinera
574 3929 885 3991 fierinullo
909 3929 1086 3990 modo
1131 3937 1352 4008 potest:
1412 3944 1534 3990 tum
1567 3949 1705 3992 vero
1736 3949 1990 4012 sponsus

334 4019 616 4082 Ecclesite
633 4037 841 4081 rursus
864 4017 1140 4080 exoriens
1154 4018 1338 4079 instar
1353 4018 1620 4080 matutini
1633 4027 1990 4102 autvesper-

335 4110 444 4171 tini
465 4109 727 4189 Arcturi,
777 4107 876 4169 die
914 4107 1106 4170 fausto
1132 4107 1317 4168 sancti
1349 4107 1648 4176 Paschalis
1679 4110 1988 4173 Dominico

2076 3216 2239 3281 κίνοις
2295 3216 2802 3295 ἆποθησαυρίσωμεν
2880 3217 3140 3276 σκεύεσιν.
3223 3213 3373 3272 Οὕτω
3443 3213 3730 3293 γινομένης

2075 3305 2164 3361 καὶ
2192 3305 2385 3372 ταύτης
2417 3312 2521 3362 τῶν
2552 3305 2896 3381 θυμιαμάτων
2961 3308 3062 3373 τῆς
3132 3301 3438 3379 διαδόσεως,
3483 3305 3572 3359 καὶ
3640 3311 3733 3361 τοῦ

2075 3393 2205 3450 λαοῦ
2233 3395 2328 3459 τὰς
2358 3407 2552 3474 χεῖρας
2593 3393 2755 3451 πάλιν
2787 3393 2873 3451 ἐπὶ
2930 3397 2991 3451 τὸ
3038 3399 3138 3462 τῆς
3178 3393 3426 3461 νηστείας
3459 3390 3730 3472 οὐριοδρο-

2077 3484 2348 3558 μήσαντος
2378 3482 2639 3562 πέλαγος,
2685 3485 2774 3540 καὶ
2829 3484 2927 3552 τὴν
2957 3485 3116 3540 νύκτα
3172 3489 3279 3540 τῶν
3327 3483 3491 3561 ἁγίων
3547 3484 3728 3539 παθῶν

2073 3581 2170 3631 τοῦ
2238 3579 2466 3650 Χριστοῦ
2504 3571 2746 3650 λαμπάσι
2802 3573 3353 3652 καταπυρσεύσαντος,
3427 3571 3568 3647 (τοὺς
3626 3570 3728 3650 γὰρ

2075 3660 2129 3716 ἐν
2209 3661 2382 3742 ἡμέρᾳ
2463 3669 2884 3741 περιπατοῦντας
2983 3659 3325 3719 νυκτοϐατεῖν
3395 3661 3533 3716 κατὰ
3603 3661 3724 3724 τοὺς

2074 3748 2483 3822 ἐσποτισμένους
2556 3749 2858 3831 ἀδύνατον,)
2917 3753 2947 3807 ὁ
3000 3756 3102 3819 τῆς
3147 3749 3447 3817 Εκκλησίας
3503 3747 3722 3830 νυμφίος

2068 3837 2349 3904 ἀνατείλας
2380 3841 2467 3898 καὶ
2496 3839 2680 3914 πάλιν,
2725 3842 2860 3897 καθά
2907 3862 2987 3906 τις
3041 3837 3200 3921 εἴπῃ,
3251 3838 3384 3912 ἑῷος
3441 3838 3724 3918 ἀριτοῦρος

2071 3929 2159 3984 καὶ
2189 3928 2594 4010 ἀκροκνέφαιος,
2624 3932 2761 3989 κατὰ
2801 3929 2902 3998 τὴν
2955 3928 3172 4011 φαιδρὰν
3226 3935 3319 3986 τοῦ
3349 3928 3496 4006 ἁγίου
3529 3927 3728 4007 Πάσχα

2071 4016 2275 4098 ἡμέραν
2317 4019 2415 4087 τὴν
2474 4020 2799 4100 κυριώνυμον
2868 4021 2940 4084 ὡς
2986 4018 3147 4082 ἄλλος
3204 4017 3478 4080 θεσπέσιος
3524 4015 3722 4084 Μωσῆς

2070 4109 2164 4164 τὸν
2217 4114 2313 4164 τοῦ
2373 4115 2603 4188 Χριστοῦ
2647 4110 2778 4166 λαὸν
2817 4106 3213 4188 ἑγκολπίζεται,
3263 4107 3362 4164 Καὶ
3418 4105 3724 4185 συγχαίρων

337 4200 494 4260 velut
513 4199 662 4261 alter
683 4197 916 4258 divinus
954 4196 1144 4259 Moses
1167 4197 1302 4258 sinu
1329 4215 1436 4259 suo
1476 4198 1666 4261 Cbrisi
1704 4201 1984 4281 populum

2079 4199 2186 4252 οἷον
2268 4201 2474 4274 αὐτοῖς,
2559 4204 2733 4254 πᾶσαν
2806 4197 3171 4276 Αἰγυπτιακὴν
3253 4193 3722 4270 ἀποτινάξαμένοις

333 4289 576 4369 excipit,
611 4287 899 4367 quasique
955 4287 1367 4365 congratularis
1423 4286 1532 4362 eis,
1588 4288 1686 4370 qui
1745 4308 1984 4352 omnem

2079 4285 2340 4353 κακότητα
2370 4288 2460 4344 καὶ
2487 4288 2684 4364 Φαραὼ
2736 4285 2966 4354 διώκτην
3023 4284 3434 4342 καταποντίσασι
3481 4299 3496 4316 ⁸
3534 4290 3717 4357 Δεῦτε,

331 4379 728 4441 sceleritatem
761 4376 1169 4457 Egyptiacam
1203 4377 1595 4452 excusserint,
1631 4386 1689 4439 et
1721 4379 1980 4441 Pharao-

2079 4376 2248 4455 ρησὶν,
2283 4373 2430 4432 ἴδετε
2499 4381 2595 4444 τῆς
2652 4374 2945 4456 ὀρθαδοξίας
2999 4379 3045 4432 οἱ
3101 4373 3348 4453 ἔμποροι,
3423 4376 3471 4430 οἱ
3523 4374 3585 4429 τὸ
3615 4377 3716 4440 τῆς

333 4487 468 4529 nem
503 4473 949 4548 persecutorem
1011 4465 1158 4526 mari
1213 4464 1649 4526 submerserint
1686 4484 1699 4529 :
1733 4465 1976 4547 Adeste,

2079 4465 2306 4531 νηστείας
2398 4464 2681 4530 ἀκινδύνως
2785 4467 3107 4544 περάσαντες
3187 4463 3440 4541 πέλαγος,
3487 4471 3590 4522 ποῦ
3657 4463 3719 4518 τὸ

330 4556 543 4637 inquit,
557 4555 808 4636 aspicite
820 4573 922 4616 vos
942 4563 1303 4616 mercatores
1319 4554 1657 4619 orthodoxae
1669 4555 1978 4634 doctrinae,

2079 4552 2210 4633 αέγα
2237 4563 2380 4634 κῦμα
2423 4564 2516 4615 τοῦ
2566 4556 2756 4636 φθόνου
2810 4557 2902 4612 τὸν
2956 4556 3057 4622 τῆς
3113 4559 3257 4626 ζωῆς
3313 4553 3572 4631 θησαυρὸν
3602 4551 3714 4608 άπ-

331 4647 431 4727 qui
492 4645 639 4706 citra
697 4645 1032 4724 periculum
1089 4645 1334 4726 pelagus
1369 4644 1591 4724 jejunii
1635 4646 1978 4726 trajecistis,

2079 4641 2268 4700 εκύλισε
2300 4661 2316 4678 ⁶
2384 4651 2484 4702 ποῦ
2540 4646 2632 4700 τὸν
2691 4643 2986 4720 ἀκοίμητον
3044 4643 3313 4721 μάργαρον
3395 4637 3717 4721 εὐροκλύδων

330 4754 588 4816 quonam
611 4734 850 4796 invidia:
866 4735 1078 4796 ﬂuctus
1099 4734 1230 4796 vitae
1249 4735 1594 4796 thesaurum
1619 4735 1929 4815 jactaverit
1963 4755 1977 4801 :

2079 4736 2353 4812 τυφωνικὸς
2411 4735 2484 4799 ὡς
2533 4732 2588 4790 ἐν
2645 4733 2845 4812 ὀστρέῳ
2900 4739 2978 4806 τῷ
3025 4733 3177 4812 τάφῳ
3229 4728 3555 4810 κατέκρυψε.
3616 4730 3717 4786 Καὶ

330 4825 576 4886 ubinam
612 4827 942 4885 insomnem
975 4823 1144 4887 illum
1177 4823 1459 4888 unionem
1493 4823 1747 4886 turbinis
1804 4834 1983 4887 aestus

2081 4818 2256 4887 δόντες
2289 4827 2351 4880 τὸ
2402 4823 2501 4899 μὲν
2569 4821 2784 4900 ἔλυτρον
2842 4820 3226 4898 μετασαλευθὲν
3271 4818 3488 4895 δύνάμει
3530 4822 3718 4886 θεῖκῇς

331 4913 639 4996 abreptum
670 4913 731 4975 in
761 4914 1061 4995 sepulcro,
1088 4921 1362 4994 tanquam
1388 4913 1449 4974 in
1472 4922 1694 4988 ostreo,
1731 4916 1978 4978 crelave-

2079 4915 2362 4992 ἱστραπῆς,
2423 4913 2515 4968 τὸν
2592 4909 2648 4966 δὲ
2706 4911 2974 4990 μάργαρον
3034 4910 3376 4976 αὐτεξουσίως
3446 4907 3719 4974 έξανατεί-

330 5007 432 5067 rit.
463 5009 730 5085 Cumque
781 5003 1048 5066 videritis
1104 5005 1330 5064 saniem
1386 5002 1440 5062 vi
1495 4998 1745 5083 fulguris
1797 5004 1980 5067 divini

2079 5012 2250 5079 ίαντα,
2325 5005 2414 5058 καὶ
2482 5002 2555 5064 είς
2616 5001 2874 5080 ἐμπορίαν
2928 5000 3272 5080 προκείμενον
3335 4998 3718 5078 άπραγμάτευ-

331 5104 714 5167 commotam,
741 5093 1088 5154 etunionem
1104 5095 1345 5173 propria
1357 5097 1646 5172 patestate
1669 5093 1974 5174 prodeun-

2079 5116 2176 5169 τον,
2257 5089 2445 5147 λάϐετε
2526 5099 2711 5149 τοῦτον
2770 5091 2860 5146 καὶ
2914 5087 3220 5148 ἰδιώσασθαι
3267 5087 3356 5163 86,
3428 5089 3516 5144 καὶ
3571 5089 3718 5158 ζωὴν

332 5187 474 5255 tem,
502 5199 569 5242 ac
595 5181 924 5260 expositum
947 5181 1474 5261 emptoribuscitra
1487 5179 1677 5243 ullum
1695 5182 1973 5263 pretium;

2079 5183 2270 5240 ιίώνιον
2332 5182 2542 5245 ἑαυτοῖς
2591 5179 3072 5258 ἆποθησαυρίσατε.
3133 5180 3289 5260 Τάχα
3349 5177 3404 5235 δὲ
3462 5177 3715 5234 καὶκατὰ

329 5269 581 5350 accipite
611 5287 747 5330 eum
778 5269 1063 5350 vobisque
1107 5270 1465 5350 peculiarem
1518 5269 1716 5350 facite,
1750 5289 1819 5332 ac
1849 5272 1980 5335 vitae

2079 5271 2263 5352 τατέρα
2344 5269 2718 5351 φιλόστοργον,
2811 5279 2898 5329 νῦν
2971 5271 3196 5350 πρώτως
3273 5267 3449 5326 ἰδόντα
3503 5264 3704 5330 παῖδας

329 5365 567 5420 aeterna;
599 5359 943 5420 thesaurum
975 5359 1415 5440 vobismetipsis
1459 5359 1773 5440 acquirite.
1828 5363 1976 5425 For-

2079 5362 2359 5440 ὶμύμονας,
2391 5360 2497 5417 ἀπὸ
2554 5366 2758 5436 μακρᾶς
2841 5361 2928 5416 καὶ
2997 5357 3337 5424 κινδυνώδους
3399 5355 3706 5432 ἀποδημίας

331 5451 507 5509 tassis
553 5447 730 5508 etiam
783 5465 951 5508 more
1009 5449 1195 5528 patris
1253 5447 1508 5510 liberum
1567 5450 1843 5526 amantis,
1877 5452 1978 5532 qui

2079 5448 2306 5517 ἱὸλαϐῶς
2372 5447 2804 5531 ἰνδημήσαντας,
2862 5449 2917 5507 ἐν
2967 5451 3229 5529 φιλήματι
3284 5450 3420 5528 ἁγίῳ
3473 5467 3713 5526 περιχα-

1638 5609 1898 5676 VARIIE
1944 5610 2385 5678 LECTIONES.

405 5714 470 5766 86
495 5715 792 5780 ίδιώσασθε.
