4120 6468
327 449 353 509 1
369 448 476 513 221
1677 453 2004 520 ῧΒιΕΒΟ-Ιὲ

2095 457 2358 524 HANUM
3555 454 3712 520 1222

330 591 434 663 ρῶς
503 586 920 666 κατασπάζεται,
991 588 1079 643 καὶ
1121 585 1322 652 ἁνοίξος
1365 589 1486 652 τοὺς
1541 591 1830 670 θησαυροὺς
1875 595 2004 656 τῆςι

2095 609 2174 651 1m
2198 591 2452 671 primum
2473 589 2629 652 ﬁlios
2659 586 2817 651 videt
2835 608 2906 651 ex
2936 589 3256 670 longinqua
3292 596 3352 650 et
3382 588 3717 670 periculosa

330 674 572 754 εὐλογίας
617 679 796 756 αὐτοῦ,
860 674 1146 742 δεξιοῦνται
1217 677 1429 742 τούτους
1491 681 1833 759 νομίσμασιν,
1866 677 1984 735 ὀλί-

2095 680 2548 759 teregrinatione
2579 680 2819 741 domum
2882 679 3097 740 illaesos
3140 678 3487 754 redeuntes,
3548 679 3713 739 laeta-

329 787 444 842 γοις
488 765 588 840 μὲν
643 767 779 824 κατὰ
832 768 893 822 τὸ
950 767 1292 847 φαινὸμενον,
1361 766 1585 831 πολλοῖς
1621 768 1676 824 δὲ
1733 770 1870 826 κατὰ
1924 768 1986 823 τὸ

2095 771 2308 830 ιυῐιόυε
2340 788 2442 831 eos
2473 789 2605 830 rum
2639 770 2845 830 osculo
2887 779 3087 830 sancto
3139 769 3373 850 salutat,
3408 777 3465 830 et
3496 768 3718 850 apertis

330 857 636 932 νοούμενον,
685 857 924 938 ’Λφορῶν
983 858 1082 936 γὰρ
1128 859 1198 922 εἰς
1250 861 1342 914 τὸν
1383 863 1484 925 τῆς
1542 859 1769 922 πίστεως
1806 859 1985 938 ἀρχη-

2097 857 2367 920 hesauris
2392 858 2827 919 benedictionis
2849 877 2993 931 sum,
3017 857 3392 919 numismatis
3409 875 3510 919 eos
3542 857 3716 920 exci-

331 946 427 1024 γὸν
485 947 573 1002 καὶ
626 944 917 1013 τελειωτὴν
988 945 1198 1012 Ἰησοῦν
1247 949 1474 1026 Χριστὸν
1536 947 1784 1015 ἀληθινὸν
1855 949 1986 1003 Θεὸν

2095 948 2176 1028 ῆι,
2213 947 2441 1027 exiguis
2470 947 2710 1028 quidem
2743 947 2857 1010 illis
2889 947 2948 1007 in
2982 947 3249 1024 speciem
3286 965 3301 1024 ;
3353 947 3456 1008 sed
3491 947 3721 1026 magnis

332 1040 506 1112 ἡμῶν,
561 1035 963 1116 ἀρῤαϐωνίζεται
994 1035 1078 1094 δια
1123 1038 1323 1094 τούτων
1381 1043 1564 1103 αὐτοῖς
1620 1043 1707 1097 καὶ
1763 1040 1864 1108 τὴν
1892 1050 1986 1099 τοῦ

2095 1037 2201 1115 ejus
2234 1038 2480 1111 ratione,
2510 1037 2664 1117 quod
2705 1036 3078 1115 intelligitur.
3130 1035 3360 1117 Quippe
3391 1036 3719 1118 respiciens

332 1127 479 1204 ἁγίου
512 1129 815 1202 Πνεύματος
849 1127 1208 1207 ἐπιφοίτησιν,

2095 1145 2127 1186 n
2198 1140 2500 1187 auctorem
2568 1133 2626 1187 et
2691 1135 3233 1186 consummatorem
3293 1124 3455 1205 ﬁdei,
3518 1127 3720 1187 Jesum

333 1215 655 1290 Christum,
690 1233 894 1277 verum
925 1215 1093 1276 illum
1127 1217 1313 1279 Deum
1343 1227 1615 1280 nostrum
1651 1239 1668 1297 ;
1717 1218 1878 1280 velut
1925 1216 2103 1280 arrha
2133 1215 2266 1277 data
2297 1235 2404 1296 per
2433 1217 2558 1277 haec
2591 1215 2675 1276 eis
2707 1215 3027 1294 pollicetur
3055 1215 3341 1289 futurum,
3375 1223 3436 1276 ut
3468 1213 3724 1296 Spiritus

335 1312 574 1366 sanctus
604 1323 784 1386 super
816 1323 918 1367 eos
947 1306 1176 1369 veniat.

417 1401 592 1453 Ταῦτα
660 1397 823 1471 ἡμεῖς
879 1397 953 1460 ὡς
1007 1395 1382 1476 ἀρχιτέκτονες
1423 1398 1664 1476 γέροντες
1723 1399 1987 1478 γεγράφαο

2151 1393 2289 1455 Haec
2321 1413 2430 1455 nos
2460 1394 2642 1455 veluti
2678 1394 3084 1474 provectiores
3133 1393 3443 1455 architecti
3490 1394 3728 1476 scripsi-

337 1484 436 1562 μέν
493 1506 600 1565 σοι,
662 1485 964 1565 σοφώτατε,
1032 1487 1120 1541 καὶ
1178 1484 1514 1562 ὑπεδείξαμεν
1559 1509 1640 1543 σοι
1697 1487 1987 1566 ἀπολογίας

2095 1503 2204 1545 nus
2229 1483 2354 1556 tibi,
2383 1483 2471 1544 vir
2495 1483 2921 1566 eruditissime,
2955 1504 3023 1546 ac
3053 1483 3505 1546 fundamentum
3549 1487 3725 1546 satis-

338 1572 603 1649 θεμέλιον.
631 1574 704 1629 Σὺ
751 1572 804 1628 δὲ
858 1575 932 1636 ὡς
993 1571 1154 1638 ἄλλος
1216 1573 1504 1649 Βεσελεὴλ,
1549 1575 1988 1652 ἐποικοδομήσεις

2095 1573 2347 1637 actionis
2369 1574 2533 1654 quasi
2558 1573 2740 1652 digito
2775 1574 3391 1637 commonstravimus.
3449 1573 3537 1634 Tu
3568 1574 3727 1635 velut

341 1664 401 1719 τὸ
431 1661 646 1730 ἀληθές.
679 1661 932 1738 Θεμέλιον
967 1664 1062 1743 γὰρ
1104 1662 1264 1720 ἄλλον
1317 1662 1505 1739 οὐδεὶς,
1565 1667 1716 1745 φησὶ,
1775 1663 1988 1721 δύναται

2095 1665 2227 1724 ιιιθτ
2261 1663 2545 1741 Βεδθιεθι,
2582 1681 2783 1724 verum
2805 1672 3203 1744 superstrues.
3253 1661 3482 1743 Quippe
3520 1664 3732 1724 funda-

339 1755 509 1808 θεῖναι
566 1751 708 1830 παρὰ
790 1752 884 1806 τὸν
941 1751 1204 1828 κείμενον,
1282 1750 1487 1820 Ἰησοῦν
1550 1755 1796 1834 Χριστὸν,
1842 1758 1888 1828 ᾧ
1956 1756 1991 1821 ἡ

2095 1759 2340 1813 nentum
2375 1751 2558 1820 aliud,
2597 1761 2659 1812 ut
2689 1752 2790 1812 ille
2824 1751 3034 1832 inquit,
3066 1770 3243 1812 nemo
3292 1770 3512 1830 ponere
3537 1760 3732 1832 potest

342 1838 463 1906 δόξα
489 1841 576 1896 καὶ
604 1841 666 1895 τὸ
693 1839 884 1918 κράτος
917 1841 990 1905 εἷς
1020 1841 1140 1904 τοὺς
1186 1842 1406 1906 αἰῶνας.
1439 1841 1637 1918 Ἀμὴν.

2095 1842 2388 1915 )rzeterid,
2411 1842 2563 1922 quod
2591 1841 2844 1920 positum
2873 1851 2981 1917 est,
3015 1845 3218 1903 Jesum
3260 1841 3490 1903 scilicet
3518 1841 3725 1906 Chris-

2015 1972 2053 2020 Β
2078 1941 2223 2012 tum,
2257 1931 2352 1992 cui
2381 1931 2570 2010 gloria
2602 1937 2660 1992 et
2689 1930 3007 2012 imperium
3042 1931 3102 1992 in
3136 1931 3372 1997 saecula.
3406 1931 3622 1994 Amen.

973 2026 1102 2076 ΤΟΥ
1145 2027 1363 2077 ΑΥΤΟΥ

2743 2023 3075 2088 EIUSDEM

360 2128 381 2161 ι
442 2103 676 2173 Μελέτη,
711 2107 908 2190 Δχάριν
965 2112 1064 2174 τῆς
1123 2109 1195 2190 εἷς
1263 2108 1386 2172 τοὺς
1442 2110 1605 2190 θείους
1663 2111 1822 2190 γαοὺς
1891 2113 1998 2190 τῶν

2095 2105 2460 2184 Meditatum,
2511 2106 3071 2190 de_convocat_lone,
3117 2122 3254 2190 quae,
3282 2106 3480 2190 ﬁt_ad
3527 2123 3732 2169 sacras

429 2186 796 2266 μοναστηρίων
949 2187 1238 2266 γινομένης
1397 2186 1776 2264 μετακλήσεως
1914 2189 1998 2247 διὰ

2281 2187 2792 2248 monasteriorum
2824 2186 3002 2267 cedes,
3035 2204 3145 2267 per
3173 2187 3296 2248 tria
3325 2187 3523 2266 signa.

431 2268 808 2344 σημαντηρίων
837 2268 1021 2347 τριῶν,
1057 2287 1086 2326 ι

430 2353 646 2411 Βλέπων
703 2355 1080 2434 ἀπειροκάλους
1137 2357 1304 2433 τινὰς,
1365 2359 1453 2414 καὶ
1495 2359 1625 2436 πρὸς
1684 2357 1850 2434 μηδὲν
1903 2359 1996 2414 εὖ-

349 2450 657 2522 κιιροῦντας
714 2443 1005 2525 ἐπωφελὲς,
1053 2444 1169 2502 ἀλλ’
1231 2446 1266 2514 ἢ
1322 2445 1495 2524 λέγειν
1564 2469 1614 2502 τι
1671 2449 1758 2504 καὶ
1789 2447 1997 2504 ἀκούειν

349 2533 676 2612 καινότερον,
749 2535 974 2609 ματαίαν
1065 2533 1463 2600 ἀποκαλοῦντας
1555 2537 1643 2591 καὶ
1698 2535 1993 2594 σκανδαλο-

350 2622 504 2677 ποιὸν
574 2622 674 2687 τὴν
716 2620 801 2678 διὰ
880 2623 1256 2703 σημαντηρίων
1315 2631 1474 2705 τριῶν
1537 2627 1609 2691 εἰς
1652 2627 1772 2690 τοὺς
1851 2627 1998 2691 ναοὺς

351 2711 636 2792 γινομένην
676 2720 784 2770 τῶν
857 2716 1191 2790 μοναζόντων
1263 2716 1613 2798 μετάκλησιν,
1688 2719 1846 2798 χάριν
1903 2718 1998 2786 τῆς

349 2806 456 2859 τῶν
497 2802 648 2858 θείων
677 2799 991 2882 δοξολογιῶν
1020 2804 1322 2884 ἀκροάσεως
1349 2828 1364 2843 ·
1445 2795 1642 2886 (Ὀρκει
1690 2795 1812 2885 γὰρ,
1846 2808 1997 2887 φησὶ,

356 2890 422 2947 δι’
486 2890 602 2955 ἐνὸς
687 2894 872 2956 αὐτοὺς
953 2893 1418 2968 μεταστέλλεσθαι,
1481 2897 1569 2951 καὶ
1640 2899 1718 2972 μη
1773 2896 2002 2975 γίνεσθαι

361 2982 498 3037 κατὰ
525 2986 631 3036 τῶν
693 2981 853 3060 ἁγίων
925 2978 1262 3049 Ἐκκλησιῶν
1312 2983 1405 3039 τοῦ
1455 2991 1586 3043 Θεοῦ
1639 2986 2003 3064 μυκτηρισμὸν

357 3070 446 3126 καὶ
477 3069 786 3149 χλευασμὸν
843 3071 986 3148 παρὰ
1037 3077 1144 3127 τῶν
1186 3071 1518 3128 κυκλούντων
1574 3075 1716 3148 ἡμᾶς
1773 3072 2001 3149 ἀσεϐῶν,

2163 2354 2450 2428 Quoniam
2474 2354 2642 2416 video
2661 2355 2946 2435 quosdam
2963 2355 3293 2436 imperitos,
3322 2364 3380 2417 et
3401 2357 3624 2419 nullam
3651 2358 3724 2419 ad

2078 2464 2208 2507 rem
2228 2445 2722 2519 utilemudoneos,
2754 2463 2929 2525 quam
2960 2454 3025 2506 ut
3069 2445 3293 2526 aliquid
3341 2446 3475 2506 novi
3529 2445 3734 2509 dicant

2080 2543 2139 2596 et
2159 2534 2398 2596 audiant
2421 2534 2654 2594 stultam
2689 2553 2759 2595 ac
2793 2535 3057 2597 scandali
3081 2535 3316 2615 plenam
3344 2553 3557 2597 vocare
3581 2556 3730 2598 con-

2081 2625 2454 2685 vocationem
2489 2624 2914 2685 monachorum
2970 2623 3042 2684 ad
3103 2642 3302 2686 sacras
3359 2627 3544 2698 aedes,
3605 2644 3736 2707 qua;

2083 2711 2270 2773 tribus
2302 2711 2366 2773 ﬁt
2422 2712 2631 2791 signis.
2665 2711 3101 2775 celebrationes
3159 2713 3390 2774 divinas
3449 2713 3734 2775 audiendi

2085 2819 2264 2862 causa
2299 2798 2672 2879 (Sufﬁciebat
2700 2799 2885 2880 enim,
2940 2800 3240 2882 inquiunt,
3302 2820 3421 2863 uno
3453 2801 3738 2864 duntaxat

2087 2907 2190 2952 eos
2219 2889 2386 2968 signo
2420 2889 2789 2969 congregari,
2853 2908 2966 2951 nec
3027 2890 3276 2970 praeberi
3323 2908 3557 2953 causam
3590 2892 3736 2953 sub-

2088 2978 2376 3040 sannandi
2401 2978 2760 3039 etirridendi
2803 2988 3038 3040 sanctas
3053 2979 3154 3042 De:
3171 2979 3466 3042 Ecclesias
3485 2981 3742 3042 circum-

2087 3068 2364 3130 dantibus
2397 3087 2505 3129 nos
2536 3068 2756 3149 impiis,
2793 3079 2858 3128 ut
2891 3068 3172 3148 parobola
3200 3071 3340 3131 fiant
3391 3069 3547 3132 inter
3570 3089 3740 3151 paga-

359 3159 635 3218 κάντεῦθεν
677 3160 764 3215 καὶ
794 3157 1103 3238 παραϐολὴν
1148 3159 1202 3216 ἐν
1254 3174 1372 3226 τοῖς
1415 3159 1604 3237 ἔθνεσι,
1655 3160 1791 3237 μηδὲ
1819 3167 2004 3243 θριαμ-

2095 3176 2220 3231 nos,
2257 3175 2366 3218 nec
2397 3166 2610 3219 statum
2665 3159 3055 3219 monasticum
3108 3158 3272 3220 velut
3318 3159 3379 3220 in
3438 3159 3740 3240 triumpho

360 3246 596 3305 ϐεύεσθαι
639 3249 700 3304 τὸ
763 3250 1084 3328 μοναχικὸν,
1161 3252 1234 3315 ὡς
1306 3249 1459 3320 δῆθεν
1517 3252 1590 3314 εἰς
1635 3251 1760 3326 μίαν
1815 3250 2003 3308 διαλα-

2095 3246 2476 3327 spectandum
2505 3245 2797 3323 exhiberi,
2827 3247 2996 3327 quasi
3017 3247 3088 3308 ad
3113 3267 3292 3310 unam
3321 3224 3742 3310 commonitio-

361 3336 478 3393 λιὰν
527 3337 606 3413 μὴ
664 3337 1042 3418 εὖσυνθετοῦν·)
1104 3345 1342 3420 παριστῶ
1417 3338 1501 3396 διὰ
1567 3346 1667 3408 τῆς
1737 3343 2004 3420 παρούσης

2095 3353 2227 3396 nem
2259 3353 2325 3395 se
2345 3347 2511 3397 recte
2530 3354 2648 3397 non
2669 3339 3009 3416 componat)
3039 3353 3055 3411 ;
3085 3337 3363 3421 equidem
3387 3338 3501 3400 hoc
3521 3339 3743 3419 scripto

362 3449 464 3494 μου
519 3431 752 3507 γραφῆς,
813 3429 888 3491 ὡς
946 3426 1063 3484 οὔτε
1111 3427 1195 3485 διὰ
1245 3430 1340 3494 τὰς
1398 3428 1697 3509 φληναφίας
1754 3438 1861 3486 τῶν
1890 3431 2004 3486 ἀσε-

2095 3425 2382 3505 probabo,
2416 3443 2528 3486 nec
2563 3433 2806 3505 propter
2834 3425 2970 3487 illas
3028 3425 3352 3506 impiorum
3385 3447 3596 3507 nugas,
3633 3447 3746 3490 nec

362 3513 494 3592 ϐῶν,
539 3514 656 3573 οὔτε
684 3514 769 3573 διὰ
795 3517 889 3579 τὰς
937 3515 1213 3582 δυσκολίας
1262 3526 1370 3576 τῶν
1418 3526 1690 3591 μοναστῶν
1721 3519 2004 3600 ἐπενοήθη,

2096 3521 2339 3594 propter
2410 3514 2839 3575 monachorum
2923 3519 3296 3578 morositates
3350 3517 3744 3597 excogitatum

363 3602 448 3661 διὰ
477 3605 854 3684 σημαντηρίων
900 3611 1059 3682 τριῶν
1116 3607 1211 3671 τὰς
1272 3607 1412 3670 θείας
1470 3604 1767 3686 δοξολογίας
1823 3606 2004 3674 ἐπικη-

2095 3621 2252 3683 esse,
2277 3612 2337 3663 ut
2358 3603 2551 3667 tribus
2569 3603 2753 3681 signis
2774 3603 3241 3682 gloriﬁcationes
3285 3605 3498 3668 divinae
3518 3607 3743 3667 denun-

365 3695 634 3773 ρύττεσθαι
669 3710 683 3724 ·
746 3692 883 3750 ἀλλὰ
939 3692 1024 3750 διὰ
1066 3693 1226 3773 λόγον
1291 3694 1783 3776 ἀρχαιοπαρᾶδοτον
1851 3719 2004 3753 σπου-

2095 3691 2346 3753 tientur:
2400 3691 2506 3753 sed
2563 3699 2805 3772 prepter
2865 3692 3062 3772 magni
3110 3695 3396 3758 momenti
3453 3695 3744 3756 rationem

365 3781 666 3846 δαιότατον.

446 3965 563 4018 Τῶν
605 3959 706 4039 γὰρ
737 3957 821 4017 ἐπ’
883 3957 1205 4028 Ἐκκλησίας
1261 3958 1554 4038 γινομένων
1608 3960 1874 4040 ἡμερινῶν
1927 3961 2016 4016 καὶ

369 4055 680 4130 νυκτερινῶν
723 4047 1060 4130 δοξολογιῶν,
1097 4050 1232 4106 κατὰ
1262 4050 1322 4106 τὸ
1392 4058 1485 4108 τοῦ
1541 4051 1813 4129 προφήτου
1859 4048 2018 4106 Δαὸὶδ

367 4136 736 4214 θεσπιώδημα,
767 4140 830 4195 τὸ
877 4137 1036 4218 λέγον
1071 4154 1085 4168 ⁶
1150 4136 1239 4195 Ἐν
1299 4136 1522 4219 ἑσπέρᾳ,
1591 4139 1682 4194 καὶ
1710 4142 1883 4219 πρωῒ,
1930 4139 2018 4195 καὶ

369 4223 672 4305 μεσημϐρίᾳ
753 4224 1104 4306 διηγήσομαι,
1186 4227 1275 4283 καὶ
1355 4225 1668 4306 ἀπαγγελῶ,

368 4315 647 4372 ακούσεται
676 4319 774 4381 τῆς
806 4321 988 4397 φωνῆς
1020 4316 1121 4392 μοῦ
1163 4318 1191 4371 ὁ
1224 4315 1414 4396 Κύριος
1449 4331 1463 4345 ⁸
1497 4317 1603 4373 ἀπὸ
1647 4324 1754 4374 τῶν
1783 4314 1873 4374 δύο
1901 4338 2020 4372 συν-

1770 4229 1856 4284 καὶ
1915 4229 2018 4284 εὶσ·

2096 3781 2442 3861 quamdam,
2474 3779 2546 3841 ab
2579 3779 2840 3860 antiquis
2891 3781 3125 3843 saeculis
3177 3799 3285 3863 per
3318 3800 3526 3844 manus
3557 3783 3746 3844 tradi-

2098 3877 2214 3931 tam
2226 3917 2240 3931 .

2179 3956 2409 4038 Quippe
2432 3975 2566 4020 cum
2592 3957 2700 4021 Dei
2721 3958 3181 4033 celebrationes,
3227 3979 3356 4041 quae
3396 3961 3664 4023 interdiu
3694 3970 3754 4024 et

2100 4059 2281 4110 noctu
2313 4047 2462 4108 ﬁunt
2486 4048 2547 4108 in
2599 4047 2891 4129 Ecclesia,
2923 4049 3109 4128 ljuxta
3153 4048 3416 4110 Davidiis
3448 4052 3754 4132 praphetze

2101 4135 2434 4212 oraculum,
2469 4139 2638 4216 cujus
2669 4137 2848 4200 verba
2878 4145 3053 4200 sunt:
3089 4136 3364 4222 Vesperi,
3396 4148 3453 4202 et
3473 4159 3672 4223 mane,
3697 4149 3754 4203 et

2096 4225 2159 4287 in
2215 4224 2468 4287 meridie
2525 4226 2802 4302 narrabo,
2867 4235 2926 4290 et
2983 4229 3361 4311 renuntiabo,
3423 4248 3752 4312 vocemque

2101 4333 2294 4376 meam
2329 4315 2614 4378 Dominns
2645 4317 2888 4380 audiet:
2930 4336 3066 4379 cum
3114 4318 3293 4398 igitur
3314 4319 3404 4380 hae
3425 4320 3748 4400 perﬁcian-

367 4402 697 4480 τελουμένων
759 4404 1057 4480 Διαθηκῶν,
1093 4404 1198 4461 ἀπὸ
1227 4409 1327 4472 τῆς
1383 4405 1520 4468 Νέας
1567 4403 1770 4474 δηλαδὴ
1802 4407 2004 4472 καὶτῆς

2103 4412 2198 4466 tur
2219 4423 2287 4466 ex
2313 4404 2548 4467 duobus
2559 4407 2984 4483 Testamentis,
3009 4405 3170 4469 Novo
3191 4407 3421 4470 scilicet
3442 4426 3510 4470 ac
3522 4407 3746 4485 Veteri,

369 4493 628 4575 Παλαιᾶς,
685 4495 820 4550 κατὰ
887 4495 992 4552 τῶν
1061 4495 1225 4572 ἁγίων
1281 4495 1369 4551 καὶ
1437 4495 1702 4575 θεοφόρων
1773 4493 2004 4575 Πατέρωη

2097 4496 2261 4574 juxta
2316 4503 2653 4556 sanctorum
2712 4503 2772 4557 et
2820 4495 3100 4558 divinitus
3147 4497 3474 4558 amatorum
3510 4500 3749 4560 Patrum

368 4559 676 4663 παραδοσίν,
737 4585 932 4662 ὡρίσθη
990 4559 1347 4664 πρὸ’πάντων
1401 4559 1696 4655 δοξάξεσθαι
1769 4586 1859 4640 τὸν
1890 4559 2004 4641 έεὸη

2097 4559 2482 4646 traditionem
2511 4601 2525 4645 :
2560 4592 2698 4646 ante
2729 4585 2927 4646 omnia
2946 4585 3238 4650 sancitum
3259 4594 3348 4648 est
3376 4595 3438 4647 ut
3460 4587 3756 4666 gloriﬁce-

368 4672 476 4728 ἀπὸ
516 4676 616 4739 τῆς
645 4673 784 4736 θείας
832 4673 1070 4752 κιννύρας
1119 4679 1211 4729 τοῦ
1262 4673 1581 4751 θεοπάτορος
1629 4672 1867 4751 (Ἀνοίξω
1895 4675 2004 4752 γὰρ,

2104 4681 2201 4734 tur
2230 4671 2392 4734 Deus
2421 4690 2531 4752 per
2559 4690 2794 4735 sacram
2828 4675 3070 4737 Davidis
3099 4675 3414 4750 citharam,
3449 4676 3749 4757 (Aperiam

371 4763 552 4842 φησὶν,
586 4760 640 4817 ἐν
671 4759 948 4840 ψαλτηρίῳ
991 4763 1055 4818 τὸ
1105 4757 1395 4840 πρόϐλημά
1438 4760 1566 4841 μου)
1611 4761 1706 4818 καί
1761 4763 1895 4838 μετὰ
1923 4763 2004 4818 τὶν

2104 4761 2286 4834 enim,
2312 4761 2522 4841 inquit,
2559 4762 2618 4822 in
2671 4763 2950 4843 psalterio
3000 4764 3387 4845 quaestionem
3440 4767 3660 4845 meam)
3697 4772 3757 4827 et

370 4850 557 4906 τούτου
599 4847 900 4925 ἀνάπτυξιν,
952 4851 1044 4908 τὸν
1084 4853 1227 4907 θεῖον
1278 4849 1581 4927 μελισσῶνα
1629 4857 1728 4918 τῆς
1783 4849 2004 4919 Ἐκκλη-

2108 4860 2240 4932 post
2269 4849 2725 4931 explicationem
2757 4859 2907 4931 ejus,
2943 4860 3007 4914 ut
3035 4871 3272 4915 sacrum
3329 4870 3577 4918 examen
3639 4858 3752 4917 Ec-

371 4938 486 5003 σίας
559 4937 982 5019 ἐξαγωνίζεσθαι,
1037 4937 1121 4994 διὰ
1169 4939 1356 5018 κηρίου
1399 4937 1753 4996 διδασκαλιῶν
1795 4940 2004 5018 εὖαγγε·

2106 4940 2305 5002 clesiae
2321 4949 2796 5002 semetexerceat
2813 4961 2917 5023 per
2941 4941 3430 5021 Evangelicarum
3461 4943 3760 5005 doctrina-

373 5027 562 5109 λικῶν,
593 5031 685 5085 τοῦ
713 5028 927 5108 κέντρου
979 5027 1292 5108 φωτίζοντος
1349 5028 1448 5096 τὴν
1504 5029 1857 5106 σκοτόμαιναν
1893 5047 1908 5062 ⁶
1942 5027 2004 5085 διὶ

2105 5047 2238 5092 rum
2321 5029 2514 5091 favum
2602 5029 2843 5092 stimulo
2929 5031 3242 5111 caliginem
3326 5032 3762 5108 illuminante;

375 5117 589 5196 μέλιτος
618 5124 834 5198 γραφῶν
861 5115 1250 5198 ἃποστολικῶν,
1298 5115 1668 5196 γλυκαίνοντος
1697 5117 1794 5187 τῆς
1845 5120 2004 5175 οἴκου·

2108 5137 2334 5200 perque
2364 5117 2480 5180 mel
2499 5118 2956 5199 apostolicorum
2981 5121 3367 5203 scriptorum,
3391 5122 3548 5202 quod
3563 5121 3764 5184 dulce-

376 5210 544 5286 μένης
592 5211 660 5266 τὰ
723 5209 926 5288 πέρατα
953 5227 968 5242 ⁶
1022 5211 1111 5267 καὶ
1161 5207 1246 5265 διὰ
1300 5215 1630 5290 μαρτυρικῶν
1672 5210 1998 5292 ἀφηγήσεων

2107 5209 2312 5270 dinem
2344 5208 2564 5270 ﬁnibus
2595 5209 2758 5270 orbis
2789 5220 3078 5272 terrarum
3134 5211 3306 5272 oli‘ert
3338 5232 3354 5293 ;
3388 5230 3457 5274 ac
3485 5231 3590 5293 per
3621 5230 3765 5274 nar-

378 5299 782 5378 μεγαλυνουσῶν
839 5301 930 5355 τὸν
987 5297 1236 5377 ἕνσαρκον
1305 5299 1605 5374 οἰκονομίαν
1668 5307 1762 5356 τοῦ
1806 5308 2004 5379 Χριστοπ

2111 5297 2374 5360 rationes
2405 5297 2666 5379 denique
2695 5298 2771 5360 de
2822 5299 3180 5380 martyribus
3227 5318 3359 5381 quze
3386 5300 3769 5363 administra-

375 5391 465 5447 καὶ
495 5397 626 5450 Θεοῦ
667 5389 845 5466 ἡμῶν.
897 5389 990 5445 Διὸ
1041 5390 1129 5445 καὶ
1185 5388 1344 5469 χάριν
1393 5388 1492 5464 μὲν
1548 5394 1652 5445 τῶν
1713 5388 1767 5455 ἕξ
1797 5389 2004 5466 ψαλμῶ

2110 5387 2333 5450 tionem
2367 5386 2428 5448 in
2461 5405 2644 5449 carne
2673 5387 2896 5450 Christi
2921 5387 3149 5469 Deique
3171 5390 3359 5451 nostri
3379 5391 3766 5472 ampliﬁcant.

378 5488 472 5539 τοῦ
510 5480 850 5558 θεοπάτορος,
892 5479 979 5536 καὶ
1017 5477 1242 5548 λοιπῶν,
1297 5478 1404 5534 τῶν
1463 5476 1518 5532 ἐν
1553 5484 1622 5556 τῇ
1684 5479 1892 5559 ὀρθρινῇ
1934 5477 2004 5536 δο-

2114 5475 2374 5558 Ideoque
2434 5485 2678 5558 propter
2732 5494 2832 5539 seu
2892 5477 3027 5546 illos
3065 5477 3305 5540 Davidis
3363 5481 3650 5561 psalmos,
3713 5488 3772 5542 et

380 5568 622 5647 ξολογίας
651 5571 752 5648 πρὸ
802 5577 894 5628 τοῦ
943 5567 1287 5647 ἁγιοπολιτου
1354 5565 1706 5643 ψαλλομένων
1751 5570 2000 5626 ἑκάστοτε

2113 5566 2404 5647 reliquos,
2453 5568 2556 5647 qui
2599 5565 2837 5629 assidue
2886 5567 2948 5628 in
3007 5567 3438 5647 gloriﬁcatioue
3485 5569 3774 5632 matutina

383 5660 470 5716 καὶ
498 5671 621 5724 ταῖς
677 5656 1028 5734 ψαλλομὲνων
1081 5659 1316 5728 συνήθως
1360 5655 1412 5714 ἓν
1484 5669 1607 5720 ταῖς
1675 5657 1836 5723 θείαις
1896 5661 2002 5738 ἱερο

2112 5663 2412 5718 canuntur
2432 5664 2570 5718 ante
2599 5655 3020 5737 hagiopolitam
3058 5679 3073 5735 ;
3107 5665 3167 5720 et
3207 5665 3450 5740 propter
3481 5676 3608 5734 eos,
3669 5659 3772 5740 qui

383 5747 698 5823 τελεστίαις,
753 5749 842 5804 καὶ
929 5759 1051 5812 ταῖς
1139 5747 1440 5825 ἑσπερινατς
1523 5761 1880 5828 προσευχαῖς,
1927 5751 2004 5827 πρὲ

2115 5763 2222 5827 pro
2260 5762 2427 5808 more
2459 5753 2784 5823 canuntur,
2817 5764 2953 5809 cum
2987 5764 3086 5809 res
3115 5746 3314 5810 divina
3360 5747 3682 5830 peragitur,
3716 5756 3776 5811 et
