  <div class='ocr_page' id='page_1' title='image "/cluster/home/n/w/nwhite01/storage/ocr_20150623/119:no.2/coo.31924054870237/623.png"; bbox 0 0 4120 6440; ppageno 0'>
   <div class='ocr_carea' id='block_1_1' title="bbox 469 405 2098 478">
    <p class='ocr_par' dir='ltr' id='par_1_1' title="bbox 469 405 2092 476">
     <span class='ocr_line' id='line_1_1' title="bbox 469 405 2092 476; baseline 0.001 -6"><span class='ocrx_word' id='word_1_1' title='bbox 469 405 621 470; x_wconf 71' lang='grc'><strong>1223</strong></span> <span class='ocrx_word' id='word_1_2' title='bbox 1871 410 2003 476; x_wconf 81' lang='lat' dir='ltr'><strong>JUS</strong></span> <span class='ocrx_word' id='word_1_3' title='bbox 2042 409 2092 471; x_wconf 87' lang='lat' dir='ltr'><strong>A</strong></span> 
     </span>
    </p>
   </div>
   <div class='ocr_carea' id='block_1_2' title="bbox 2181 405 3855 478">
    <p class='ocr_par' dir='ltr' id='par_1_2' title="bbox 2181 406 3855 478">
     <span class='ocr_line' id='line_1_2' title="bbox 2181 406 3855 478; baseline 0.004 -6"><span class='ocrx_word' id='word_1_4' title='bbox 2181 406 2454 474; x_wconf 81' lang='lat' dir='ltr'><strong>)NICUM</strong></span> <span class='ocrx_word' id='word_1_5' title='bbox 3700 413 3855 478; x_wconf 69' lang='lat'><strong>1224</strong></span> 
     </span>
    </p>
   </div>
   <div class='ocr_carea' id='block_1_3' title="bbox 460 541 2098 628">
    <p class='ocr_par' dir='ltr' id='par_1_3' title="bbox 460 541 2098 626">
     <span class='ocr_line' id='line_1_3' title="bbox 460 541 2098 626; baseline 0.001 -22"><span class='ocrx_word' id='word_1_6' title='bbox 460 543 522 604; x_wconf 91' lang='lat' dir='ltr'><strong>in</strong></span> <span class='ocrx_word' id='word_1_7' title='bbox 555 541 834 623; x_wconf 80' lang='lat' dir='ltr'><strong>precibus</strong></span> <span class='ocrx_word' id='word_1_8' title='bbox 862 542 1243 624; x_wconf 83' lang='lat' dir='ltr'><strong>vespertinis.</strong></span> <span class='ocrx_word' id='word_1_9' title='bbox 1259 551 1396 604; x_wconf 89' lang='lat' dir='ltr'><strong>ante</strong></span> <span class='ocrx_word' id='word_1_10' title='bbox 1419 541 1707 606; x_wconf 78' lang='lat' dir='ltr'><strong>lectiones</strong></span> <span class='ocrx_word' id='word_1_11' title='bbox 1725 544 2098 626; x_wconf 84' lang='lat' dir='ltr'><strong>apostolicas,</strong></span> 
     </span>
    </p>
   </div>
   <div class='ocr_carea' id='block_1_4' title="bbox 2181 541 3846 628">
    <p class='ocr_par' dir='ltr' id='par_1_4' title="bbox 2190 541 3846 628">
     <span class='ocr_line' id='line_1_4' title="bbox 2190 541 3846 628; baseline 0.003 -29"><span class='ocrx_word' id='word_1_12' title='bbox 2190 545 2297 600; x_wconf 78' lang='grc' dir='ltr'>τῶν</span> <span class='ocrx_word' id='word_1_13' title='bbox 2373 541 2748 601; x_wconf 79' lang='grc' dir='ltr'>ἀποστολικῶν</span> <span class='ocrx_word' id='word_1_14' title='bbox 2842 544 2979 625; x_wconf 82' lang='grc' dir='ltr'>ἆναγ</span> <span class='ocrx_word' id='word_1_15' title='bbox 2991 547 3279 624; x_wconf 65' lang='grc' dir='ltr'>οωσμάτων</span> <span class='ocrx_word' id='word_1_16' title='bbox 3319 548 3407 604; x_wconf 79' lang='grc' dir='ltr'><strong>καὶ</strong></span> <span class='ocrx_word' id='word_1_17' title='bbox 3463 547 3846 628; x_wconf 61' lang='grc' dir='ltr'>εὖαττελικῶν,</span> 
     </span>
    </p>
   </div>
   <div class='ocr_carea' id='block_1_5' title="bbox 461 631 2098 716">
    <p class='ocr_par' dir='ltr' id='par_1_5' title="bbox 461 631 2098 714">
     <span class='ocr_line' id='line_1_5' title="bbox 461 631 2098 714; baseline 0.001 -20"><span class='ocrx_word' id='word_1_18' title='bbox 461 642 518 694; x_wconf 90' lang='lat' dir='ltr'><strong>et</strong></span> <span class='ocrx_word' id='word_1_19' title='bbox 573 631 963 712; x_wconf 78' lang='lat' dir='ltr'><strong>evangelicas,</strong></span> <span class='ocrx_word' id='word_1_20' title='bbox 1027 641 1204 714; x_wconf 78' lang='lat' dir='ltr'><strong>atque</strong></span> <span class='ocrx_word' id='word_1_21' title='bbox 1260 633 1442 694; x_wconf 88' lang='lat' dir='ltr'><strong>etiam</strong></span> <span class='ocrx_word' id='word_1_22' title='bbox 1501 634 1770 696; x_wconf 83' lang='lat' dir='ltr'><strong>versibus</strong></span> <span class='ocrx_word' id='word_1_23' title='bbox 1829 635 2098 710; x_wconf 66' lang='lat' dir='ltr'><strong>inclusas,</strong></span> 
     </span>
    </p>
   </div>
   <div class='ocr_carea' id='block_1_6' title="bbox 2181 631 3852 716">
    <p class='ocr_par' dir='ltr' id='par_1_6' title="bbox 2196 632 3852 716">
     <span class='ocr_line' id='line_1_6' title="bbox 2196 632 3852 716; baseline 0.003 -26"><span class='ocrx_word' id='word_1_24' title='bbox 2196 632 2332 691; x_wconf 76' lang='grc' dir='ltr'>ἀλλὰ</span> <span class='ocrx_word' id='word_1_25' title='bbox 2375 633 2485 708; x_wconf 79' lang='grc' dir='ltr'><strong>μὴν</strong></span> <span class='ocrx_word' id='word_1_26' title='bbox 2527 635 2614 690; x_wconf 85' lang='grc' dir='ltr'>καὶ</span> <span class='ocrx_word' id='word_1_27' title='bbox 2669 637 2774 690; x_wconf 73' lang='grc' dir='ltr'>τῶν</span> <span class='ocrx_word' id='word_1_28' title='bbox 2839 638 3136 716; x_wconf 72' lang='grc' dir='ltr'>στιχηρῶν,</span> <span class='ocrx_word' id='word_1_29' title='bbox 3203 635 3624 712; x_wconf 73' lang='grc' dir='ltr'>μετακαλοῦνται</span> <span class='ocrx_word' id='word_1_30' title='bbox 3668 641 3716 695; x_wconf 76' lang='lat' dir='ltr'><strong>oi</strong></span> <span class='ocrx_word' id='word_1_31' title='bbox 3744 661 3852 714; x_wconf 87' lang='grc' dir='ltr'>μο-</span> 
     </span>
    </p>
   </div>
   <div class='ocr_carea' id='block_1_7' title="bbox 459 720 2098 806">
    <p class='ocr_par' dir='ltr' id='par_1_7' title="bbox 459 723 2098 804">
     <span class='ocr_line' id='line_1_7' title="bbox 459 723 2098 804; baseline 0.001 -19"><span class='ocrx_word' id='word_1_32' title='bbox 459 733 844 786; x_wconf 88' lang='lat' dir='ltr'><strong>arcessuntur</strong></span> <span class='ocrx_word' id='word_1_33' title='bbox 899 724 1176 785; x_wconf 84' lang='lat' dir='ltr'><strong>monachi</strong></span> <span class='ocrx_word' id='word_1_34' title='bbox 1230 743 1337 804; x_wconf 87' lang='lat' dir='ltr'><strong>per</strong></span> <span class='ocrx_word' id='word_1_35' title='bbox 1392 723 1630 804; x_wconf 83' lang='lat' dir='ltr'><strong>signum</strong></span> <span class='ocrx_word' id='word_1_36' title='bbox 1662 723 1962 804; x_wconf 82' lang='lat' dir='ltr'><strong>quoddam</strong></span> <span class='ocrx_word' id='word_1_37' title='bbox 1995 726 2098 787; x_wconf 84' lang='lat' dir='ltr'><strong>exi-</strong></span> 
     </span>
    </p>
   </div>
   <div class='ocr_carea' id='block_1_8' title="bbox 2181 720 3846 806">
    <p class='ocr_par' dir='ltr' id='par_1_8' title="bbox 2197 720 3846 806">
     <span class='ocr_line' id='line_1_8' title="bbox 2197 720 3846 806; baseline 0.005 -30"><span class='ocrx_word' id='word_1_38' title='bbox 2197 722 2352 802; x_wconf 76' lang='grc' dir='ltr'>ναχοὶ</span> <span class='ocrx_word' id='word_1_39' title='bbox 2381 720 2465 778; x_wconf 78' lang='grc' dir='ltr'>διὰ</span> <span class='ocrx_word' id='word_1_40' title='bbox 2493 725 2858 802; x_wconf 86' lang='grc' dir='ltr'>σημαντηρίου</span> <span class='ocrx_word' id='word_1_41' title='bbox 2899 732 3114 806; x_wconf 81' lang='grc' dir='ltr'>μικροῦ,</span> <span class='ocrx_word' id='word_1_42' title='bbox 3175 727 3264 782; x_wconf 87' lang='grc' dir='ltr'><strong>καὶ</strong></span> <span class='ocrx_word' id='word_1_43' title='bbox 3293 727 3414 783; x_wconf 85' lang='grc' dir='ltr'>όῖον</span> <span class='ocrx_word' id='word_1_44' title='bbox 3440 728 3846 805; x_wconf 79' lang='grc' dir='ltr'>ταπεινοτάρου,</span> 
     </span>
    </p>
   </div>
   <div class='ocr_carea' id='block_1_9' title="bbox 461 812 2098 897">
    <p class='ocr_par' dir='ltr' id='par_1_9' title="bbox 461 812 2098 895">
     <span class='ocr_line' id='line_1_9' title="bbox 461 812 2098 895; baseline 0.002 -22"><span class='ocrx_word' id='word_1_45' title='bbox 461 832 665 893; x_wconf 84' lang='lat' dir='ltr'><strong>guum,</strong></span> <span class='ocrx_word' id='word_1_46' title='bbox 699 813 986 894; x_wconf 86' lang='lat' dir='ltr'><strong>quasique</strong></span> <span class='ocrx_word' id='word_1_47' title='bbox 1017 813 1303 875; x_wconf 89' lang='lat' dir='ltr'><strong>humilius</strong></span> <span class='ocrx_word' id='word_1_48' title='bbox 1334 822 1391 875; x_wconf 90' lang='lat' dir='ltr'><strong>et</strong></span> <span class='ocrx_word' id='word_1_49' title='bbox 1437 813 1772 876; x_wconf 77' lang='lat' dir='ltr'><strong>obscurius.</strong></span> <span class='ocrx_word' id='word_1_50' title='bbox 1806 812 1950 875; x_wconf 85' lang='lat' dir='ltr'><strong>Nam</strong></span> <span class='ocrx_word' id='word_1_51' title='bbox 1982 833 2098 895; x_wconf 82' lang='lat' dir='ltr'><strong>qua</strong></span> 
     </span>
    </p>
   </div>
   <div class='ocr_carea' id='block_1_10' title="bbox 2181 812 3846 897">
    <p class='ocr_par' dir='ltr' id='par_1_10' title="bbox 2195 813 3846 897">
     <span class='ocr_line' id='line_1_10' title="bbox 2195 813 3846 897; baseline 0.003 -29"><span class='ocrx_word' id='word_1_52' title='bbox 2195 813 2282 868; x_wconf 75' lang='grc' dir='ltr'><strong>καὶ</strong></span> <span class='ocrx_word' id='word_1_53' title='bbox 2314 820 2606 871; x_wconf 82' lang='grc' dir='ltr'>σκοτεινου.</span> <span class='ocrx_word' id='word_1_54' title='bbox 2666 813 2744 870; x_wconf 80' lang='grc' dir='ltr'><strong>Τὰ</strong></span> <span class='ocrx_word' id='word_1_55' title='bbox 2791 813 2890 893; x_wconf 79' lang='grc' dir='ltr'>γὰρ</span> <span class='ocrx_word' id='word_1_56' title='bbox 2939 821 3008 890; x_wconf 77' lang='grc' dir='ltr'><strong>τῇ</strong></span> <span class='ocrx_word' id='word_1_57' title='bbox 3054 813 3260 888; x_wconf 81' lang='grc' dir='ltr'>Παλαιᾷ</span> <span class='ocrx_word' id='word_1_58' title='bbox 3311 817 3551 892; x_wconf 78' lang='grc' dir='ltr'>Διαθήκῃ</span> <span class='ocrx_word' id='word_1_59' title='bbox 3582 838 3846 897; x_wconf 80' lang='grc' dir='ltr'>σκιαγρα-</span> 
     </span>
    </p>
   </div>
   <div class='ocr_carea' id='block_1_11' title="bbox 460 901 2098 984">
    <p class='ocr_par' dir='ltr' id='par_1_11' title="bbox 460 901 2098 984">
     <span class='ocr_line' id='line_1_11' title="bbox 460 901 2098 984; baseline -0.001 -18"><span class='ocrx_word' id='word_1_60' title='bbox 460 902 662 966; x_wconf 83' lang='lat' dir='ltr'><strong>Veteri</strong></span> <span class='ocrx_word' id='word_1_61' title='bbox 684 901 1065 964; x_wconf 89' lang='lat' dir='ltr'><strong>Testamento</strong></span> <span class='ocrx_word' id='word_1_62' title='bbox 1089 903 1268 964; x_wconf 85' lang='lat' dir='ltr'><strong>veluti</strong></span> <span class='ocrx_word' id='word_1_63' title='bbox 1301 922 1407 984; x_wconf 86' lang='lat' dir='ltr'><strong>per</strong></span> <span class='ocrx_word' id='word_1_64' title='bbox 1427 903 1670 965; x_wconf 84' lang='lat' dir='ltr'><strong>umbras</strong></span> <span class='ocrx_word' id='word_1_65' title='bbox 1709 903 2098 976; x_wconf 79' lang='lat' dir='ltr'><strong>detineantur1</strong></span> 
     </span>
    </p>
   </div>
   <div class='ocr_carea' id='block_1_12' title="bbox 2181 901 3846 984">
    <p class='ocr_par' dir='ltr' id='par_1_12' title="bbox 2195 901 3846 981">
     <span class='ocr_line' id='line_1_12' title="bbox 2195 901 3846 981; baseline 0.003 -25"><span class='ocrx_word' id='word_1_66' title='bbox 2195 901 2452 981; x_wconf 72' lang='grc' dir='ltr'>φούμενα,</span> <span class='ocrx_word' id='word_1_67' title='bbox 2523 901 2685 966; x_wconf 80' lang='grc' dir='ltr'>τύπος</span> <span class='ocrx_word' id='word_1_68' title='bbox 2742 907 2850 958; x_wconf 85' lang='grc' dir='ltr'><strong>τῶν</strong></span> <span class='ocrx_word' id='word_1_69' title='bbox 2907 901 3212 978; x_wconf 84' lang='grc' dir='ltr'><strong>μελλόντων</strong></span> <span class='ocrx_word' id='word_1_70' title='bbox 3271 904 3433 980; x_wconf 76' lang='grc' dir='ltr'>ἦσαν,</span> <span class='ocrx_word' id='word_1_71' title='bbox 3504 905 3593 962; x_wconf 77' lang='grc' dir='ltr'><strong>καὶ</strong></span> <span class='ocrx_word' id='word_1_72' title='bbox 3650 907 3846 962; x_wconf 80' lang='grc' dir='ltr'>εἰκονί-</span> 
     </span>
    </p>
   </div>
   <div class='ocr_carea' id='block_1_13' title="bbox 459 989 2098 1074">
    <p class='ocr_par' dir='ltr' id='par_1_13' title="bbox 459 992 2098 1074">
     <span class='ocr_line' id='line_1_13' title="bbox 459 992 2098 1074; baseline 0 -20"><span class='ocrx_word' id='word_1_73' title='bbox 459 993 652 1054; x_wconf 70' lang='grc' dir='ltr'>ῐὶιέυτο</span> <span class='ocrx_word' id='word_1_74' title='bbox 706 992 1035 1053; x_wconf 83' lang='lat' dir='ltr'><strong>futurorum</strong></span> <span class='ocrx_word' id='word_1_75' title='bbox 1096 1001 1292 1061; x_wconf 82' lang='lat' dir='ltr'><strong>erant.</strong></span> <span class='ocrx_word' id='word_1_76' title='bbox 1347 1001 1404 1053; x_wconf 89' lang='lat' dir='ltr'><strong>et</strong></span> <span class='ocrx_word' id='word_1_77' title='bbox 1461 992 1797 1054; x_wconf 87' lang='lat' dir='ltr'><strong>simulacra.</strong></span> <span class='ocrx_word' id='word_1_78' title='bbox 1860 997 2098 1074; x_wconf 76' lang='lat' dir='ltr'><strong>Pr0ptei</strong></span> 
     </span>
    </p>
   </div>
   <div class='ocr_carea' id='block_1_14' title="bbox 2181 989 3848 1074">
    <p class='ocr_par' dir='ltr' id='par_1_14' title="bbox 2195 989 3848 1074">
     <span class='ocr_line' id='line_1_14' title="bbox 2195 989 3848 1074; baseline 0.003 -29"><span class='ocrx_word' id='word_1_79' title='bbox 2195 1011 2392 1065; x_wconf 83' lang='grc' dir='ltr'>σματα.</span> <span class='ocrx_word' id='word_1_80' title='bbox 2441 991 2604 1071; x_wconf 78' lang='grc' dir='ltr'>Χάριν</span> <span class='ocrx_word' id='word_1_81' title='bbox 2687 989 2742 1047; x_wconf 82' lang='grc' dir='ltr'><strong>δὲ</strong></span> <span class='ocrx_word' id='word_1_82' title='bbox 2799 995 2897 1058; x_wconf 81' lang='grc' dir='ltr'>τῆς</span> <span class='ocrx_word' id='word_1_83' title='bbox 2957 995 3064 1048; x_wconf 84' lang='grc' dir='ltr'>τῶν</span> <span class='ocrx_word' id='word_1_84' title='bbox 3119 994 3455 1072; x_wconf 75' lang='grc' dir='ltr'>θεοφθόγγων</span> <span class='ocrx_word' id='word_1_85' title='bbox 3517 993 3848 1074; x_wconf 79' lang='grc' dir='ltr'>Εὗαγγελίων</span> 
     </span>
    </p>
   </div>
   <div class='ocr_carea' id='block_1_15' title="bbox 457 1078 2098 1162">
    <p class='ocr_par' dir='ltr' id='par_1_15' title="bbox 457 1081 2098 1162">
     <span class='ocr_line' id='line_1_15' title="bbox 457 1081 2098 1162; baseline 0 -19"><span class='ocrx_word' id='word_1_86' title='bbox 457 1082 791 1143; x_wconf 89' lang='lat' dir='ltr'><strong>divinorum</strong></span> <span class='ocrx_word' id='word_1_87' title='bbox 818 1089 1014 1142; x_wconf 90' lang='lat' dir='ltr'><strong>autem</strong></span> <span class='ocrx_word' id='word_1_88' title='bbox 1048 1081 1495 1160; x_wconf 83' lang='lat' dir='ltr'><strong>Evangeliorum</strong></span> <span class='ocrx_word' id='word_1_89' title='bbox 1521 1081 2027 1162; x_wconf 78' lang='lat' dir='ltr'><strong>praedicationem,</strong></span> <span class='ocrx_word' id='word_1_90' title='bbox 2053 1090 2098 1143; x_wconf 80' lang='lat' dir='ltr'><strong>et</strong></span> 
     </span>
    </p>
   </div>
   <div class='ocr_carea' id='block_1_16' title="bbox 2181 1078 3848 1162">
    <p class='ocr_par' dir='ltr' id='par_1_16' title="bbox 2192 1078 3848 1162">
     <span class='ocr_line' id='line_1_16' title="bbox 2192 1078 3848 1162; baseline 0.004 -28"><span class='ocrx_word' id='word_1_91' title='bbox 2192 1078 2585 1160; x_wconf 79' lang='grc' dir='ltr'>ἆνακηρύξεως,</span> <span class='ocrx_word' id='word_1_92' title='bbox 2612 1083 2701 1137; x_wconf 80' lang='grc' dir='ltr'>καὶ</span> <span class='ocrx_word' id='word_1_93' title='bbox 2749 1079 2952 1138; x_wconf 83' lang='grc' dir='ltr'>λοιπῶν</span> <span class='ocrx_word' id='word_1_94' title='bbox 3009 1091 3388 1161; x_wconf 70' lang='grc' dir='ltr'><strong>πανηγυρικῶν</strong></span> <span class='ocrx_word' id='word_1_95' title='bbox 3446 1079 3663 1158; x_wconf 75' lang='grc' dir='ltr'>βιϐλίων</span> <span class='ocrx_word' id='word_1_96' title='bbox 3707 1087 3848 1162; x_wconf 77' lang='grc' dir='ltr'>ἱερᾶς</span> 
     </span>
    </p>
   </div>
   <div class='ocr_carea' id='block_1_17' title="bbox 453 1167 2098 1252">
    <p class='ocr_par' dir='ltr' id='par_1_17' title="bbox 453 1171 2098 1252">
     <span class='ocr_line' id='line_1_17' title="bbox 453 1171 2098 1252; baseline -0.001 -18"><span class='ocrx_word' id='word_1_97' title='bbox 453 1191 682 1234; x_wconf 87' lang='lat' dir='ltr'><strong>sacram</strong></span> <span class='ocrx_word' id='word_1_98' title='bbox 716 1171 1088 1252; x_wconf 88' lang='lat' dir='ltr'><strong>reliquorum</strong></span> <span class='ocrx_word' id='word_1_99' title='bbox 1121 1171 1194 1234; x_wconf 82' lang='lat' dir='ltr'><strong>ad</strong></span> <span class='ocrx_word' id='word_1_100' title='bbox 1226 1181 1552 1234; x_wconf 86' lang='lat' dir='ltr'><strong>conventus</strong></span> <span class='ocrx_word' id='word_1_101' title='bbox 1607 1171 1876 1252; x_wconf 89' lang='lat' dir='ltr'><strong>publicos</strong></span> <span class='ocrx_word' id='word_1_102' title='bbox 1917 1171 2098 1250; x_wconf 87' lang='lat' dir='ltr'><strong>perti-</strong></span> 
     </span>
    </p>
   </div>
   <div class='ocr_carea' id='block_1_18' title="bbox 2181 1167 3840 1252">
    <p class='ocr_par' dir='ltr' id='par_1_18' title="bbox 2190 1167 3840 1252">
     <span class='ocr_line' id='line_1_18' title="bbox 2190 1167 3840 1252; baseline 0.004 -28"><span class='ocrx_word' id='word_1_103' title='bbox 2190 1167 2560 1248; x_wconf 77' lang='grc' dir='ltr'>ἀναγνώσεως,</span> <span class='ocrx_word' id='word_1_104' title='bbox 2615 1171 2702 1226; x_wconf 80' lang='grc' dir='ltr'><strong>καὶ</strong></span> <span class='ocrx_word' id='word_1_105' title='bbox 2745 1169 2844 1238; x_wconf 72' lang='grc' dir='ltr'><strong>τῆς</strong></span> <span class='ocrx_word' id='word_1_106' title='bbox 2883 1169 3016 1238; x_wconf 86' lang='grc' dir='ltr'>ὃλης</span> <span class='ocrx_word' id='word_1_107' title='bbox 3062 1171 3372 1236; x_wconf 71' lang='grc' dir='ltr'>ἀκολουθίας</span> <span class='ocrx_word' id='word_1_108' title='bbox 3417 1181 3510 1231; x_wconf 81' lang='grc' dir='ltr'>τοῦ</span> <span class='ocrx_word' id='word_1_109' title='bbox 3557 1171 3840 1252; x_wconf 75' lang='grc' dir='ltr'>ἁγιοπολί-</span> 
     </span>
    </p>
   </div>
   <div class='ocr_carea' id='block_1_19' title="bbox 458 1257 2098 1342">
    <p class='ocr_par' dir='ltr' id='par_1_19' title="bbox 458 1259 2098 1342">
     <span class='ocr_line' id='line_1_19' title="bbox 458 1259 2098 1342; baseline -0.001 -20"><span class='ocrx_word' id='word_1_110' title='bbox 458 1261 724 1324; x_wconf 87' lang='lat' dir='ltr'><strong>nentium</strong></span> <span class='ocrx_word' id='word_1_111' title='bbox 743 1260 1025 1324; x_wconf 89' lang='lat' dir='ltr'><strong>librorum</strong></span> <span class='ocrx_word' id='word_1_112' title='bbox 1051 1259 1392 1337; x_wconf 86' lang='lat' dir='ltr'><strong>lectionem,</strong></span> <span class='ocrx_word' id='word_1_113' title='bbox 1415 1269 1474 1322; x_wconf 91' lang='lat' dir='ltr'><strong>et</strong></span> <span class='ocrx_word' id='word_1_114' title='bbox 1499 1269 1738 1342; x_wconf 86' lang='lat' dir='ltr'><strong>propter</strong></span> <span class='ocrx_word' id='word_1_115' title='bbox 1761 1259 2098 1322; x_wconf 75' lang='lat' dir='ltr'><strong>universum</strong></span> 
     </span>
    </p>
   </div>
   <div class='ocr_carea' id='block_1_20' title="bbox 2181 1257 3847 1342">
    <p class='ocr_par' dir='ltr' id='par_1_20' title="bbox 2189 1257 3847 1341">
     <span class='ocr_line' id='line_1_20' title="bbox 2189 1257 3847 1341; baseline 0.004 -29"><span class='ocrx_word' id='word_1_116' title='bbox 2189 1279 2280 1314; x_wconf 88' lang='grc' dir='ltr'><strong>του</strong></span> <span class='ocrx_word' id='word_1_117' title='bbox 2309 1257 2516 1332; x_wconf 75' lang='grc' dir='ltr'>ἁπλῶς,</span> <span class='ocrx_word' id='word_1_118' title='bbox 2563 1260 2624 1315; x_wconf 76' lang='grc' dir='ltr'>τὸ</span> <span class='ocrx_word' id='word_1_119' title='bbox 2667 1258 2806 1337; x_wconf 78' lang='grc' dir='ltr'><strong>μέγσ</strong></span> <span class='ocrx_word' id='word_1_120' title='bbox 2855 1262 3220 1341; x_wconf 75' lang='grc' dir='ltr'>σημαντήριον</span> <span class='ocrx_word' id='word_1_121' title='bbox 3263 1260 3502 1340; x_wconf 70' lang='grc' dir='ltr'>εὕρηται.</span> <span class='ocrx_word' id='word_1_122' title='bbox 3550 1263 3637 1328; x_wconf 79' lang='grc' dir='ltr'>Εἰς</span> <span class='ocrx_word' id='word_1_123' title='bbox 3668 1269 3847 1319; x_wconf 83' lang='grc' dir='ltr'>πᾶσαν</span> 
     </span>
    </p>
   </div>
   <div class='ocr_carea' id='block_1_21' title="bbox 456 1347 2098 1432">
    <p class='ocr_par' dir='ltr' id='par_1_21' title="bbox 456 1349 2098 1432">
     <span class='ocr_line' id='line_1_21' title="bbox 456 1349 2098 1432; baseline -0.001 -21"><span class='ocrx_word' id='word_1_124' title='bbox 456 1350 809 1432; x_wconf 81' lang='lat' dir='ltr'><strong>simpliciter</strong></span> <span class='ocrx_word' id='word_1_125' title='bbox 840 1349 1212 1429; x_wconf 69' lang='lat' dir='ltr'><strong>hagiopolitae</strong></span> <span class='ocrx_word' id='word_1_126' title='bbox 1235 1349 1529 1413; x_wconf 82' lang='lat' dir='ltr'><strong>ordinem.</strong></span> <span class='ocrx_word' id='word_1_127' title='bbox 1561 1369 1834 1427; x_wconf 82' lang='lat' dir='ltr'><strong>magnum</strong></span> <span class='ocrx_word' id='word_1_128' title='bbox 1868 1349 2098 1425; x_wconf 79' lang='lat' dir='ltr'><strong>signum</strong></span> 
     </span>
    </p>
   </div>
   <div class='ocr_carea' id='block_1_22' title="bbox 2181 1347 3849 1432">
    <p class='ocr_par' dir='ltr' id='par_1_22' title="bbox 2188 1347 3849 1430">
     <span class='ocr_line' id='line_1_22' title="bbox 2188 1347 3849 1430; baseline 0.003 -29"><span class='ocrx_word' id='word_1_129' title='bbox 2188 1347 2288 1425; x_wconf 75' lang='grc' dir='ltr'>γὰρ</span> <span class='ocrx_word' id='word_1_130' title='bbox 2345 1349 2444 1414; x_wconf 78' lang='grc' dir='ltr'>τὴν</span> <span class='ocrx_word' id='word_1_131' title='bbox 2500 1353 2602 1426; x_wconf 74' lang='grc' dir='ltr'><strong>γῆν</strong></span> <span class='ocrx_word' id='word_1_132' title='bbox 2673 1350 2762 1404; x_wconf 83' lang='grc' dir='ltr'><strong>καὶ</strong></span> <span class='ocrx_word' id='word_1_133' title='bbox 2818 1349 2891 1411; x_wconf 82' lang='grc' dir='ltr'>εἷς</span> <span class='ocrx_word' id='word_1_134' title='bbox 2949 1348 3047 1416; x_wconf 75' lang='grc' dir='ltr'><strong>τῆς</strong></span> <span class='ocrx_word' id='word_1_135' title='bbox 3121 1349 3438 1426; x_wconf 78' lang='grc' dir='ltr'>οἰκουμένης</span> <span class='ocrx_word' id='word_1_136' title='bbox 3526 1353 3590 1406; x_wconf 79' lang='grc' dir='ltr'>τὰ</span> <span class='ocrx_word' id='word_1_137' title='bbox 3646 1350 3849 1430; x_wconf 79' lang='grc' dir='ltr'>πέρατα</span> 
     </span>
    </p>
   </div>
   <div class='ocr_carea' id='block_1_23' title="bbox 459 1435 2098 1515">
    <p class='ocr_par' dir='ltr' id='par_1_23' title="bbox 459 1436 2098 1510">
     <span class='ocr_line' id='line_1_23' title="bbox 459 1436 2098 1510; baseline 0.001 -11"><span class='ocrx_word' id='word_1_138' title='bbox 459 1440 765 1501; x_wconf 87' lang='lat' dir='ltr'><strong>inventum</strong></span> <span class='ocrx_word' id='word_1_139' title='bbox 800 1445 910 1500; x_wconf 87' lang='lat' dir='ltr'><strong>est.</strong></span> <span class='ocrx_word' id='word_1_140' title='bbox 945 1437 1008 1498; x_wconf 90' lang='lat' dir='ltr'><strong>In</strong></span> <span class='ocrx_word' id='word_1_141' title='bbox 1062 1436 1398 1499; x_wconf 88' lang='lat' dir='ltr'><strong>universam</strong></span> <span class='ocrx_word' id='word_1_142' title='bbox 1458 1437 1617 1498; x_wconf 92' lang='lat' dir='ltr'><strong>enim</strong></span> <span class='ocrx_word' id='word_1_143' title='bbox 1678 1446 1918 1510; x_wconf 86' lang='lat' dir='ltr'><strong>terram,</strong></span> <span class='ocrx_word' id='word_1_144' title='bbox 1953 1446 2010 1498; x_wconf 91' lang='lat' dir='ltr'><strong>et</strong></span> <span class='ocrx_word' id='word_1_145' title='bbox 2035 1438 2098 1500; x_wconf 86' lang='lat' dir='ltr'><strong>ad</strong></span> 
     </span>
    </p>
   </div>
   <div class='ocr_carea' id='block_1_24' title="bbox 2181 1435 3852 1515">
    <p class='ocr_par' dir='ltr' id='par_1_24' title="bbox 2191 1435 3852 1515">
     <span class='ocr_line' id='line_1_24' title="bbox 2191 1435 3852 1515; baseline 0.002 -23"><span class='ocrx_word' id='word_1_146' title='bbox 2191 1437 2225 1502; x_wconf 83' lang='grc' dir='ltr'><strong>ἡ</strong></span> <span class='ocrx_word' id='word_1_147' title='bbox 2255 1438 2317 1492; x_wconf 69' lang='lat' dir='ltr'><strong>bc</strong></span> <span class='ocrx_word' id='word_1_148' title='bbox 2358 1437 2555 1493; x_wconf 83' lang='grc' dir='ltr'>τούτων</span> <span class='ocrx_word' id='word_1_149' title='bbox 2603 1435 2813 1504; x_wconf 80' lang='grc' dir='ltr'>διῆλθεν</span> <span class='ocrx_word' id='word_1_150' title='bbox 2873 1436 3103 1515; x_wconf 78' lang='grc' dir='ltr'>ὠφέλεια</span> <span class='ocrx_word' id='word_1_151' title='bbox 3151 1482 3165 1497; x_wconf 93' lang='grc'><strong>.</strong></span> <span class='ocrx_word' id='word_1_152' title='bbox 3228 1439 3380 1496; x_wconf 67' lang='grc' dir='ltr'>Οὕτω</span> <span class='ocrx_word' id='word_1_153' title='bbox 3426 1437 3482 1495; x_wconf 63' lang='grc' dir='ltr'>δῖ</span> <span class='ocrx_word' id='word_1_154' title='bbox 3537 1440 3737 1496; x_wconf 77' lang='grc' dir='ltr'>τούτων</span> <span class='ocrx_word' id='word_1_155' title='bbox 3765 1461 3852 1496; x_wconf 82' lang='grc' dir='ltr'>τε·</span> 
     </span>
    </p>
   </div>
   <div class='ocr_carea' id='block_1_25' title="bbox 456 1519 2098 1607">
    <p class='ocr_par' dir='ltr' id='par_1_25' title="bbox 456 1525 2098 1606">
     <span class='ocr_line' id='line_1_25' title="bbox 456 1525 2098 1606; baseline -0.002 -16"><span class='ocrx_word' id='word_1_156' title='bbox 456 1529 606 1590; x_wconf 85' lang='lat' dir='ltr'><strong>tines</strong></span> <span class='ocrx_word' id='word_1_157' title='bbox 654 1527 817 1589; x_wconf 87' lang='lat' dir='ltr'><strong>orbis</strong></span> <span class='ocrx_word' id='word_1_158' title='bbox 872 1535 1164 1588; x_wconf 86' lang='lat' dir='ltr'><strong>terrarum</strong></span> <span class='ocrx_word' id='word_1_159' title='bbox 1224 1525 1446 1587; x_wconf 88' lang='lat' dir='ltr'><strong>utilitas</strong></span> <span class='ocrx_word' id='word_1_160' title='bbox 1500 1544 1570 1588; x_wconf 80' lang='lat' dir='ltr'><strong>ex</strong></span> <span class='ocrx_word' id='word_1_161' title='bbox 1617 1527 1703 1588; x_wconf 89' lang='lat' dir='ltr'><strong>eis</strong></span> <span class='ocrx_word' id='word_1_162' title='bbox 1755 1525 2098 1606; x_wconf 73' lang='lat' dir='ltr'><strong>proveniens</strong></span> 
     </span>
    </p>
   </div>
   <div class='ocr_carea' id='block_1_26' title="bbox 2181 1519 3850 1607">
    <p class='ocr_par' dir='ltr' id='par_1_26' title="bbox 2190 1519 3850 1607">
     <span class='ocr_line' id='line_1_26' title="bbox 2190 1519 3850 1607; baseline 0.003 -25"><span class='ocrx_word' id='word_1_163' title='bbox 2190 1523 2459 1600; x_wconf 83' lang='grc' dir='ltr'>λουμένων</span> <span class='ocrx_word' id='word_1_164' title='bbox 2507 1527 2801 1607; x_wconf 82' lang='grc' dir='ltr'>θεαρὲστως</span> <span class='ocrx_word' id='word_1_165' title='bbox 2853 1519 2941 1585; x_wconf 81' lang='grc' dir='ltr'><strong>καὶ</strong></span> <span class='ocrx_word' id='word_1_166' title='bbox 2989 1526 3241 1605; x_wconf 65' lang='grc' dir='ltr'>εὐσεϐῶς,</span> <span class='ocrx_word' id='word_1_167' title='bbox 3292 1527 3392 1586; x_wconf 74' lang='grc' dir='ltr'>ἔδει</span> <span class='ocrx_word' id='word_1_168' title='bbox 3444 1531 3530 1587; x_wconf 83' lang='grc' dir='ltr'><strong>τὸν</strong></span> <span class='ocrx_word' id='word_1_169' title='bbox 3577 1540 3670 1590; x_wconf 81' lang='grc' dir='ltr'>τοῦ</span> <span class='ocrx_word' id='word_1_170' title='bbox 3746 1541 3850 1589; x_wconf 79' lang='grc' dir='ltr'><strong>Κυ-</strong></span> 
     </span>
    </p>
   </div>
   <div class='ocr_carea' id='block_1_27' title="bbox 455 1614 2098 1698">
    <p class='ocr_par' dir='ltr' id='par_1_27' title="bbox 455 1614 2098 1698">
     <span class='ocr_line' id='line_1_27' title="bbox 455 1614 2098 1698; baseline -0.002 -19"><span class='ocrx_word' id='word_1_171' title='bbox 455 1617 802 1698; x_wconf 89' lang='lat' dir='ltr'><strong>penetravit.</strong></span> <span class='ocrx_word' id='word_1_172' title='bbox 839 1617 982 1689; x_wconf 69' lang='lat' dir='ltr'><strong>Quae</strong></span> <span class='ocrx_word' id='word_1_173' title='bbox 1005 1634 1179 1696; x_wconf 90' lang='lat' dir='ltr'><strong>quam</strong></span> <span class='ocrx_word' id='word_1_174' title='bbox 1214 1616 1289 1676; x_wconf 86' lang='lat' dir='ltr'><strong>ita</strong></span> <span class='ocrx_word' id='word_1_175' title='bbox 1315 1615 1491 1676; x_wconf 91' lang='lat' dir='ltr'><strong>modo</strong></span> <span class='ocrx_word' id='word_1_176' title='bbox 1521 1616 1776 1696; x_wconf 90' lang='lat' dir='ltr'><strong>quodam</strong></span> <span class='ocrx_word' id='word_1_177' title='bbox 1801 1614 1923 1677; x_wconf 90' lang='lat' dir='ltr'><strong>Deo</strong></span> <span class='ocrx_word' id='word_1_178' title='bbox 1939 1624 2098 1694; x_wconf 83' lang='lat' dir='ltr'><strong>grato</strong></span> 
     </span>
    </p>
   </div>
   <div class='ocr_carea' id='block_1_28' title="bbox 2181 1614 3848 1698">
    <p class='ocr_par' dir='ltr' id='par_1_28' title="bbox 2189 1615 3848 1696">
     <span class='ocr_line' id='line_1_28' title="bbox 2189 1615 3848 1696; baseline 0.002 -25"><span class='ocrx_word' id='word_1_179' title='bbox 2189 1627 2297 1692; x_wconf 83' lang='grc' dir='ltr'>ρίου</span> <span class='ocrx_word' id='word_1_180' title='bbox 2340 1615 2466 1673; x_wconf 86' lang='grc' dir='ltr'>λαὸν</span> <span class='ocrx_word' id='word_1_181' title='bbox 2526 1618 2613 1673; x_wconf 79' lang='grc' dir='ltr'><strong>καὶ</strong></span> <span class='ocrx_word' id='word_1_182' title='bbox 2667 1619 2785 1696; x_wconf 84' lang='grc' dir='ltr'>περὶ</span> <span class='ocrx_word' id='word_1_183' title='bbox 2836 1622 2933 1685; x_wconf 78' lang='grc' dir='ltr'><strong>τῆς</strong></span> <span class='ocrx_word' id='word_1_184' title='bbox 2986 1615 3288 1693; x_wconf 81' lang='grc' dir='ltr'>μελλούσης</span> <span class='ocrx_word' id='word_1_185' title='bbox 3353 1620 3848 1696; x_wconf 72' lang='grc' dir='ltr'>ὑπομιμνήσκεσθαι</span> 
     </span>
    </p>
   </div>
   <div class='ocr_carea' id='block_1_29' title="bbox 452 1702 2098 1789">
    <p class='ocr_par' dir='ltr' id='par_1_29' title="bbox 452 1704 2098 1786">
     <span class='ocr_line' id='line_1_29' title="bbox 452 1704 2098 1786; baseline -0.002 -16"><span class='ocrx_word' id='word_1_186' title='bbox 452 1727 522 1770; x_wconf 91' lang='lat' dir='ltr'><strong>ac</strong></span> <span class='ocrx_word' id='word_1_187' title='bbox 551 1707 830 1786; x_wconf 82' lang='lat' dir='ltr'><strong>religiose</strong></span> <span class='ocrx_word' id='word_1_188' title='bbox 889 1713 1266 1786; x_wconf 80' lang='lat' dir='ltr'><strong>peragantur,</strong></span> <span class='ocrx_word' id='word_1_189' title='bbox 1331 1705 1638 1786; x_wconf 86' lang='lat' dir='ltr'><strong>oportebat</strong></span> <span class='ocrx_word' id='word_1_190' title='bbox 1688 1704 1968 1784; x_wconf 85' lang='lat' dir='ltr'><strong>populum</strong></span> <span class='ocrx_word' id='word_1_191' title='bbox 2001 1707 2098 1767; x_wconf 74' lang='lat' dir='ltr'><strong>lto-</strong></span> 
     </span>
    </p>
   </div>
   <div class='ocr_carea' id='block_1_30' title="bbox 2181 1702 3831 1789">
    <p class='ocr_par' dir='ltr' id='par_1_30' title="bbox 2189 1702 3831 1789">
     <span class='ocr_line' id='line_1_30' title="bbox 2189 1702 3831 1789; baseline 0.004 -30"><span class='ocrx_word' id='word_1_192' title='bbox 2189 1705 2433 1786; x_wconf 82' lang='grc' dir='ltr'>κρίσεως,</span> <span class='ocrx_word' id='word_1_193' title='bbox 2490 1702 2556 1762; x_wconf 85' lang='grc' dir='ltr'>δι’</span> <span class='ocrx_word' id='word_1_194' title='bbox 2613 1705 2678 1774; x_wconf 75' lang='grc' dir='ltr'>ἢν</span> <span class='ocrx_word' id='word_1_195' title='bbox 2749 1704 3164 1785; x_wconf 81' lang='grc' dir='ltr'>γονυκλισοῡμεν</span> <span class='ocrx_word' id='word_1_196' title='bbox 3241 1708 3329 1764; x_wconf 85' lang='grc' dir='ltr'><strong>καὶ</strong></span> <span class='ocrx_word' id='word_1_197' title='bbox 3397 1709 3831 1789; x_wconf 78' lang='grc' dir='ltr'>προσευχόμεθα.</span> 
     </span>
    </p>
   </div>
   <div class='ocr_carea' id='block_1_31' title="bbox 454 1769 2098 1878">
    <p class='ocr_par' dir='ltr' id='par_1_31' title="bbox 454 1769 2098 1874">
     <span class='ocr_line' id='line_1_31' title="bbox 454 1769 2098 1874; baseline -0.002 -16"><span class='ocrx_word' id='word_1_198' title='bbox 454 1797 598 1858; x_wconf 90' lang='lat' dir='ltr'><strong>mini</strong></span> <span class='ocrx_word' id='word_1_199' title='bbox 632 1769 808 1858; x_wconf 61' lang='lat' dir='ltr'><strong>eIiam</strong></span> <span class='ocrx_word' id='word_1_200' title='bbox 843 1769 920 1857; x_wconf 76' lang='lat' dir='ltr'><strong>de</strong></span> <span class='ocrx_word' id='word_1_201' title='bbox 950 1769 1151 1856; x_wconf 47' lang='lat' dir='ltr'><strong>fut‘uro</strong></span> <span class='ocrx_word' id='word_1_202' title='bbox 1184 1769 1899 1874; x_wconf 48' lang='lat' dir='ltr'><strong>comm&#39;onetierijudicio,</strong></span> <span class='ocrx_word' id='word_1_203' title='bbox 1935 1795 2098 1874; x_wconf 83' lang='lat' dir='ltr'><strong>cujus</strong></span> 
     </span>
    </p>
   </div>
   <div class='ocr_carea' id='block_1_32' title="bbox 2181 1769 3845 1878">
    <p class='ocr_par' dir='ltr' id='par_1_32' title="bbox 2190 1769 3845 1878">
     <span class='ocr_line' id='line_1_32' title="bbox 2190 1769 3845 1878; baseline 0.002 -28"><span class='ocrx_word' id='word_1_204' title='bbox 2190 1769 2492 1850; x_wconf 68' lang='grc' dir='ltr'>Τέτύπωται</span> <span class='ocrx_word' id='word_1_205' title='bbox 2562 1769 2712 1874; x_wconf 61' lang='grc' dir='ltr'>γουν,</span> <span class='ocrx_word' id='word_1_206' title='bbox 2763 1769 2775 1785; x_wconf 48' lang='grc'><strong><em>⁵</em></strong></span> <span class='ocrx_word' id='word_1_207' title='bbox 2798 1792 2883 1850; x_wconf 80' lang='grc' dir='ltr'>διὰ</span> <span class='ocrx_word' id='word_1_208' title='bbox 2967 1769 3330 1876; x_wconf 71' lang='grc' dir='ltr'>σημαντηρίου</span> <span class='ocrx_word' id='word_1_209' title='bbox 3406 1769 3640 1877; x_wconf 42' lang='grc' dir='ltr'>χξαλκοῦῖ</span> <span class='ocrx_word' id='word_1_210' title='bbox 3671 1769 3684 1786; x_wconf 49' lang='lat'><strong><em>‘</em></strong></span> <span class='ocrx_word' id='word_1_211' title='bbox 3725 1799 3845 1878; x_wconf 85' lang='grc' dir='ltr'>περὶ</span> 
     </span>
    </p>
   </div>
   <div class='ocr_carea' id='block_1_33' title="bbox 454 1882 2101 1966">
    <p class='ocr_par' dir='ltr' id='par_1_33' title="bbox 454 1882 2101 1966">
     <span class='ocr_line' id='line_1_33' title="bbox 454 1882 2101 1966; baseline -0.004 -17"><span class='ocrx_word' id='word_1_212' title='bbox 454 1905 629 1949; x_wconf 78' lang='lat' dir='ltr'><strong>causa</strong></span> <span class='ocrx_word' id='word_1_213' title='bbox 663 1886 724 1947; x_wconf 91' lang='lat' dir='ltr'><strong>in</strong></span> <span class='ocrx_word' id='word_1_214' title='bbox 755 1903 949 1964; x_wconf 83' lang='lat' dir='ltr'><strong>genua</strong></span> <span class='ocrx_word' id='word_1_215' title='bbox 972 1883 1444 1966; x_wconf 88' lang='lat' dir='ltr'><strong>procumbimus,</strong></span> <span class='ocrx_word' id='word_1_216' title='bbox 1466 1903 1533 1945; x_wconf 78' lang='lat' dir='ltr'><strong>ac</strong></span> <span class='ocrx_word' id='word_1_217' title='bbox 1556 1901 1762 1964; x_wconf 85' lang='lat' dir='ltr'><strong>preces</strong></span> <span class='ocrx_word' id='word_1_218' title='bbox 1777 1882 2101 1945; x_wconf 86' lang='lat' dir='ltr'><strong>fundimus.</strong></span> 
     </span>
    </p>
   </div>
   <div class='ocr_carea' id='block_1_34' title="bbox 454 1971 2107 2057">
    <p class='ocr_par' dir='ltr' id='par_1_34' title="bbox 454 1971 2107 2057">
     <span class='ocr_line' id='line_1_34' title="bbox 454 1971 2107 2057; baseline -0.003 -18"><span class='ocrx_word' id='word_1_219' title='bbox 454 1977 655 2057; x_wconf 88' lang='lat' dir='ltr'><strong>Itaque</strong></span> <span class='ocrx_word' id='word_1_220' title='bbox 707 1981 989 2035; x_wconf 83' lang='lat' dir='ltr'><strong>statutum</strong></span> <span class='ocrx_word' id='word_1_221' title='bbox 1068 1981 1177 2045; x_wconf 85' lang='lat' dir='ltr'><strong>est,</strong></span> <span class='ocrx_word' id='word_1_222' title='bbox 1251 1971 1474 2034; x_wconf 89' lang='lat' dir='ltr'><strong>debere</strong></span> <span class='ocrx_word' id='word_1_223' title='bbox 1549 1971 1924 2034; x_wconf 87' lang='lat' dir='ltr'><strong>Christianos</strong></span> <span class='ocrx_word' id='word_1_224' title='bbox 2000 1992 2107 2054; x_wconf 84' lang='lat' dir='ltr'><strong>per</strong></span> 
     </span>
    </p>
   </div>
   <div class='ocr_carea' id='block_1_35' title="bbox 450 2060 2100 2144">
    <p class='ocr_par' dir='ltr' id='par_1_35' title="bbox 450 2060 2100 2144">
     <span class='ocr_line' id='line_1_35' title="bbox 450 2060 2100 2144; baseline -0.001 -20"><span class='ocrx_word' id='word_1_225' title='bbox 450 2065 687 2144; x_wconf 80' lang='lat' dir='ltr'><strong>signum</strong></span> <span class='ocrx_word' id='word_1_226' title='bbox 748 2064 1045 2124; x_wconf 86' lang='lat' dir='ltr'><strong>aheneum</strong></span> <span class='ocrx_word' id='word_1_227' title='bbox 1095 2061 1257 2122; x_wconf 88' lang='lat' dir='ltr'><strong>illius</strong></span> <span class='ocrx_word' id='word_1_228' title='bbox 1317 2060 1512 2121; x_wconf 88' lang='lat' dir='ltr'><strong>ultimi</strong></span> <span class='ocrx_word' id='word_1_229' title='bbox 1583 2060 1703 2122; x_wconf 91' lang='lat' dir='ltr'><strong>diei</strong></span> <span class='ocrx_word' id='word_1_230' title='bbox 1771 2063 2100 2123; x_wconf 84' lang='lat' dir='ltr'><strong>admoneri.</strong></span> 
     </span>
    </p>
   </div>
   <div class='ocr_carea' id='block_1_36' title="bbox 451 2149 2102 2234">
    <p class='ocr_par' dir='ltr' id='par_1_36' title="bbox 451 2149 2102 2234">
     <span class='ocr_line' id='line_1_36' title="bbox 451 2149 2102 2234; baseline -0.002 -19"><span class='ocrx_word' id='word_1_231' title='bbox 451 2152 748 2234; x_wconf 88' lang='lat' dir='ltr'><strong>Scriptum</strong></span> <span class='ocrx_word' id='word_1_232' title='bbox 779 2159 868 2213; x_wconf 91' lang='lat' dir='ltr'><strong>est</strong></span> <span class='ocrx_word' id='word_1_233' title='bbox 901 2151 1062 2214; x_wconf 90' lang='lat' dir='ltr'><strong>enim</strong></span> <span class='ocrx_word' id='word_1_234' title='bbox 1091 2171 1104 2214; x_wconf 90' lang='lat'>:</span> <span class='ocrx_word' id='word_1_235' title='bbox 1139 2149 1427 2212; x_wconf 79' lang='lat' dir='ltr'><strong>Ascendit</strong></span> <span class='ocrx_word' id='word_1_236' title='bbox 1458 2151 1618 2211; x_wconf 92' lang='lat' dir='ltr'><strong>Deus</strong></span> <span class='ocrx_word' id='word_1_237' title='bbox 1651 2149 1709 2209; x_wconf 92' lang='lat' dir='ltr'><strong>in</strong></span> <span class='ocrx_word' id='word_1_238' title='bbox 1724 2149 2102 2230; x_wconf 87' lang='lat' dir='ltr'><strong>jubilatione,</strong></span> 
     </span>
    </p>
   </div>
   <div class='ocr_carea' id='block_1_37' title="bbox 448 2238 2107 2318">
    <p class='ocr_par' dir='ltr' id='par_1_37' title="bbox 448 2238 2107 2318">
     <span class='ocr_line' id='line_1_37' title="bbox 448 2238 2107 2318; baseline -0.002 -13"><span class='ocrx_word' id='word_1_239' title='bbox 448 2242 733 2306; x_wconf 89' lang='lat' dir='ltr'><strong>Dominus</strong></span> <span class='ocrx_word' id='word_1_240' title='bbox 763 2241 825 2302; x_wconf 91' lang='lat' dir='ltr'><strong>in</strong></span> <span class='ocrx_word' id='word_1_241' title='bbox 855 2259 998 2302; x_wconf 92' lang='lat' dir='ltr'><strong>voce</strong></span> <span class='ocrx_word' id='word_1_242' title='bbox 1031 2239 1201 2301; x_wconf 62' lang='lat' dir='ltr'><strong>tubae.</strong></span> <span class='ocrx_word' id='word_1_243' title='bbox 1242 2241 1416 2310; x_wconf 86' lang='lat' dir='ltr'><strong>Item;</strong></span> <span class='ocrx_word' id='word_1_244' title='bbox 1453 2238 1739 2317; x_wconf 71' lang='lat' dir='ltr'><strong>Clangent</strong></span> <span class='ocrx_word' id='word_1_245' title='bbox 1768 2238 1965 2318; x_wconf 84' lang='lat' dir='ltr'><strong>angeli</strong></span> <span class='ocrx_word' id='word_1_246' title='bbox 1998 2238 2107 2302; x_wconf 91' lang='lat' dir='ltr'><strong>Dei</strong></span> 
     </span>
    </p>
   </div>
   <div class='ocr_carea' id='block_1_38' title="bbox 450 2326 2105 2410">
    <p class='ocr_par' dir='ltr' id='par_1_38' title="bbox 450 2326 2105 2410">
     <span class='ocr_line' id='line_1_38' title="bbox 450 2326 2105 2410; baseline -0.002 -18"><span class='ocrx_word' id='word_1_247' title='bbox 450 2329 614 2410; x_wconf 87' lang='lat' dir='ltr'><strong>tuba,</strong></span> <span class='ocrx_word' id='word_1_248' title='bbox 649 2338 706 2391; x_wconf 89' lang='lat' dir='ltr'><strong>et</strong></span> <span class='ocrx_word' id='word_1_249' title='bbox 740 2328 958 2392; x_wconf 90' lang='lat' dir='ltr'><strong>mortui</strong></span> <span class='ocrx_word' id='word_1_250' title='bbox 987 2336 1321 2408; x_wconf 78' lang='lat' dir='ltr'><strong>resurgent,</strong></span> <span class='ocrx_word' id='word_1_251' title='bbox 1379 2335 1440 2388; x_wconf 89' lang='lat' dir='ltr'><strong>et</strong></span> <span class='ocrx_word' id='word_1_252' title='bbox 1496 2326 1859 2388; x_wconf 87' lang='lat' dir='ltr'><strong>retribuetur</strong></span> <span class='ocrx_word' id='word_1_253' title='bbox 1886 2327 2105 2408; x_wconf 90' lang='lat' dir='ltr'><strong>cuique</strong></span> 
     </span>
    </p>
   </div>
   <div class='ocr_carea' id='block_1_39' title="bbox 447 2415 2104 2498">
    <p class='ocr_par' dir='ltr' id='par_1_39' title="bbox 447 2415 2104 2498">
     <span class='ocr_line' id='line_1_39' title="bbox 447 2415 2104 2498; baseline -0.001 -18"><span class='ocrx_word' id='word_1_254' title='bbox 447 2419 777 2481; x_wconf 72' lang='lat' dir='ltr'><strong>secundum</strong></span> <span class='ocrx_word' id='word_1_255' title='bbox 809 2435 990 2498; x_wconf 90' lang='lat' dir='ltr'><strong>opera</strong></span> <span class='ocrx_word' id='word_1_256' title='bbox 1019 2436 1147 2480; x_wconf 89' lang='lat' dir='ltr'><strong>sua.</strong></span> <span class='ocrx_word' id='word_1_257' title='bbox 1211 2415 1379 2490; x_wconf 86' lang='lat' dir='ltr'><strong>Quod</strong></span> <span class='ocrx_word' id='word_1_258' title='bbox 1406 2425 1600 2478; x_wconf 91' lang='lat' dir='ltr'><strong>autem</strong></span> <span class='ocrx_word' id='word_1_259' title='bbox 1627 2415 1688 2476; x_wconf 90' lang='lat' dir='ltr'><strong>in</strong></span> <span class='ocrx_word' id='word_1_260' title='bbox 1723 2417 2104 2496; x_wconf 85' lang='lat' dir='ltr'><strong>generalibus</strong></span> 
     </span>
    </p>
   </div>
   <div class='ocr_carea' id='block_1_40' title="bbox 447 2505 2102 2587">
    <p class='ocr_par' dir='ltr' id='par_1_40' title="bbox 447 2505 2102 2587">
     <span class='ocr_line' id='line_1_40' title="bbox 447 2505 2102 2587; baseline 0.001 -19"><span class='ocrx_word' id='word_1_261' title='bbox 447 2507 684 2568; x_wconf 88' lang='lat' dir='ltr'><strong>urbium</strong></span> <span class='ocrx_word' id='word_1_262' title='bbox 718 2507 992 2569; x_wconf 89' lang='lat' dir='ltr'><strong>ecclesiis</strong></span> <span class='ocrx_word' id='word_1_263' title='bbox 1024 2505 1233 2587; x_wconf 88' lang='lat' dir='ltr'><strong>plebes</strong></span> <span class='ocrx_word' id='word_1_264' title='bbox 1283 2525 1400 2566; x_wconf 91' lang='lat' dir='ltr'><strong>non</strong></span> <span class='ocrx_word' id='word_1_265' title='bbox 1452 2513 1854 2566; x_wconf 89' lang='lat' dir='ltr'><strong>convocentur</strong></span> <span class='ocrx_word' id='word_1_266' title='bbox 1911 2506 2102 2570; x_wconf 88' lang='lat' dir='ltr'><strong>tribus</strong></span> 
     </span>
    </p>
   </div>
   <div class='ocr_carea' id='block_1_41' title="bbox 446 2595 2099 2676">
    <p class='ocr_par' dir='ltr' id='par_1_41' title="bbox 446 2595 2099 2676">
     <span class='ocr_line' id='line_1_41' title="bbox 446 2595 2099 2676; baseline 0 -18"><span class='ocrx_word' id='word_1_267' title='bbox 446 2597 656 2675; x_wconf 78' lang='lat' dir='ltr'><strong>signis,</strong></span> <span class='ocrx_word' id='word_1_268' title='bbox 691 2597 796 2659; x_wconf 90' lang='lat' dir='ltr'><strong>sed</strong></span> <span class='ocrx_word' id='word_1_269' title='bbox 831 2615 950 2656; x_wconf 87' lang='lat' dir='ltr'><strong>uno</strong></span> <span class='ocrx_word' id='word_1_270' title='bbox 975 2597 1232 2676; x_wconf 87' lang='lat' dir='ltr'><strong>quodam</strong></span> <span class='ocrx_word' id='word_1_271' title='bbox 1269 2613 1480 2673; x_wconf 86' lang='lat' dir='ltr'><strong>magno</strong></span> <span class='ocrx_word' id='word_1_272' title='bbox 1511 2613 1524 2655; x_wconf 92' lang='lat'><strong>:</strong></span> <span class='ocrx_word' id='word_1_273' title='bbox 1587 2613 1706 2655; x_wconf 90' lang='lat' dir='ltr'><strong>non</strong></span> <span class='ocrx_word' id='word_1_274' title='bbox 1738 2595 1965 2657; x_wconf 88' lang='lat' dir='ltr'><strong>ordinis</strong></span> <span class='ocrx_word' id='word_1_275' title='bbox 1993 2614 2099 2658; x_wconf 85' lang='lat' dir='ltr'><strong>ec-</strong></span> 
     </span>
    </p>
   </div>
   <div class='ocr_carea' id='block_1_42' title="bbox 446 2682 2102 2764">
    <p class='ocr_par' dir='ltr' id='par_1_42' title="bbox 446 2682 2102 2764">
     <span class='ocr_line' id='line_1_42' title="bbox 446 2682 2102 2764; baseline -0.002 -17"><span class='ocrx_word' id='word_1_276' title='bbox 446 2684 768 2748; x_wconf 82' lang='lat' dir='ltr'><strong>clesinstici</strong></span> <span class='ocrx_word' id='word_1_277' title='bbox 798 2684 1106 2746; x_wconf 85' lang='lat' dir='ltr'><strong>subversio</strong></span> <span class='ocrx_word' id='word_1_278' title='bbox 1131 2692 1241 2746; x_wconf 87' lang='lat' dir='ltr'><strong>est.</strong></span> <span class='ocrx_word' id='word_1_279' title='bbox 1266 2688 1632 2748; x_wconf 88' lang='lat' dir='ltr'><strong>Convocatur</strong></span> <span class='ocrx_word' id='word_1_280' title='bbox 1655 2682 1812 2744; x_wconf 85' lang='lat' dir='ltr'><strong>enim</strong></span> <span class='ocrx_word' id='word_1_281' title='bbox 1848 2683 2102 2764; x_wconf 85' lang='lat' dir='ltr'><strong>populus</strong></span> 
     </span>
    </p>
   </div>
   <div class='ocr_carea' id='block_1_43' title="bbox 447 2771 2098 2855">
    <p class='ocr_par' dir='ltr' id='par_1_43' title="bbox 447 2771 2098 2855">
     <span class='ocr_line' id='line_1_43' title="bbox 447 2771 2098 2855; baseline -0.001 -19"><span class='ocrx_word' id='word_1_282' title='bbox 447 2774 772 2836; x_wconf 87' lang='lat' dir='ltr'><strong>manuariis</strong></span> <span class='ocrx_word' id='word_1_283' title='bbox 793 2773 1047 2855; x_wconf 86' lang='lat' dir='ltr'><strong>opiﬁciis</strong></span> <span class='ocrx_word' id='word_1_284' title='bbox 1067 2773 1328 2853; x_wconf 87' lang='lat' dir='ltr'><strong>deditus,</strong></span> <span class='ocrx_word' id='word_1_285' title='bbox 1354 2775 1578 2854; x_wconf 85' lang='lat' dir='ltr'><strong>quique</strong></span> <span class='ocrx_word' id='word_1_286' title='bbox 1615 2771 1798 2852; x_wconf 80' lang='lat' dir='ltr'><strong>ligoni</strong></span> <span class='ocrx_word' id='word_1_287' title='bbox 1826 2783 1883 2834; x_wconf 94' lang='lat' dir='ltr'><strong>et</strong></span> <span class='ocrx_word' id='word_1_288' title='bbox 1903 2781 2098 2835; x_wconf 88' lang='lat' dir='ltr'><strong>aratro</strong></span> 
     </span>
    </p>
   </div>
   <div class='ocr_carea' id='block_1_44' title="bbox 443 2860 2101 2944">
    <p class='ocr_par' dir='ltr' id='par_1_44' title="bbox 443 2860 2101 2944">
     <span class='ocr_line' id='line_1_44' title="bbox 443 2860 2101 2944; baseline 0 -21"><span class='ocrx_word' id='word_1_289' title='bbox 443 2870 630 2924; x_wconf 87' lang='lat' dir='ltr'><strong>vacat.</strong></span> <span class='ocrx_word' id='word_1_290' title='bbox 684 2861 888 2944; x_wconf 87' lang='lat' dir='ltr'><strong>Itaque</strong></span> <span class='ocrx_word' id='word_1_291' title='bbox 947 2863 1084 2924; x_wconf 90' lang='lat' dir='ltr'><strong>boni</strong></span> <span class='ocrx_word' id='word_1_292' title='bbox 1137 2863 1450 2924; x_wconf 90' lang='lat' dir='ltr'><strong>consulere</strong></span> <span class='ocrx_word' id='word_1_293' title='bbox 1500 2860 1699 2936; x_wconf 87' lang='lat' dir='ltr'><strong>debet,</strong></span> <span class='ocrx_word' id='word_1_294' title='bbox 1755 2861 1805 2922; x_wconf 90' lang='lat' dir='ltr'><strong>si</strong></span> <span class='ocrx_word' id='word_1_295' title='bbox 1864 2861 2101 2943; x_wconf 90' lang='lat' dir='ltr'><strong>publico</strong></span> 
     </span>
    </p>
   </div>
   <div class='ocr_carea' id='block_1_45' title="bbox 445 2949 2100 3025">
    <p class='ocr_par' dir='ltr' id='par_1_45' title="bbox 445 2949 2100 3025">
     <span class='ocr_line' id='line_1_45' title="bbox 445 2949 2100 3025; baseline 0.001 -13"><span class='ocrx_word' id='word_1_296' title='bbox 445 2951 891 3025; x_wconf 72' lang='lat' dir='ltr'><strong>intersitcaatui,</strong></span> <span class='ocrx_word' id='word_1_297' title='bbox 910 2970 1045 3014; x_wconf 90' lang='lat' dir='ltr'><strong>cum</strong></span> <span class='ocrx_word' id='word_1_298' title='bbox 1068 2951 1220 3015; x_wconf 80' lang='lat' dir='ltr'><strong>Novi</strong></span> <span class='ocrx_word' id='word_1_299' title='bbox 1243 2953 1608 3015; x_wconf 84' lang='lat' dir='ltr'><strong>Testamenti</strong></span> <span class='ocrx_word' id='word_1_300' title='bbox 1632 2949 1919 3014; x_wconf 87' lang='lat' dir='ltr'><strong>lectiones</strong></span> <span class='ocrx_word' id='word_1_301' title='bbox 1939 2953 2100 3014; x_wconf 77' lang='lat' dir='ltr'><strong>reci-</strong></span> 
     </span>
    </p>
   </div>
   <div class='ocr_carea' id='block_1_46' title="bbox 2187 1881 3844 1966">
    <p class='ocr_par' dir='ltr' id='par_1_46' title="bbox 2187 1881 3844 1966">
     <span class='ocr_line' id='line_1_46' title="bbox 2187 1881 3844 1966; baseline 0.003 -28"><span class='ocrx_word' id='word_1_302' title='bbox 2187 1885 2286 1950; x_wconf 79' lang='grc' dir='ltr'>τῆς</span> <span class='ocrx_word' id='word_1_303' title='bbox 2392 1881 2694 1948; x_wconf 78' lang='grc' dir='ltr'><strong>τελευταίας</strong></span> <span class='ocrx_word' id='word_1_304' title='bbox 2763 1883 2966 1963; x_wconf 80' lang='grc' dir='ltr'>ἡμέρας</span> <span class='ocrx_word' id='word_1_305' title='bbox 3064 1883 3272 1952; x_wconf 78' lang='grc' dir='ltr'>ἐκείνης</span> <span class='ocrx_word' id='word_1_306' title='bbox 3361 1889 3483 1950; x_wconf 86' lang='grc' dir='ltr'>τοὺς</span> <span class='ocrx_word' id='word_1_307' title='bbox 3535 1888 3844 1966; x_wconf 86' lang='grc' dir='ltr'>χριστωνύ-</span> 
     </span>
    </p>
   </div>
   <div class='ocr_carea' id='block_1_47' title="bbox 2188 1972 3842 2055">
    <p class='ocr_par' dir='ltr' id='par_1_47' title="bbox 2188 1972 3842 2055">
     <span class='ocr_line' id='line_1_47' title="bbox 2188 1972 3842 2055; baseline 0.002 -27"><span class='ocrx_word' id='word_1_308' title='bbox 2188 1993 2318 2048; x_wconf 86' lang='grc' dir='ltr'>μους</span> <span class='ocrx_word' id='word_1_309' title='bbox 2373 1973 2891 2049; x_wconf 75' lang='grc' dir='ltr'>ὑπομιμνήσκεσθαι.</span> <span class='ocrx_word' id='word_1_310' title='bbox 2949 1972 3144 2041; x_wconf 75' lang='grc' dir='ltr'>’Δνὲϐη</span> <span class='ocrx_word' id='word_1_311' title='bbox 3206 1976 3330 2054; x_wconf 78' lang='grc' dir='ltr'>γὰρ,</span> <span class='ocrx_word' id='word_1_312' title='bbox 3387 1977 3570 2055; x_wconf 76' lang='grc' dir='ltr'>φησὶν,</span> <span class='ocrx_word' id='word_1_313' title='bbox 3622 1978 3650 2032; x_wconf 82' lang='grc' dir='ltr'>ὁ</span> <span class='ocrx_word' id='word_1_314' title='bbox 3710 1977 3842 2038; x_wconf 82' lang='grc' dir='ltr'><strong>Θεὸς</strong></span> 
     </span>
    </p>
   </div>
   <div class='ocr_carea' id='block_1_48' title="bbox 2189 2059 3842 2142">
    <p class='ocr_par' dir='ltr' id='par_1_48' title="bbox 2189 2059 3842 2142">
     <span class='ocr_line' id='line_1_48' title="bbox 2189 2059 3842 2142; baseline 0.002 -26"><span class='ocrx_word' id='word_1_315' title='bbox 2189 2060 2244 2116; x_wconf 81' lang='grc' dir='ltr'>ἐν</span> <span class='ocrx_word' id='word_1_316' title='bbox 2299 2059 2547 2142; x_wconf 81' lang='grc' dir='ltr'>ἀλαγμῷ,</span> <span class='ocrx_word' id='word_1_317' title='bbox 2614 2063 2804 2142; x_wconf 79' lang='grc' dir='ltr'>Κύριος</span> <span class='ocrx_word' id='word_1_318' title='bbox 2876 2061 2930 2118; x_wconf 79' lang='grc' dir='ltr'>ἐν</span> <span class='ocrx_word' id='word_1_319' title='bbox 3015 2084 3167 2140; x_wconf 73' lang='grc' dir='ltr'>φωνη</span> <span class='ocrx_word' id='word_1_320' title='bbox 3245 2061 3563 2142; x_wconf 79' lang='grc' dir='ltr'>σάλπιγγος,</span> <span class='ocrx_word' id='word_1_321' title='bbox 3634 2062 3842 2120; x_wconf 86' lang='grc' dir='ltr'>Σαλπί-</span> 
     </span>
    </p>
   </div>
   <div class='ocr_carea' id='block_1_49' title="bbox 2188 2148 3840 2231">
    <p class='ocr_par' dir='ltr' id='par_1_49' title="bbox 2188 2148 3840 2231">
     <span class='ocr_line' id='line_1_49' title="bbox 2188 2148 3840 2231; baseline 0.002 -26"><span class='ocrx_word' id='word_1_322' title='bbox 2188 2171 2367 2206; x_wconf 89' lang='grc' dir='ltr'>σουσιν</span> <span class='ocrx_word' id='word_1_323' title='bbox 2427 2153 2472 2206; x_wconf 82' lang='lat' dir='ltr'><strong>oi</strong></span> <span class='ocrx_word' id='word_1_324' title='bbox 2517 2148 2735 2229; x_wconf 75' lang='grc' dir='ltr'>ἄγγελοι</span> <span class='ocrx_word' id='word_1_325' title='bbox 2793 2157 2885 2206; x_wconf 77' lang='grc' dir='ltr'>τοῦ</span> <span class='ocrx_word' id='word_1_326' title='bbox 2928 2157 3083 2223; x_wconf 78' lang='grc' dir='ltr'>Θεοῦ,</span> <span class='ocrx_word' id='word_1_327' title='bbox 3128 2151 3217 2207; x_wconf 77' lang='grc' dir='ltr'><strong>καὶ</strong></span> <span class='ocrx_word' id='word_1_328' title='bbox 3275 2153 3322 2208; x_wconf 80' lang='grc' dir='ltr'>οἱ</span> <span class='ocrx_word' id='word_1_329' title='bbox 3380 2153 3550 2231; x_wconf 76' lang='grc' dir='ltr'>νεκροὶ</span> <span class='ocrx_word' id='word_1_330' title='bbox 3602 2152 3840 2224; x_wconf 77' lang='grc' dir='ltr'>ἀναστή-</span> 
     </span>
    </p>
   </div>
   <div class='ocr_carea' id='block_1_50' title="bbox 2187 2237 3836 2321">
    <p class='ocr_par' dir='ltr' id='par_1_50' title="bbox 2187 2237 3836 2321">
     <span class='ocr_line' id='line_1_50' title="bbox 2187 2237 3836 2321; baseline 0.002 -27"><span class='ocrx_word' id='word_1_331' title='bbox 2187 2260 2394 2319; x_wconf 87' lang='grc' dir='ltr'>σονται,</span> <span class='ocrx_word' id='word_1_332' title='bbox 2474 2241 2560 2295; x_wconf 86' lang='grc' dir='ltr'>καὶ</span> <span class='ocrx_word' id='word_1_333' title='bbox 2655 2239 2864 2313; x_wconf 80' lang='grc' dir='ltr'>ἑκάστῳ</span> <span class='ocrx_word' id='word_1_334' title='bbox 2945 2237 3330 2310; x_wconf 71' lang='grc' dir='ltr'>ἀποδοθήσεται</span> <span class='ocrx_word' id='word_1_335' title='bbox 3398 2242 3536 2297; x_wconf 81' lang='grc' dir='ltr'>κατὰ</span> <span class='ocrx_word' id='word_1_336' title='bbox 3577 2243 3644 2298; x_wconf 80' lang='grc' dir='ltr'>τὰ</span> <span class='ocrx_word' id='word_1_337' title='bbox 3705 2240 3836 2321; x_wconf 72' lang='grc' dir='ltr'>ἔργα</span> 
     </span>
    </p>
   </div>
   <div class='ocr_carea' id='block_1_51' title="bbox 2185 2327 3833 2399">
    <p class='ocr_par' dir='ltr' id='par_1_51' title="bbox 2185 2327 3833 2399">
     <span class='ocr_line' id='line_1_51' title="bbox 2185 2327 3833 2399; baseline 0.002 -16"><span class='ocrx_word' id='word_1_338' title='bbox 2185 2328 2365 2390; x_wconf 77' lang='grc' dir='ltr'>αὐτοῦ.</span> <span class='ocrx_word' id='word_1_339' title='bbox 2455 2332 2528 2387; x_wconf 82' lang='grc' dir='ltr'><strong>Τὸ</strong></span> <span class='ocrx_word' id='word_1_340' title='bbox 2609 2327 2664 2385; x_wconf 79' lang='grc' dir='ltr'><strong>δὲ</strong></span> <span class='ocrx_word' id='word_1_341' title='bbox 2745 2329 2884 2385; x_wconf 80' lang='grc' dir='ltr'>κατὰ</span> <span class='ocrx_word' id='word_1_342' title='bbox 2968 2329 3062 2392; x_wconf 76' lang='grc' dir='ltr'><strong>τὰς</strong></span> <span class='ocrx_word' id='word_1_343' title='bbox 3177 2327 3461 2394; x_wconf 71' lang='grc' dir='ltr'>καθολικὰς</span> <span class='ocrx_word' id='word_1_344' title='bbox 3543 2330 3833 2399; x_wconf 66' lang='grc' dir='ltr'>ἐκκλησίας</span> 
     </span>
    </p>
   </div>
   <div class='ocr_carea' id='block_1_52' title="bbox 2184 2415 3838 2493">
    <p class='ocr_par' dir='ltr' id='par_1_52' title="bbox 2184 2415 3838 2493">
     <span class='ocr_line' id='line_1_52' title="bbox 2184 2415 3838 2493; baseline 0.002 -21"><span class='ocrx_word' id='word_1_345' title='bbox 2184 2423 2290 2472; x_wconf 84' lang='grc' dir='ltr'>τῶν</span> <span class='ocrx_word' id='word_1_346' title='bbox 2359 2416 2567 2474; x_wconf 81' lang='grc' dir='ltr'>πόλεων</span> <span class='ocrx_word' id='word_1_347' title='bbox 2637 2417 2713 2493; x_wconf 79' lang='grc' dir='ltr'>μὴ</span> <span class='ocrx_word' id='word_1_348' title='bbox 2771 2415 3187 2492; x_wconf 77' lang='grc' dir='ltr'>μετακαλεϊσθαι</span> <span class='ocrx_word' id='word_1_349' title='bbox 3242 2419 3310 2474; x_wconf 75' lang='grc' dir='ltr'><strong>τὰ</strong></span> <span class='ocrx_word' id='word_1_350' title='bbox 3350 2418 3532 2489; x_wconf 75' lang='grc' dir='ltr'>πλήθη</span> <span class='ocrx_word' id='word_1_351' title='bbox 3590 2418 3675 2476; x_wconf 76' lang='grc' dir='ltr'>διὰ</span> <span class='ocrx_word' id='word_1_352' title='bbox 3725 2442 3838 2488; x_wconf 89' lang='grc' dir='ltr'>ση-</span> 
     </span>
    </p>
   </div>
   <div class='ocr_carea' id='block_1_53' title="bbox 2184 2507 3839 2588">
    <p class='ocr_par' dir='ltr' id='par_1_53' title="bbox 2184 2507 3839 2588">
     <span class='ocr_line' id='line_1_53' title="bbox 2184 2507 3839 2588; baseline 0.002 -24"><span class='ocrx_word' id='word_1_353' title='bbox 2184 2510 2486 2587; x_wconf 86' lang='grc' dir='ltr'>μαντηρίων</span> <span class='ocrx_word' id='word_1_354' title='bbox 2540 2514 2721 2588; x_wconf 82' lang='grc' dir='ltr'>τριῶν,</span> <span class='ocrx_word' id='word_1_355' title='bbox 2789 2507 2926 2564; x_wconf 79' lang='grc' dir='ltr'>ἀλλὰ</span> <span class='ocrx_word' id='word_1_356' title='bbox 2966 2507 3052 2564; x_wconf 79' lang='grc' dir='ltr'><strong>διὰ</strong></span> <span class='ocrx_word' id='word_1_357' title='bbox 3095 2507 3331 2587; x_wconf 76' lang='grc' dir='ltr'>μεγάλου</span> <span class='ocrx_word' id='word_1_358' title='bbox 3374 2511 3516 2586; x_wconf 72' lang='grc' dir='ltr'>ἑνὸς,</span> <span class='ocrx_word' id='word_1_359' title='bbox 3575 2515 3668 2571; x_wconf 71' lang='grc' dir='ltr'>οὐκ</span> <span class='ocrx_word' id='word_1_360' title='bbox 3727 2511 3839 2568; x_wconf 81' lang='grc' dir='ltr'>ἔστι</span> 
     </span>
    </p>
   </div>
   <div class='ocr_carea' id='block_1_54' title="bbox 2184 2597 3833 2679">
    <p class='ocr_par' dir='ltr' id='par_1_54' title="bbox 2184 2597 3833 2679">
     <span class='ocr_line' id='line_1_54' title="bbox 2184 2597 3833 2679; baseline 0.002 -24"><span class='ocrx_word' id='word_1_361' title='bbox 2184 2597 2279 2666; x_wconf 83' lang='grc' dir='ltr'>τῆς</span> <span class='ocrx_word' id='word_1_362' title='bbox 2363 2597 2814 2666; x_wconf 74' lang='grc' dir='ltr'>ἐκκλησιαπικῆς</span> <span class='ocrx_word' id='word_1_363' title='bbox 2914 2598 3221 2665; x_wconf 79' lang='grc' dir='ltr'>ἀκολουθίας</span> <span class='ocrx_word' id='word_1_364' title='bbox 3303 2599 3598 2679; x_wconf 74' lang='grc' dir='ltr'>ἀνα-τροπή.</span> <span class='ocrx_word' id='word_1_365' title='bbox 3689 2605 3833 2666; x_wconf 82' lang='grc' dir='ltr'>Λαὸς</span> 
     </span>
    </p>
   </div>
   <div class='ocr_carea' id='block_1_55' title="bbox 2182 2687 3834 2770">
    <p class='ocr_par' dir='ltr' id='par_1_55' title="bbox 2182 2687 3834 2770">
     <span class='ocr_line' id='line_1_55' title="bbox 2182 2687 3834 2770; baseline 0.002 -26"><span class='ocrx_word' id='word_1_366' title='bbox 2182 2689 2281 2765; x_wconf 79' lang='grc' dir='ltr'><strong>γὰρ</strong></span> <span class='ocrx_word' id='word_1_367' title='bbox 2351 2687 2731 2764; x_wconf 77' lang='grc' dir='ltr'>μετακαλεῖται</span> <span class='ocrx_word' id='word_1_368' title='bbox 2803 2687 3090 2770; x_wconf 77' lang='grc' dir='ltr'>χειρῶναξ,</span> <span class='ocrx_word' id='word_1_369' title='bbox 3134 2763 3147 2770; x_wconf 12' lang='grc' dir='ltr'><strong>ιν</strong></span> <span class='ocrx_word' id='word_1_370' title='bbox 3182 2689 3271 2746; x_wconf 79' lang='grc' dir='ltr'>καὶ</span> <span class='ocrx_word' id='word_1_371' title='bbox 3351 2691 3470 2770; x_wconf 72' lang='grc' dir='ltr'>περὶ</span> <span class='ocrx_word' id='word_1_372' title='bbox 3553 2692 3834 2759; x_wconf 82' lang='grc' dir='ltr'>σκαπάνην</span> 
     </span>
    </p>
   </div>
   <div class='ocr_carea' id='block_1_56' title="bbox 2181 2769 3836 2858">
    <p class='ocr_par' dir='ltr' id='par_1_56' title="bbox 2181 2769 3836 2858">
     <span class='ocr_line' id='line_1_56' title="bbox 2181 2769 3836 2858; baseline 0.001 -24"><span class='ocrx_word' id='word_1_373' title='bbox 2181 2775 2562 2857; x_wconf 80' lang='grc' dir='ltr'>ἠσχολημένος</span> <span class='ocrx_word' id='word_1_374' title='bbox 2619 2781 2708 2834; x_wconf 82' lang='grc' dir='ltr'><strong>καὶ</strong></span> <span class='ocrx_word' id='word_1_375' title='bbox 2807 2769 3082 2858; x_wconf 35' lang='grc' dir='ltr'>ἄροτρον(</span> <span class='ocrx_word' id='word_1_376' title='bbox 3134 2769 3276 2835; x_wconf 26' lang='grc' dir='ltr'>ἿΕστι</span> <span class='ocrx_word' id='word_1_377' title='bbox 3332 2769 3502 2836; x_wconf 81' lang='grc' dir='ltr'>τοίνυν</span> <span class='ocrx_word' id='word_1_378' title='bbox 3552 2780 3836 2858; x_wconf 82' lang='grc' dir='ltr'>ἀγαπητὸν</span> 
     </span>
    </p>
   </div>
   <div class='ocr_carea' id='block_1_57' title="bbox 2183 2866 3836 2941">
    <p class='ocr_par' dir='ltr' id='par_1_57' title="bbox 2183 2866 3836 2941">
     <span class='ocr_line' id='line_1_57' title="bbox 2183 2866 3836 2941; baseline 0.002 -19"><span class='ocrx_word' id='word_1_379' title='bbox 2183 2866 2528 2934; x_wconf 74' lang='grc' dir='ltr'>ἐκκλησιάσαι</span> <span class='ocrx_word' id='word_1_380' title='bbox 2559 2877 2742 2928; x_wconf 81' lang='grc' dir='ltr'>τοῦτον</span> <span class='ocrx_word' id='word_1_381' title='bbox 2799 2869 2897 2924; x_wconf 75' lang='grc' dir='ltr'><strong>κᾶν</strong></span> <span class='ocrx_word' id='word_1_382' title='bbox 2970 2870 3043 2933; x_wconf 84' lang='grc' dir='ltr'><strong>εἰς</strong></span> <span class='ocrx_word' id='word_1_383' title='bbox 3099 2873 3200 2935; x_wconf 76' lang='grc' dir='ltr'>τῆς</span> <span class='ocrx_word' id='word_1_384' title='bbox 3252 2867 3390 2932; x_wconf 81' lang='grc' dir='ltr'>Νέας</span> <span class='ocrx_word' id='word_1_385' title='bbox 3453 2873 3724 2941; x_wconf 77' lang='grc' dir='ltr'>Διαθήκης</span> <span class='ocrx_word' id='word_1_386' title='bbox 3765 2872 3836 2926; x_wconf 78' lang='grc' dir='ltr'><strong>τὰ</strong></span> 
     </span>
    </p>
   </div>
   <div class='ocr_carea' id='block_1_58' title="bbox 2183 2953 3836 3038">
    <p class='ocr_par' dir='ltr' id='par_1_58' title="bbox 2183 2953 3836 3038">
     <span class='ocr_line' id='line_1_58' title="bbox 2183 2953 3836 3038; baseline 0.002 -27"><span class='ocrx_word' id='word_1_387' title='bbox 2183 2953 2610 3032; x_wconf 77' lang='grc' dir='ltr'>ψαλτῳδήματα.</span> <span class='ocrx_word' id='word_1_388' title='bbox 2683 2957 2781 3015; x_wconf 80' lang='grc' dir='ltr'><strong>Καὶ</strong></span> <span class='ocrx_word' id='word_1_389' title='bbox 2838 2956 2978 3032; x_wconf 80' lang='grc' dir='ltr'>ἡμῖν</span> <span class='ocrx_word' id='word_1_390' title='bbox 3035 2957 3134 3032; x_wconf 80' lang='grc' dir='ltr'>μὲν</span> <span class='ocrx_word' id='word_1_391' title='bbox 3190 2969 3312 3020; x_wconf 77' lang='grc' dir='ltr'>τοῖς</span> <span class='ocrx_word' id='word_1_392' title='bbox 3395 2957 3710 3038; x_wconf 76' lang='grc' dir='ltr'>φυλάττουσι</span> <span class='ocrx_word' id='word_1_393' title='bbox 3765 2966 3836 3036; x_wconf 77' lang='grc' dir='ltr'><strong>τῇ</strong></span> 
     </span>
    </p>
   </div>
   <div class='ocr_carea' id='block_1_59' title="bbox 447 3040 2098 3133">
    <p class='ocr_par' dir='ltr' id='par_1_59' title="bbox 447 3040 2097 3133">
     <span class='ocr_line' id='line_1_59' title="bbox 447 3040 2097 3133; baseline 0.001 -31"><span class='ocrx_word' id='word_1_394' title='bbox 447 3051 669 3105; x_wconf 90' lang='lat' dir='ltr'><strong>tantur.</strong></span> <span class='ocrx_word' id='word_1_395' title='bbox 705 3041 996 3133; x_wconf 78' lang='lat' dir='ltr'><strong>Acnobis</strong></span> <span class='ocrx_word' id='word_1_396' title='bbox 1053 3042 1319 3124; x_wconf 90' lang='lat' dir='ltr'><strong>quidem,</strong></span> <span class='ocrx_word' id='word_1_397' title='bbox 1375 3041 1476 3120; x_wconf 87' lang='lat' dir='ltr'><strong>qui</strong></span> <span class='ocrx_word' id='word_1_398' title='bbox 1539 3058 1658 3133; x_wconf 76' lang='lat' dir='ltr'><strong>per</strong></span> <span class='ocrx_word' id='word_1_399' title='bbox 1693 3040 1799 3102; x_wconf 90' lang='lat' dir='ltr'><strong>Dei</strong></span> <span class='ocrx_word' id='word_1_400' title='bbox 1851 3043 2097 3133; x_wconf 78' lang='lat' dir='ltr'><strong>gratiam</strong></span> 
     </span>
    </p>
   </div>
   <div class='ocr_carea' id='block_1_60' title="bbox 2181 3040 3832 3133">
    <p class='ocr_par' dir='ltr' id='par_1_60' title="bbox 2184 3044 3832 3126">
     <span class='ocr_line' id='line_1_60' title="bbox 2184 3044 3832 3126; baseline 0.002 -26"><span class='ocrx_word' id='word_1_401' title='bbox 2184 3044 2364 3124; x_wconf 86' lang='grc' dir='ltr'>χάριτι</span> <span class='ocrx_word' id='word_1_402' title='bbox 2420 3052 2513 3101; x_wconf 83' lang='grc' dir='ltr'><strong>τοῦ</strong></span> <span class='ocrx_word' id='word_1_403' title='bbox 2595 3052 2726 3103; x_wconf 84' lang='grc' dir='ltr'>Θεοῦ</span> <span class='ocrx_word' id='word_1_404' title='bbox 2795 3052 2968 3102; x_wconf 77' lang='grc' dir='ltr'>πᾶσαν</span> <span class='ocrx_word' id='word_1_405' title='bbox 3034 3044 3153 3102; x_wconf 76' lang='grc' dir='ltr'>ἰκκ)</span> <span class='ocrx_word' id='word_1_406' title='bbox 3165 3046 3484 3114; x_wconf 85' lang='grc' dir='ltr'>ησιαστικὴν</span> <span class='ocrx_word' id='word_1_407' title='bbox 3542 3046 3832 3126; x_wconf 81' lang='grc' dir='ltr'>παράδοσιν</span> 
     </span>
    </p>
   </div>
   <div class='ocr_carea' id='block_1_61' title="bbox 443 3129 2098 3193">
    <p class='ocr_par' dir='ltr' id='par_1_61' title="bbox 443 3129 2098 3193">
     <span class='ocr_line' id='line_1_61' title="bbox 443 3129 2098 3193; baseline 0.001 -1"><span class='ocrx_word' id='word_1_408' title='bbox 443 3149 748 3193; x_wconf 88' lang='lat' dir='ltr'><strong>servamus</strong></span> <span class='ocrx_word' id='word_1_409' title='bbox 800 3131 1109 3192; x_wconf 88' lang='lat' dir='ltr'><strong>immotam</strong></span> <span class='ocrx_word' id='word_1_410' title='bbox 1168 3149 1407 3192; x_wconf 88' lang='lat' dir='ltr'><strong>omnem</strong></span> <span class='ocrx_word' id='word_1_411' title='bbox 1467 3129 1843 3191; x_wconf 83' lang='lat' dir='ltr'><strong>traditionem</strong></span> <span class='ocrx_word' id='word_1_412' title='bbox 1903 3131 2098 3193; x_wconf 89' lang='lat' dir='ltr'><strong>eccle-</strong></span> 
     </span>
    </p>
   </div>
   <div class='ocr_carea' id='block_1_62' title="bbox 444 3219 2100 3301">
    <p class='ocr_par' dir='ltr' id='par_1_62' title="bbox 444 3219 2100 3301">
     <span class='ocr_line' id='line_1_62' title="bbox 444 3219 2100 3301; baseline 0.001 -20"><span class='ocrx_word' id='word_1_413' title='bbox 444 3220 770 3292; x_wconf 83' lang='lat' dir='ltr'><strong>siasticam,</strong></span> <span class='ocrx_word' id='word_1_414' title='bbox 806 3221 965 3282; x_wconf 89' lang='lat' dir='ltr'><strong>hunc</strong></span> <span class='ocrx_word' id='word_1_415' title='bbox 995 3221 1272 3283; x_wconf 87' lang='lat' dir='ltr'><strong>ordinem</strong></span> <span class='ocrx_word' id='word_1_416' title='bbox 1307 3219 1691 3301; x_wconf 83' lang='lat' dir='ltr'><strong>sequivisum</strong></span> <span class='ocrx_word' id='word_1_417' title='bbox 1725 3226 1836 3281; x_wconf 89' lang='lat' dir='ltr'><strong>est.</strong></span> <span class='ocrx_word' id='word_1_418' title='bbox 1877 3221 2100 3284; x_wconf 88' lang='lat' dir='ltr'><strong>Latinis</strong></span> 
     </span>
    </p>
   </div>
   <div class='ocr_carea' id='block_1_63' title="bbox 442 3307 2100 3390">
    <p class='ocr_par' dir='ltr' id='par_1_63' title="bbox 442 3307 2100 3390">
     <span class='ocr_line' id='line_1_63' title="bbox 442 3307 2100 3390; baseline 0.002 -22"><span class='ocrx_word' id='word_1_419' title='bbox 442 3328 582 3372; x_wconf 88' lang='lat' dir='ltr'><strong>vero</strong></span> <span class='ocrx_word' id='word_1_420' title='bbox 616 3313 768 3372; x_wconf 89' lang='lat' dir='ltr'><strong>male</strong></span> <span class='ocrx_word' id='word_1_421' title='bbox 797 3330 832 3372; x_wconf 87' lang='lat' dir='ltr'><strong>a</strong></span> <span class='ocrx_word' id='word_1_422' title='bbox 862 3310 1034 3373; x_wconf 88' lang='lat' dir='ltr'><strong>nobis</strong></span> <span class='ocrx_word' id='word_1_423' title='bbox 1063 3309 1296 3390; x_wconf 83' lang='lat' dir='ltr'><strong>divisis,</strong></span> <span class='ocrx_word' id='word_1_424' title='bbox 1330 3318 1388 3370; x_wconf 89' lang='lat' dir='ltr'><strong>et</strong></span> <span class='ocrx_word' id='word_1_425' title='bbox 1417 3326 1667 3390; x_wconf 88' lang='lat' dir='ltr'><strong>quorum</strong></span> <span class='ocrx_word' id='word_1_426' title='bbox 1701 3327 1805 3369; x_wconf 90' lang='lat' dir='ltr'><strong>cor</strong></span> <span class='ocrx_word' id='word_1_427' title='bbox 1844 3307 2100 3372; x_wconf 88' lang='lat' dir='ltr'><strong>obdura-</strong></span> 
     </span>
    </p>
   </div>
   <div class='ocr_carea' id='block_1_64' title="bbox 445 3395 2100 3477">
    <p class='ocr_par' dir='ltr' id='par_1_64' title="bbox 445 3395 2100 3477">
     <span class='ocr_line' id='line_1_64' title="bbox 445 3395 2100 3477; baseline -0.001 -15"><span class='ocrx_word' id='word_1_428' title='bbox 445 3409 568 3462; x_wconf 89' lang='lat' dir='ltr'><strong>tum</strong></span> <span class='ocrx_word' id='word_1_429' title='bbox 599 3408 746 3462; x_wconf 88' lang='lat' dir='ltr'><strong>esta</strong></span> <span class='ocrx_word' id='word_1_430' title='bbox 801 3401 1036 3477; x_wconf 82' lang='lat' dir='ltr'><strong>Satana,</strong></span> <span class='ocrx_word' id='word_1_431' title='bbox 1099 3398 1239 3460; x_wconf 89' lang='lat' dir='ltr'><strong>licet</strong></span> <span class='ocrx_word' id='word_1_432' title='bbox 1293 3398 1354 3459; x_wconf 85' lang='lat' dir='ltr'><strong>in</strong></span> <span class='ocrx_word' id='word_1_433' title='bbox 1414 3395 1789 3459; x_wconf 89' lang='lat' dir='ltr'><strong>sermonibus</strong></span> <span class='ocrx_word' id='word_1_434' title='bbox 1819 3398 1950 3459; x_wconf 90' lang='lat' dir='ltr'><strong>oleo</strong></span> <span class='ocrx_word' id='word_1_435' title='bbox 1980 3399 2100 3460; x_wconf 90' lang='lat' dir='ltr'><strong>sint</strong></span> 
     </span>
    </p>
   </div>
   <div class='ocr_carea' id='block_1_65' title="bbox 441 3485 2097 3570">
    <p class='ocr_par' dir='ltr' id='par_1_65' title="bbox 441 3485 2097 3570">
     <span class='ocr_line' id='line_1_65' title="bbox 441 3485 2097 3570; baseline 0.001 -22"><span class='ocrx_word' id='word_1_436' title='bbox 441 3487 764 3564; x_wconf 86' lang='lat' dir='ltr'><strong>molliores,</strong></span> <span class='ocrx_word' id='word_1_437' title='bbox 803 3488 924 3550; x_wconf 85' lang='lat' dir='ltr'><strong>alia</strong></span> <span class='ocrx_word' id='word_1_438' title='bbox 978 3490 1248 3570; x_wconf 65' lang='lat' dir='ltr'><strong>quaedam</strong></span> <span class='ocrx_word' id='word_1_439' title='bbox 1308 3485 1676 3549; x_wconf 90' lang='lat' dir='ltr'><strong>consuetudo</strong></span> <span class='ocrx_word' id='word_1_440' title='bbox 1726 3487 2097 3549; x_wconf 89' lang='lat' dir='ltr'><strong>convocandi</strong></span> 
     </span>
    </p>
   </div>
   <div class='ocr_carea' id='block_1_66' title="bbox 442 3573 2095 3657">
    <p class='ocr_par' dir='ltr' id='par_1_66' title="bbox 442 3573 2095 3657">
     <span class='ocr_line' id='line_1_66' title="bbox 442 3573 2095 3657; baseline 0.001 -19"><span class='ocrx_word' id='word_1_441' title='bbox 442 3577 722 3657; x_wconf 90' lang='lat' dir='ltr'><strong>populum</strong></span> <span class='ocrx_word' id='word_1_442' title='bbox 753 3595 952 3640; x_wconf 89' lang='lat' dir='ltr'><strong>sacras</strong></span> <span class='ocrx_word' id='word_1_443' title='bbox 997 3577 1072 3640; x_wconf 87' lang='lat' dir='ltr'><strong>ad</strong></span> <span class='ocrx_word' id='word_1_444' title='bbox 1129 3575 1286 3639; x_wconf 70' lang='lat' dir='ltr'><strong>aedes</strong></span> <span class='ocrx_word' id='word_1_445' title='bbox 1337 3584 1430 3638; x_wconf 85' lang='lat' dir='ltr'><strong>est</strong></span> <span class='ocrx_word' id='word_1_446' title='bbox 1484 3573 1721 3638; x_wconf 87' lang='lat' dir='ltr'><strong>tradita.</strong></span> <span class='ocrx_word' id='word_1_447' title='bbox 1777 3574 1923 3637; x_wconf 87' lang='lat' dir='ltr'><strong>Nam</strong></span> <span class='ocrx_word' id='word_1_448' title='bbox 1977 3596 2095 3639; x_wconf 91' lang='lat' dir='ltr'><strong>uno</strong></span> 
     </span>
    </p>
   </div>
   <div class='ocr_carea' id='block_1_67' title="bbox 437 3663 2096 3747">
    <p class='ocr_par' dir='ltr' id='par_1_67' title="bbox 437 3663 2096 3747">
     <span class='ocr_line' id='line_1_67' title="bbox 437 3663 2096 3747; baseline 0.002 -22"><span class='ocrx_word' id='word_1_449' title='bbox 437 3664 715 3727; x_wconf 85' lang='lat' dir='ltr'><strong>duntaxat</strong></span> <span class='ocrx_word' id='word_1_450' title='bbox 748 3675 994 3729; x_wconf 90' lang='lat' dir='ltr'><strong>utuntur</strong></span> <span class='ocrx_word' id='word_1_451' title='bbox 1024 3666 1215 3747; x_wconf 79' lang='lat' dir='ltr'><strong>signo,</strong></span> <span class='ocrx_word' id='word_1_452' title='bbox 1280 3683 1566 3745; x_wconf 88' lang='lat' dir='ltr'><strong>campana</strong></span> <span class='ocrx_word' id='word_1_453' title='bbox 1618 3663 1866 3740; x_wconf 89' lang='lat' dir='ltr'><strong>scilicet,</strong></span> <span class='ocrx_word' id='word_1_454' title='bbox 1901 3685 2034 3747; x_wconf 75' lang='lat' dir='ltr'><strong>quae</strong></span> <span class='ocrx_word' id='word_1_455' title='bbox 2061 3685 2096 3729; x_wconf 87' lang='lat' dir='ltr'><strong>a</strong></span> 
     </span>
    </p>
   </div>
   <div class='ocr_carea' id='block_1_68' title="bbox 439 3752 2092 3836">
    <p class='ocr_par' dir='ltr' id='par_1_68' title="bbox 439 3752 2092 3836">
     <span class='ocr_line' id='line_1_68' title="bbox 439 3752 2092 3836; baseline 0.003 -23"><span class='ocrx_word' id='word_1_456' title='bbox 439 3772 648 3834; x_wconf 90' lang='lat' dir='ltr'><strong>campo</strong></span> <span class='ocrx_word' id='word_1_457' title='bbox 682 3753 768 3818; x_wconf 90' lang='lat' dir='ltr'><strong>sic</strong></span> <span class='ocrx_word' id='word_1_458' title='bbox 798 3755 1036 3820; x_wconf 90' lang='lat' dir='ltr'><strong>dicitur.</strong></span> <span class='ocrx_word' id='word_1_459' title='bbox 1089 3754 1602 3829; x_wconf 86' lang='lat' dir='ltr'><strong>Quemadmodum</strong></span> <span class='ocrx_word' id='word_1_460' title='bbox 1653 3752 1814 3814; x_wconf 91' lang='lat' dir='ltr'><strong>enim</strong></span> <span class='ocrx_word' id='word_1_461' title='bbox 1846 3772 2092 3836; x_wconf 89' lang='lat' dir='ltr'><strong>campus</strong></span> 
     </span>
    </p>
   </div>
   <div class='ocr_carea' id='block_1_69' title="bbox 439 3842 2091 3928">
    <p class='ocr_par' dir='ltr' id='par_1_69' title="bbox 439 3842 2091 3928">
     <span class='ocr_line' id='line_1_69' title="bbox 439 3842 2091 3928; baseline 0.002 -24"><span class='ocrx_word' id='word_1_462' title='bbox 439 3844 696 3922; x_wconf 89' lang='lat' dir='ltr'><strong>cujusvis</strong></span> <span class='ocrx_word' id='word_1_463' title='bbox 718 3844 922 3907; x_wconf 89' lang='lat' dir='ltr'><strong>itineri</strong></span> <span class='ocrx_word' id='word_1_464' title='bbox 943 3845 1116 3928; x_wconf 89' lang='lat' dir='ltr'><strong>citra,</strong></span> <span class='ocrx_word' id='word_1_465' title='bbox 1163 3845 1350 3907; x_wconf 88' lang='lat' dir='ltr'><strong>ullum</strong></span> <span class='ocrx_word' id='word_1_466' title='bbox 1391 3842 1697 3922; x_wconf 85' lang='lat' dir='ltr'><strong>expositus</strong></span> <span class='ocrx_word' id='word_1_467' title='bbox 1720 3851 1809 3904; x_wconf 89' lang='lat' dir='ltr'><strong>est</strong></span> <span class='ocrx_word' id='word_1_468' title='bbox 1831 3843 2091 3924; x_wconf 89' lang='lat' dir='ltr'><strong>impedi-</strong></span> 
     </span>
    </p>
   </div>
   <div class='ocr_carea' id='block_1_70' title="bbox 438 3931 2092 4016">
    <p class='ocr_par' dir='ltr' id='par_1_70' title="bbox 438 3931 2092 4016">
     <span class='ocr_line' id='line_1_70' title="bbox 438 3931 2092 4016; baseline 0.001 -22"><span class='ocrx_word' id='word_1_469' title='bbox 438 3941 730 4016; x_wconf 85' lang='lat' dir='ltr'><strong>mentum,</strong></span> <span class='ocrx_word' id='word_1_470' title='bbox 765 3937 852 3998; x_wconf 84' lang='lat' dir='ltr'><strong>sic</strong></span> <span class='ocrx_word' id='word_1_471' title='bbox 881 3943 940 3998; x_wconf 91' lang='lat' dir='ltr'><strong>et</strong></span> <span class='ocrx_word' id='word_1_472' title='bbox 969 3935 1129 3997; x_wconf 86' lang='lat' dir='ltr'><strong>illius</strong></span> <span class='ocrx_word' id='word_1_473' title='bbox 1157 3935 1370 3998; x_wconf 87' lang='lat' dir='ltr'><strong>ahenei</strong></span> <span class='ocrx_word' id='word_1_474' title='bbox 1405 3931 1787 3994; x_wconf 85' lang='lat' dir='ltr'><strong>tintinnabuli</strong></span> <span class='ocrx_word' id='word_1_475' title='bbox 1815 3932 2092 3996; x_wconf 91' lang='lat' dir='ltr'><strong>sublimis</strong></span> 
     </span>
    </p>
   </div>
   <div class='ocr_carea' id='block_1_71' title="bbox 435 4021 2093 4104">
    <p class='ocr_par' dir='ltr' id='par_1_71' title="bbox 435 4021 2093 4104">
     <span class='ocr_line' id='line_1_71' title="bbox 435 4021 2093 4104; baseline 0.002 -22"><span class='ocrx_word' id='word_1_476' title='bbox 435 4041 565 4104; x_wconf 81' lang='lat' dir='ltr'><strong>vox,</strong></span> <span class='ocrx_word' id='word_1_477' title='bbox 603 4023 895 4087; x_wconf 85' lang='lat' dir='ltr'><strong>universis</strong></span> <span class='ocrx_word' id='word_1_478' title='bbox 926 4044 1173 4087; x_wconf 85' lang='lat' dir='ltr'><strong>accessu</strong></span> <span class='ocrx_word' id='word_1_479' title='bbox 1196 4021 1387 4085; x_wconf 85' lang='lat' dir='ltr'><strong>facilis</strong></span> <span class='ocrx_word' id='word_1_480' title='bbox 1439 4029 1617 4102; x_wconf 89' lang='lat' dir='ltr'><strong>patet.</strong></span> <span class='ocrx_word' id='word_1_481' title='bbox 1673 4021 1763 4084; x_wconf 86' lang='lat' dir='ltr'><strong>Ac</strong></span> <span class='ocrx_word' id='word_1_482' title='bbox 1822 4021 2093 4102; x_wconf 89' lang='lat' dir='ltr'><strong>pluribus</strong></span> 
     </span>
    </p>
   </div>
   <div class='ocr_carea' id='block_1_72' title="bbox 433 4109 2084 4193">
    <p class='ocr_par' dir='ltr' id='par_1_72' title="bbox 433 4109 2084 4193">
     <span class='ocr_line' id='line_1_72' title="bbox 433 4109 2084 4193; baseline 0.002 -21"><span class='ocrx_word' id='word_1_483' title='bbox 433 4129 580 4173; x_wconf 85' lang='lat' dir='ltr'><strong>sane</strong></span> <span class='ocrx_word' id='word_1_484' title='bbox 601 4113 788 4192; x_wconf 79' lang='lat' dir='ltr'><strong>signis</strong></span> <span class='ocrx_word' id='word_1_485' title='bbox 813 4114 1008 4176; x_wconf 87' lang='lat' dir='ltr'><strong>Latini</strong></span> <span class='ocrx_word' id='word_1_486' title='bbox 1030 4122 1088 4175; x_wconf 81' lang='lat' dir='ltr'><strong>et</strong></span> <span class='ocrx_word' id='word_1_487' title='bbox 1116 4113 1246 4176; x_wconf 81' lang='lat' dir='ltr'><strong>Itali</strong></span> <span class='ocrx_word' id='word_1_488' title='bbox 1287 4119 1608 4193; x_wconf 83' lang='lat' dir='ltr'><strong>propterea</strong></span> <span class='ocrx_word' id='word_1_489' title='bbox 1641 4129 1762 4171; x_wconf 91' lang='lat' dir='ltr'><strong>non</strong></span> <span class='ocrx_word' id='word_1_490' title='bbox 1792 4109 2084 4192; x_wconf 73' lang='lat' dir='ltr'><strong>indigent,</strong></span> 
     </span>
    </p>
   </div>
   <div class='ocr_carea' id='block_1_73' title="bbox 435 4199 2085 4285">
    <p class='ocr_par' dir='ltr' id='par_1_73' title="bbox 435 4199 2085 4285">
     <span class='ocr_line' id='line_1_73' title="bbox 435 4199 2085 4285; baseline 0.003 -25"><span class='ocrx_word' id='word_1_491' title='bbox 435 4201 587 4281; x_wconf 86' lang='lat' dir='ltr'><strong>quod</strong></span> <span class='ocrx_word' id='word_1_492' title='bbox 621 4202 998 4265; x_wconf 88' lang='lat' dir='ltr'><strong>cantionibus</strong></span> <span class='ocrx_word' id='word_1_493' title='bbox 1028 4199 1460 4285; x_wconf 81' lang='lat' dir='ltr'><strong>bagiopoliticis</strong></span> <span class='ocrx_word' id='word_1_494' title='bbox 1514 4218 1638 4261; x_wconf 90' lang='lat' dir='ltr'><strong>non</strong></span> <span class='ocrx_word' id='word_1_495' title='bbox 1685 4207 1947 4279; x_wconf 86' lang='lat' dir='ltr'><strong>utantur,</strong></span> <span class='ocrx_word' id='word_1_496' title='bbox 1980 4202 2085 4265; x_wconf 84' lang='lat' dir='ltr'><strong>sed</strong></span> 
     </span>
    </p>
   </div>
   <div class='ocr_carea' id='block_1_74' title="bbox 433 4290 1100 4356">
    <p class='ocr_par' dir='ltr' id='par_1_74' title="bbox 433 4290 1100 4356">
     <span class='ocr_line' id='line_1_74' title="bbox 433 4290 1100 4356; baseline 0.006 -4"><span class='ocrx_word' id='word_1_497' title='bbox 433 4294 556 4352; x_wconf 85' lang='lat' dir='ltr'><strong>sola</strong></span> <span class='ocrx_word' id='word_1_498' title='bbox 588 4290 825 4354; x_wconf 85' lang='lat' dir='ltr'><strong>Davidis</strong></span> <span class='ocrx_word' id='word_1_499' title='bbox 852 4293 1100 4356; x_wconf 77' lang='lat' dir='ltr'><strong>cithara.</strong></span> 
     </span>
    </p>
   </div>
   <div class='ocr_carea' id='block_1_75' title="bbox 2183 3132 3832 3209">
    <p class='ocr_par' dir='ltr' id='par_1_75' title="bbox 2183 3132 3832 3209">
     <span class='ocr_line' id='line_1_75' title="bbox 2183 3132 3832 3209; baseline 0.002 -21"><span class='ocrx_word' id='word_1_500' title='bbox 2183 3133 2588 3209; x_wconf 73' lang='grc' dir='ltr'>ἀμετάπτωτον,</span> <span class='ocrx_word' id='word_1_501' title='bbox 2659 3133 2798 3191; x_wconf 76' lang='grc' dir='ltr'>οὕτω</span> <span class='ocrx_word' id='word_1_502' title='bbox 2853 3133 3216 3192; x_wconf 70' lang='grc' dir='ltr'>πολιτεύεσθαι</span> <span class='ocrx_word' id='word_1_503' title='bbox 3285 3132 3549 3199; x_wconf 76' lang='grc' dir='ltr'>δέδοκται.</span> <span class='ocrx_word' id='word_1_504' title='bbox 3601 3146 3731 3200; x_wconf 70' lang='grc' dir='ltr'>Τοῖς</span> <span class='ocrx_word' id='word_1_505' title='bbox 3775 3135 3832 3192; x_wconf 79' lang='grc' dir='ltr'>δὲ</span> 
     </span>
    </p>
   </div>
   <div class='ocr_carea' id='block_1_76' title="bbox 2182 3222 3829 3304">
    <p class='ocr_par' dir='ltr' id='par_1_76' title="bbox 2182 3222 3829 3304">
     <span class='ocr_line' id='line_1_76' title="bbox 2182 3222 3829 3304; baseline 0.002 -27"><span class='ocrx_word' id='word_1_506' title='bbox 2182 3222 2423 3287; x_wconf 82' lang='grc' dir='ltr'>Λατίνοις</span> <span class='ocrx_word' id='word_1_507' title='bbox 2449 3227 2741 3304; x_wconf 71' lang='grc' dir='ltr'>μερισθεῖσι</span> <span class='ocrx_word' id='word_1_508' title='bbox 2781 3225 2962 3288; x_wconf 79' lang='grc' dir='ltr'>κακῶς</span> <span class='ocrx_word' id='word_1_509' title='bbox 3006 3224 3090 3289; x_wconf 80' lang='grc' dir='ltr'><strong>ἂς⁹</strong></span> <span class='ocrx_word' id='word_1_510' title='bbox 3141 3225 3322 3300; x_wconf 83' lang='grc' dir='ltr'>ἡμῶν,</span> <span class='ocrx_word' id='word_1_511' title='bbox 3383 3227 3471 3282; x_wconf 85' lang='grc' dir='ltr'><strong>καὶ</strong></span> <span class='ocrx_word' id='word_1_512' title='bbox 3525 3229 3829 3304; x_wconf 78' lang='grc' dir='ltr'>πωρωθετσι</span> 
     </span>
    </p>
   </div>
   <div class='ocr_carea' id='block_1_77' title="bbox 2179 3309 3834 3394">
    <p class='ocr_par' dir='ltr' id='par_1_77' title="bbox 2179 3309 3834 3394">
     <span class='ocr_line' id='line_1_77' title="bbox 2179 3309 3834 3394; baseline 0.003 -27"><span class='ocrx_word' id='word_1_513' title='bbox 2179 3310 2280 3378; x_wconf 74' lang='grc' dir='ltr'><strong>τὴν</strong></span> <span class='ocrx_word' id='word_1_514' title='bbox 2308 3309 2521 3391; x_wconf 79' lang='grc' dir='ltr'>καρδίαν</span> <span class='ocrx_word' id='word_1_515' title='bbox 2548 3314 2650 3369; x_wconf 81' lang='grc' dir='ltr'><strong>ὑπὸ</strong></span> <span class='ocrx_word' id='word_1_516' title='bbox 2722 3320 2816 3370; x_wconf 82' lang='grc' dir='ltr'>τοῦ</span> <span class='ocrx_word' id='word_1_517' title='bbox 2871 3320 3110 3394; x_wconf 83' lang='grc' dir='ltr'>Σατανᾶ,</span> <span class='ocrx_word' id='word_1_518' title='bbox 3169 3314 3267 3370; x_wconf 73' lang='grc' dir='ltr'>κᾶν</span> <span class='ocrx_word' id='word_1_519' title='bbox 3317 3326 3434 3379; x_wconf 73' lang='grc' dir='ltr'>τοῖς</span> <span class='ocrx_word' id='word_1_520' title='bbox 3490 3312 3672 3394; x_wconf 84' lang='grc' dir='ltr'>λόγοις</span> <span class='ocrx_word' id='word_1_521' title='bbox 3700 3316 3834 3393; x_wconf 74' lang='grc' dir='ltr'>ὑπὲρ</span> 
     </span>
    </p>
   </div>
   <div class='ocr_carea' id='block_1_78' title="bbox 2180 3399 3831 3482">
    <p class='ocr_par' dir='ltr' id='par_1_78' title="bbox 2180 3399 3831 3482">
     <span class='ocr_line' id='line_1_78' title="bbox 2180 3399 3831 3482; baseline 0.003 -26"><span class='ocrx_word' id='word_1_522' title='bbox 2180 3399 2359 3459; x_wconf 65' lang='grc' dir='ltr'>ἔλαιον</span> <span class='ocrx_word' id='word_1_523' title='bbox 2441 3401 2830 3479; x_wconf 79' lang='grc' dir='ltr'>ἀπαλύνωνται,</span> <span class='ocrx_word' id='word_1_524' title='bbox 2893 3403 3033 3472; x_wconf 72' lang='grc' dir='ltr'>ἄλλη</span> <span class='ocrx_word' id='word_1_525' title='bbox 3086 3425 3168 3468; x_wconf 88' lang='grc' dir='ltr'><strong>τις</strong></span> <span class='ocrx_word' id='word_1_526' title='bbox 3225 3402 3487 3482; x_wconf 79' lang='grc' dir='ltr'>παρεδόθη</span> <span class='ocrx_word' id='word_1_527' title='bbox 3556 3405 3831 3478; x_wconf 76' lang='grc' dir='ltr'>συνήθεια,</span> 
     </span>
    </p>
   </div>
   <div class='ocr_carea' id='block_1_79' title="bbox 2178 3491 3826 3585">
    <p class='ocr_par' dir='ltr' id='par_1_79' title="bbox 2178 3491 3826 3585">
     <span class='ocr_line' id='line_1_79' title="bbox 2178 3491 3826 3585; baseline 0.002 -39"><span class='ocrx_word' id='word_1_528' title='bbox 2178 3491 2295 3585; x_wconf 67' lang='grc' dir='ltr'>περὶ</span> <span class='ocrx_word' id='word_1_529' title='bbox 2351 3496 2451 3559; x_wconf 78' lang='grc' dir='ltr'>τῆς</span> <span class='ocrx_word' id='word_1_530' title='bbox 2520 3493 2596 3557; x_wconf 82' lang='grc' dir='ltr'><strong>εἰς</strong></span> <span class='ocrx_word' id='word_1_531' title='bbox 2653 3493 2776 3556; x_wconf 72' lang='grc' dir='ltr'>τοὺς</span> <span class='ocrx_word' id='word_1_532' title='bbox 2853 3494 3009 3558; x_wconf 80' lang='grc' dir='ltr'>ναοὺς</span> <span class='ocrx_word' id='word_1_533' title='bbox 3086 3491 3464 3569; x_wconf 71' lang='grc' dir='ltr'>μετακλήσεως</span> <span class='ocrx_word' id='word_1_534' title='bbox 3521 3503 3617 3552; x_wconf 75' lang='grc' dir='ltr'><strong>τοῦ</strong></span> <span class='ocrx_word' id='word_1_535' title='bbox 3668 3492 3826 3557; x_wconf 71' lang='grc' dir='ltr'>λαοῦ.</span> 
     </span>
    </p>
   </div>
   <div class='ocr_carea' id='block_1_80' title="bbox 2193 3581 3834 3662">
    <p class='ocr_par' dir='ltr' id='par_1_80' title="bbox 2193 3581 3834 3662">
     <span class='ocr_line' id='line_1_80' title="bbox 2193 3581 3834 3662; baseline 0.001 -25"><span class='ocrx_word' id='word_1_536' title='bbox 2193 3581 2288 3637; x_wconf 83' lang='grc' dir='ltr'><strong>Ἐνὶ</strong></span> <span class='ocrx_word' id='word_1_537' title='bbox 2367 3581 2468 3659; x_wconf 81' lang='grc' dir='ltr'><strong>γὰρ</strong></span> <span class='ocrx_word' id='word_1_538' title='bbox 2563 3581 2854 3662; x_wconf 77' lang='grc' dir='ltr'>κέχρηνται</span> <span class='ocrx_word' id='word_1_539' title='bbox 2942 3582 3312 3661; x_wconf 77' lang='grc' dir='ltr'>σημαντηρίῳ,</span> <span class='ocrx_word' id='word_1_540' title='bbox 3409 3587 3478 3659; x_wconf 79' lang='grc' dir='ltr'><strong>τῇ</strong></span> <span class='ocrx_word' id='word_1_541' title='bbox 3577 3583 3834 3662; x_wconf 77' lang='grc' dir='ltr'>καμπάνᾳ</span> 
     </span>
    </p>
   </div>
   <div class='ocr_carea' id='block_1_81' title="bbox 2177 3661 3940 3751">
    <p class='ocr_par' dir='ltr' id='par_1_81' title="bbox 2177 3661 3940 3751">
     <span class='ocr_line' id='line_1_81' title="bbox 2177 3661 3940 3751; baseline 0.01 -30"><span class='ocrx_word' id='word_1_542' title='bbox 2177 3669 2339 3750; x_wconf 75' lang='grc' dir='ltr'>φημὶ,</span> <span class='ocrx_word' id='word_1_543' title='bbox 2382 3666 2500 3736; x_wconf 72' lang='grc' dir='ltr'>ἥτις</span> <span class='ocrx_word' id='word_1_544' title='bbox 2548 3670 2609 3726; x_wconf 82' lang='grc' dir='ltr'>ἐκ</span> <span class='ocrx_word' id='word_1_545' title='bbox 2655 3661 2748 3731; x_wconf 81' lang='grc' dir='ltr'>τοῦ</span> <span class='ocrx_word' id='word_1_546' title='bbox 2799 3671 3015 3748; x_wconf 77' lang='grc' dir='ltr'>κάμπου</span> <span class='ocrx_word' id='word_1_547' title='bbox 3071 3672 3510 3748; x_wconf 66' lang='grc' dir='ltr'>μετονομάζοται.</span> <span class='ocrx_word' id='word_1_548' title='bbox 3585 3661 3683 3726; x_wconf 55' lang='grc' dir='ltr'>Ὠσ</span> <span class='ocrx_word' id='word_1_549' title='bbox 3724 3672 3830 3751; x_wconf 79' lang='grc' dir='ltr'><strong>γὰρ</strong></span> <span class='ocrx_word' id='word_1_550' title='bbox 3931 3703 3940 3712; x_wconf 88' lang='lat'><strong><em>&#39;</em></strong></span> 
     </span>
    </p>
   </div>
   <div class='ocr_carea' id='block_1_82' title="bbox 2177 3758 3826 3840">
    <p class='ocr_par' dir='ltr' id='par_1_82' title="bbox 2177 3758 3826 3840">
     <span class='ocr_line' id='line_1_82' title="bbox 2177 3758 3826 3840; baseline 0.002 -28"><span class='ocrx_word' id='word_1_551' title='bbox 2177 3758 2204 3812; x_wconf 85' lang='grc' dir='ltr'>ὁ</span> <span class='ocrx_word' id='word_1_552' title='bbox 2251 3758 2462 3834; x_wconf 87' lang='grc' dir='ltr'>κάμπος</span> <span class='ocrx_word' id='word_1_553' title='bbox 2513 3760 2681 3840; x_wconf 77' lang='grc' dir='ltr'>(φασὶ)</span> <span class='ocrx_word' id='word_1_554' title='bbox 2754 3759 3098 3838; x_wconf 81' lang='grc' dir='ltr'>βουλομένοις</span> <span class='ocrx_word' id='word_1_555' title='bbox 3143 3762 3216 3826; x_wconf 83' lang='grc' dir='ltr'><strong>εἰς</strong></span> <span class='ocrx_word' id='word_1_556' title='bbox 3292 3758 3594 3840; x_wconf 80' lang='grc' dir='ltr'>ὁδοιποριαν</span> <span class='ocrx_word' id='word_1_557' title='bbox 3648 3759 3826 3836; x_wconf 78' lang='grc' dir='ltr'>ἀνεμ-</span> 
     </span>
    </p>
   </div>
   <div class='ocr_carea' id='block_1_83' title="bbox 2173 3844 3830 3931">
    <p class='ocr_par' dir='ltr' id='par_1_83' title="bbox 2173 3844 3830 3931">
     <span class='ocr_line' id='line_1_83' title="bbox 2173 3844 3830 3931; baseline 0.004 -29"><span class='ocrx_word' id='word_1_558' title='bbox 2173 3844 2421 3914; x_wconf 85' lang='grc' dir='ltr'>πόδιστος</span> <span class='ocrx_word' id='word_1_559' title='bbox 2475 3851 2770 3929; x_wconf 85' lang='grc' dir='ltr'>πρόκειται,</span> <span class='ocrx_word' id='word_1_560' title='bbox 2831 3849 2968 3908; x_wconf 71' lang='grc' dir='ltr'>οὕτω</span> <span class='ocrx_word' id='word_1_561' title='bbox 3010 3853 3098 3908; x_wconf 86' lang='grc' dir='ltr'>καὶ</span> <span class='ocrx_word' id='word_1_562' title='bbox 3139 3853 3240 3918; x_wconf 71' lang='grc' dir='ltr'>τῆς</span> <span class='ocrx_word' id='word_1_563' title='bbox 3281 3849 3662 3931; x_wconf 85' lang='grc' dir='ltr'>χαλκοστόμου</span> <span class='ocrx_word' id='word_1_564' title='bbox 3711 3851 3830 3908; x_wconf 86' lang='grc' dir='ltr'>κώ-</span> 
     </span>
    </p>
   </div>
   <div class='ocr_carea' id='block_1_84' title="bbox 2178 3933 3829 4020">
    <p class='ocr_par' dir='ltr' id='par_1_84' title="bbox 2178 3933 3829 4020">
     <span class='ocr_line' id='line_1_84' title="bbox 2178 3933 3829 4020; baseline 0.004 -28"><span class='ocrx_word' id='word_1_565' title='bbox 2178 3933 2340 4000; x_wconf 81' lang='grc' dir='ltr'>δωνος</span> <span class='ocrx_word' id='word_1_566' title='bbox 2397 3939 2434 4005; x_wconf 83' lang='grc' dir='ltr'>ἡ</span> <span class='ocrx_word' id='word_1_567' title='bbox 2488 3939 2754 4019; x_wconf 74' lang='grc' dir='ltr'>μετέωρος</span> <span class='ocrx_word' id='word_1_568' title='bbox 2808 3937 3055 3999; x_wconf 76' lang='grc' dir='ltr'>ὃιαλαλιὰ</span> <span class='ocrx_word' id='word_1_569' title='bbox 3119 3953 3240 4004; x_wconf 76' lang='grc' dir='ltr'>τοῖς</span> <span class='ocrx_word' id='word_1_570' title='bbox 3294 3946 3456 3997; x_wconf 81' lang='grc' dir='ltr'>πᾶσιν</span> <span class='ocrx_word' id='word_1_571' title='bbox 3515 3942 3829 4020; x_wconf 76' lang='grc' dir='ltr'>εὐπρόσιτος</span> 
     </span>
    </p>
   </div>
   <div class='ocr_carea' id='block_1_85' title="bbox 2175 4025 3823 4110">
    <p class='ocr_par' dir='ltr' id='par_1_85' title="bbox 2175 4025 3823 4110">
     <span class='ocr_line' id='line_1_85' title="bbox 2175 4025 3823 4110; baseline 0.002 -27"><span class='ocrx_word' id='word_1_572' title='bbox 2175 4025 2447 4096; x_wconf 76' lang='grc' dir='ltr'>ἢπλωται.</span> <span class='ocrx_word' id='word_1_573' title='bbox 2501 4027 2723 4086; x_wconf 81' lang='grc' dir='ltr'>Πολλῶν</span> <span class='ocrx_word' id='word_1_574' title='bbox 2782 4026 2836 4084; x_wconf 80' lang='grc' dir='ltr'><strong>δὲ</strong></span> <span class='ocrx_word' id='word_1_575' title='bbox 2893 4030 3271 4108; x_wconf 71' lang='grc' dir='ltr'>σημαντηρίων</span> <span class='ocrx_word' id='word_1_576' title='bbox 3326 4033 3421 4088; x_wconf 77' lang='grc' dir='ltr'>οὐκ</span> <span class='ocrx_word' id='word_1_577' title='bbox 3479 4029 3590 4086; x_wconf 81' lang='grc' dir='ltr'>ἔστι</span> <span class='ocrx_word' id='word_1_578' title='bbox 3662 4031 3823 4110; x_wconf 75' lang='grc' dir='ltr'>χρεία</span> 
     </span>
    </p>
   </div>
   <div class='ocr_carea' id='block_1_86' title="bbox 2174 4116 3823 4200">
    <p class='ocr_par' dir='ltr' id='par_1_86' title="bbox 2174 4116 3823 4200">
     <span class='ocr_line' id='line_1_86' title="bbox 2174 4116 3823 4200; baseline 0.001 -26"><span class='ocrx_word' id='word_1_579' title='bbox 2174 4117 2418 4183; x_wconf 71' lang='grc' dir='ltr'>Λατίνοις</span> <span class='ocrx_word' id='word_1_580' title='bbox 2499 4121 2586 4176; x_wconf 82' lang='grc' dir='ltr'><strong>καὶ</strong></span> <span class='ocrx_word' id='word_1_581' title='bbox 2669 4117 2922 4200; x_wconf 74' lang='grc' dir='ltr'>Ἰταλοῖς,</span> <span class='ocrx_word' id='word_1_582' title='bbox 2983 4117 3064 4175; x_wconf 80' lang='grc' dir='ltr'><strong>ὅτι</strong></span> <span class='ocrx_word' id='word_1_583' title='bbox 3156 4117 3293 4194; x_wconf 71' lang='grc' dir='ltr'>μηδὲ</span> <span class='ocrx_word' id='word_1_584' title='bbox 3373 4116 3823 4196; x_wconf 76' lang='grc' dir='ltr'>ψαλτῳδημάτων</span> 
     </span>
    </p>
   </div>
   <div class='ocr_carea' id='block_1_87' title="bbox 2170 4207 3828 4287">
    <p class='ocr_par' dir='ltr' id='par_1_87' title="bbox 2170 4207 3828 4287">
     <span class='ocr_line' id='line_1_87' title="bbox 2170 4207 3828 4287; baseline 0.002 -25"><span class='ocrx_word' id='word_1_585' title='bbox 2170 4207 2604 4287; x_wconf 75' lang='grc' dir='ltr'>ἁγιοπολιτικῶν,</span> <span class='ocrx_word' id='word_1_586' title='bbox 2701 4209 2838 4267; x_wconf 76' lang='grc' dir='ltr'>ἀλλὰ</span> <span class='ocrx_word' id='word_1_587' title='bbox 2916 4208 3087 4286; x_wconf 86' lang='grc' dir='ltr'>μόνης</span> <span class='ocrx_word' id='word_1_588' title='bbox 3198 4208 3298 4277; x_wconf 73' lang='grc' dir='ltr'><strong>τῆς</strong></span> <span class='ocrx_word' id='word_1_589' title='bbox 3381 4209 3625 4287; x_wconf 75' lang='grc' dir='ltr'>κιννύρας</span> <span class='ocrx_word' id='word_1_590' title='bbox 3727 4216 3828 4266; x_wconf 76' lang='grc' dir='ltr'>τοῦ</span> 
     </span>
    </p>
   </div>
   <div class='ocr_carea' id='block_1_88' title="bbox 2167 4298 2509 4377">
    <p class='ocr_par' dir='ltr' id='par_1_88' title="bbox 2167 4298 2509 4377">
     <span class='ocr_line' id='line_1_88' title="bbox 2167 4298 2509 4377; baseline 0 -14"><span class='ocrx_word' id='word_1_591' title='bbox 2167 4298 2509 4377; x_wconf 70' lang='grc' dir='ltr'>θωπάτορος.</span> 
     </span>
    </p>
   </div>
  </div>
