4120 6422
277 414 430 480 1225

1594 414 1898 480 GRIECO-
1905 413 2171 478 ROMAN
2177 414 2287 476 ΠΜ
2295 453 2315 472 .

3497 413 3651 498 1226

736 683 1660 814 ΜΑΤΘΑΙΟΥ
1822 681 2170 811 ΤΟΥ
2337 684 3208 816 ΜΟΝΑΧΟΥ

916 940 1528 1025 ΖΗΤΗΜΑΤΑ
1596 943 1783 1026 ΚΑΙ
1854 933 2494 1026 ΥΠΟΘΕΤΕΙΣ
2569 939 3027 1024 ΓΑΜΙΚΑΙ

1093 1297 1933 1430 MATTHZEI
2068 1299 2866 1446 MONACHI

549 1554 1372 1667 QU/ESTIONES
1517 1558 1673 1651 ET
1797 1556 2233 1653 CAUS/E

2366 1553 3382 1658 MATRIMONIALES

635 1941 659 1978 α
692 1924 814 2001 Περὶ
844 1929 950 1979 τῶν
979 1924 1196 2000 βαθμῶν
1221 1930 1313 1981 τοῦ
1340 1924 1535 2004 γάμου.
1577 1943 1607 1983 ι

368 2014 473 2070 Οὐκ
503 2012 564 2068 ἄν
592 2035 696 2089 τις,
732 2027 887 2090 οἶμαι
931 2021 1036 2071 τῶν
1078 2015 1133 2072 εὖ
1187 2018 1513 2096 φρονούντων
1568 2015 1764 2096 ἆωρίας
1797 2017 1935 2091 ἡμᾶς

289 2103 575 2181 γράψαιτο,
620 2103 754 2163 κατά
783 2125 844 2181 γε
895 2105 956 2160 τὸ
1008 2111 1094 2160 νῦν
1139 2103 1400 2170 δεξιόντας
1455 2106 1544 2162 καὶ
1585 2105 1650 2161 τὰ
1691 2110 1796 2160 τῶν
1839 2104 1935 2160 λε-

291 2191 528 2268 γομένων
557 2201 650 2252 τοῦ
695 2193 868 2271 γάμου
920 2193 1158 2274 βαθμῶν,
1215 2195 1303 2250 καὶ
1359 2199 1456 2261 τῆς
1513 2194 1684 2250 αὐτῶν
1741 2215 1937 2272 συγγε-

293 2279 429 2343 νείας
473 2281 572 2349 τήν
624 2301 680 2335 τε
744 2279 1006 2359 ἐγγύτητα
1047 2282 1135 2337 καὶ
1192 2280 1506 2362 ἀπόστασιν,
1551 2281 1666 2338 ὅθεν
1724 2279 1788 2348 δὴ
1831 2286 1937 2338 τῶν

291 2368 788 2446 συγκεχωρημένων
872 2371 920 2424 οἱ
987 2369 1086 2437 τὴν
1157 2368 1382 2425 κώλυσιν
1453 2368 1671 2450 ἔχοντες
1758 2375 1938 2448 σαφῶς

291 2453 637 2535 διακρίνονται
693 2458 780 2513 καὶ
822 2456 1161 2538 ἐλέγχονται.
1221 2459 1352 2523 Τοὺς
1409 2458 1506 2534 μὲν
1565 2458 1653 2515 οὖν
1710 2458 1937 2534 βαθμοὺς

290 2544 394 2605 ἀπὸ
451 2551 749 2625 μεταφορᾶς
793 2548 1026 2629 εἰρῆσθαί
1068 2547 1194 2629 φασί
1243 2569 1380 2612 τινες
1437 2553 1543 2604 τῶν
1585 2551 1685 2613 τῆς
1737 2545 1938 2622 κλίμα-

290 2655 382 2696 κος
414 2629 836 2709 ἀναϐαθμῶνὸΊ,
897 2627 988 2700 Ὧς
1040 2627 1140 2714 γᾶρ
1183 2635 1393 2693 ἐκείνων
1450 2637 1485 2703 ἡ
1534 2633 1717 2699 ἄνοδος
1759 2635 1848 2692 καὶ
1899 2637 1934 2704 ἡ

288 2720 506 2787 κάθοδος
560 2723 781 2802 γίνεται,
841 2723 978 2783 οὕτω
1026 2723 1111 2781 διὰ
1167 2727 1272 2782 τῶν
1315 2730 1414 2792 τῆς
1471 2725 1774 2805 συγγενείας
1833 2724 1936 2800 βα-

287 2812 436 2887 θμῶν
504 2811 561 2868 o’t’
628 2835 685 2869 τε
758 2814 991 2878 ἀνιόντες
1061 2814 1149 2872 καὶ
1217 2817 1265 2871 οἱ
1328 2813 1600 2878 κατιόντες
1670 2811 1940 2892 εὑρίσκον-

289 2925 399 2964 ται,
449 2904 508 2960 Οἱ
551 2899 605 2957 δὲ
635 2902 715 2976 μὴ
743 2903 908 2966 οὕτως
940 2901 1182 2982 ἔχοντες,
1224 2901 1284 2960 ἐκ
1311 2901 1537 2980 πλαγίου
1565 2901 1942 2980 γινώσκονται..

291 2990 598 3071 Προϐαίνειν
669 2991 847 3068 μέντοι
926 2992 1187 3070 πεφύκασι
1269 2992 1404 3048 κατὰ
1470 2991 1568 3059 τὴν
1637 2993 1742 3047 τῶν
1814 3011 1939 3069 γεν-

293 3083 499 3151 νήσεων
544 3079 708 3146 τάξιν,
787 3071 1048 3147 Ἐκάστην
1100 3081 1199 3158 γὰρ
1236 3078 1480 3158 γέννησιν
1511 3081 1709 3156 βαθμὸν
1740 3081 1940 3137 ἀποτε-

1957 1932 1998 1980 Α

2372 1920 2456 1979 De
2484 1915 2778 2000 gradibus
2805 1917 2873 1979 in
2899 1921 3320 1988 matrimonio.

2102 2008 2289 2071 Nemo
2338 2027 2446 2070 nos
2506 2005 2907 2084 accusaverit,
2956 2009 3204 2090 opinor,
3265 2010 3368 2090 qui
3424 2011 3666 2093 quidem

2020 2097 2230 2179 sapiat,
2266 2096 2449 2159 veluti
2479 2114 2608 2158 rem
2656 2095 2910 2158 alienam
2960 2105 3226 2177 agentes,
3278 2099 3329 2161 si
3377 2100 3488 2163 hoc
3534 2101 3666 2164 loco

2020 2187 2307 2267 graduum
2340 2185 2728 2260 matrimonii,
2762 2203 2910 2265 quos
2933 2195 3166 2268 vocant,
3197 2195 3258 2250 et
3301 2189 3667 2269 cognationis

2021 2273 2369 2338 eorumdem
2402 2282 2518 2335 tam
2541 2272 3247 2358 pr0pinquitatem,quam
3273 2277 3666 2340 remotionem

2024 2382 2438 2445 exponamus:
2491 2361 2648 2424 unde
2704 2362 2826 2438 ﬁet,
2879 2363 2963 2425 uti
3014 2364 3115 2445 qui
3167 2365 3386 2446 aliquid
3445 2365 3670 2431 habent

2019 2451 2459 2534 impedimenti,
2479 2470 2514 2512 a
2534 2450 2842 2532 permissis
2871 2451 3028 2514 clare
3058 2451 3319 2517 discerni
3351 2455 3670 2536 possint,et

2021 2539 2416 2621 deprehendi.
2452 2540 2768 2623 Enimvero
2797 2540 3017 2619 gradus
3043 2541 3224 2623 aliqui
3254 2542 3446 2606 dictos
3471 2545 3666 2625 perbi-

2021 2629 2165 2692 bent
2197 2648 2229 2692 a
2262 2629 2649 2691 translatione
2677 2629 2967 2708 graduum
2998 2631 3192 2694 scalae.
3218 2629 3446 2713 Quippe
3492 2631 3673 2695 sicuti

2021 2737 2129 2799 per
2156 2736 2259 2780 eos
2287 2717 2628 2780 ascenditur
2654 2735 2727 2779 ac
2757 2717 3160 2794 descenditur,
3195 2719 3277 2781 ita
3307 2737 3415 2800 per
3452 2719 3672 2799 gradus

2021 2806 2390 2886 cognationis
2431 2814 2546 2868 tam
2591 2807 2982 2870 ascendentes
3011 2827 3186 2890 quam
3235 2809 3672 2872 descendentes

2021 2897 2427 2963 inveniuntur.
2489 2895 2604 2969 Qui
2653 2915 2793 2961 vero
2840 2899 2927 2962 sic
2981 2900 3177 2962 affecti
3232 2919 3352 2963 non
3404 2907 3564 2978 sunt,
3600 2919 3674 2963 ex

2027 2998 2360 3054 transverso
2429 2998 2889 3068 cognoscuntur.
2949 2991 3241 3056 Caeterum
3317 2993 3536 3073 gradus
3591 2993 3675 3055 ita

2023 3080 2348 3162 comparati
2376 3088 2534 3156 sunt,
2569 3089 2635 3142 ut
2677 3081 3004 3143 secundum
3037 3081 3306 3144 ordinem
3337 3083 3676 3162 generatio—

290 3169 412 3226 λετν
466 3167 558 3225 ἕνα
614 3168 940 3243 νενόμισται.
989 3169 1196 3226 Τούτων
1253 3170 1300 3224 οἱ
1353 3168 1449 3243 μὲν
1495 3169 1566 3232 εἷς
1634 3166 1860 3243 πλάτος,
1895 3169 1942 3224 οἱ

2031 3187 2167 3231 num
2197 3169 2546 3250 procedant.
2582 3167 2812 3251 Quippe
2839 3179 3146 3250 receptum
3170 3179 3284 3250 est,
3305 3179 3369 3233 ut
3398 3171 3678 3253 quaelibet

291 3257 350 3314 δὲ
382 3259 456 3322 εἷς
484 3257 640 3334 βάθος
671 3256 1010 3316 ἐκτείνονται.
1060 3258 1159 3316 Καὶ
1188 3259 1236 3315 οἱ
1265 3256 1362 3333 μέν
1410 3267 1500 3317 τοῦ
1556 3255 1786 3322 πλάτους
1843 3257 1942 3325 τὴν

2031 3257 2326 3336 generatio
2358 3257 2606 3338 gradum
2635 3277 2819 3320 unum
2851 3258 3141 3323 absolvat.
3173 3259 3406 3324 Deinde
3433 3260 3676 3342 quidam

290 3348 462 3414 αὐτὴν
528 3348 658 3425 πρὸς
724 3337 989 3416 ἀλλήλους
1028 3345 1359 3418 ἆποσώζουσι
1414 3345 1578 3411 τάξιν,
1656 3347 1765 3402 Υἱοὶ
1848 3346 1946 3420 μὲν

2031 3347 2086 3408 in
2111 3337 2515 3420 latitudinem,
2550 3346 2791 3426 quidam
2823 3349 3102 3410 deorsum
3137 3337 3678 3422 extendunturQui

288 3435 396 3514 γὰρ
477 3433 648 3509 ὄντες,
740 3437 831 3491 τὸν
917 3441 1126 3516 πρῶτον
1198 3436 1428 3498 ἅπαντες
1498 3433 1756 3515 πληροῦσι
1840 3435 1944 3511 βα-

2031 3433 2088 3496 in
2120 3433 2518 3510 latitudinem,
2554 3436 2833 3497 eumdem
2867 3437 3024 3499 inter
3067 3455 3132 3499 se
3175 3437 3373 3500 locum
3417 3445 3672 3501 servant.

287 3523 428 3600 θμόν
467 3543 483 3560 ο
524 3521 736 3602 ἀδελφοὶ
760 3520 839 3597 δὲ,
870 3525 1001 3602 πρὸς
1032 3522 1298 3593 ἀλλήλους
1328 3526 1420 3580 τὸν
1461 3520 1720 3603 δεύτερον,
1751 3527 1857 3580 τῶν
1885 3522 1949 3574 88

2031 3524 2172 3585 Nam
2204 3525 2304 3603 qui
2338 3522 2512 3584 liberi
2543 3531 2701 3596 sunt,
2735 3525 2996 3606 primum
3027 3544 3237 3588 omnes
3285 3526 3532 3606 gradum
3555 3526 3678 3587 im-

289 3613 543 3672 ἐπέκεινα
595 3612 693 3669 ὦσι
748 3617 854 3668 τῶν
909 3609 1058 3674 δέκα,
1135 3613 1280 3668 Διὸτι
1337 3613 1458 3677 τοὺς
1526 3618 1769 3690 γαμικῶς
1817 3633 1944 3668 συν-

287 3703 626 3780 απτομὲνους
667 3703 728 3760 ἐκ
755 3713 846 3763 τοῦ
873 3702 1129 3783 αἵματος,
1181 3703 1385 3782 ἀνάγκη
1442 3704 1519 3780 μὴ
1544 3702 1770 3780 ,πλείους
1803 3703 1946 3760 εἶναι

290 3802 408 3852 τῶν
462 3791 574 3852 δύο.
648 3793 824 3868 Ταύτῃ
901 3813 982 3849 τοι
1057 3793 1146 3849 καὶ
1227 3790 1408 3850 τούσδε
1467 3793 1655 3869 μόνους
1715 3793 1774 3849 ἐκ
1842 3799 1948 3849 τῶν

287 3881 536 3963 ἀδελφῶν
581 3885 916 3962 Θεωροῦντες,
971 3879 1206 3960 δεῦτέρου
1262 3881 1434 3962 φαμὲν
1519 3882 1693 3963 εῖναιΔ
1719 3883 1945 3959 βαθμοῦ,

289 3960 449 4030 κατᾶ
466 3971 564 4039 τὴν
607 3960 800 4039 διπλῆν
842 3972 1014 4029 αὐτῶν
1041 3970 1255 4031 πάντων
1277 3960 1348 4020 ⁷89
1375 3969 1644 4049 γέννησιν.
1680 3960 1948 4034 Ὠσαύτως

287 4065 339 4119 οἱ
390 4059 596 4135 ἀνεψιοὶ
636 4060 728 4117 τὸν
788 4059 958 4138 τρίτον
1011 4058 1289 4138 ἐπέχουσι,
1341 4059 1427 4115 καὶ
1457 4061 1503 4115 οἱ
1531 4055 1952 4138 πρωτεξάδελφοι

282 4152 390 4207 τὸν
459 4147 727 4227 τέταρτον,
815 4149 903 4204 καὶ
957 4149 1048 4204 τὸν
1108 4145 1262 4204 ἕκτον
1317 4150 1363 4203 οἱ
1419 4143 1798 4228 δισεξάδελφοι,
1866 4147 1954 4203 καὶ

286 4236 488 4320 ἐφεξῆς
549 4235 848 4314 ἀναλόγως.
905 4237 965 4294 Οἱ
1017 4233 1073 4292 δὲ
1129 4237 1265 4292 κατὰ
1293 4235 1477 4312 βάθος,
1523 4238 1582 4294 οὐ
1627 4236 1820 4302 πάντες
1860 4237 1952 4292 τὸν

285 4328 456 4386 αὐτὸν
499 4326 698 4402 βαθμὸν
741 4322 982 4405 ἔχουσιν,
1039 4323 1158 4381 ἀλλ’
1201 4327 1249 4380 οἱ
1301 4325 1398 4400 μὲν
1444 4325 1544 4381 υἱοὶ
1597 4325 1688 4381 τὸν
1718 4330 1952 4402 πρῶτον,

2030 3611 2195 3692 plent
2225 3631 2239 3672 :
2276 3611 2378 3692 qui
2411 3612 2915 3692 fratres,secundo
2935 3613 3096 3676 inter
3114 3632 3179 3676 se
3202 3613 3387 3694 gradu
3411 3615 3679 3695 jungun-

2030 3707 2148 3776 tur,
2178 3699 2319 3761 licet
2349 3699 2552 3780 plures
2585 3719 2835 3764 numero
2860 3703 3003 3785 sint,
3035 3721 3214 3785 quam
3243 3701 3680 3785 decem.Quip-

2029 3807 2103 3869 pe
2132 3789 2231 3870 qui
2264 3787 2627 3850 matrimonii
2691 3790 2822 3872 lege
2878 3793 3038 3854 inter
3085 3810 3151 3854 se
3202 3791 3559 3873 copulantur
3606 3809 3681 3856 ex

2031 3877 2244 3940 eodem
2299 3877 2626 3958 sanguine,
2688 3881 3028 3942 necessario
3094 3880 3294 3962 plures
3361 3899 3482 3942 non
3542 3888 3682 3944 sunt

2033 3984 2209 4046 quam
2231 3965 2370 4026 duo.
2405 3965 2531 4038 Qua
2561 3967 2742 4031 etiam
2772 3969 2848 4032 de
2877 3987 3057 4034 causa
3105 3971 3213 4031 bos
3242 3968 3402 4031 solos
3451 3987 3524 4030 ex
3554 3969 3678 4032 fra—

2035 4053 2228 4118 tribus
2259 4055 2986 4134 cons‘iderantes,secundi
3012 4057 3232 4138 gradus
3252 4075 3384 4120 esse
3400 4057 3678 4138 dicimus,

2034 4142 2279 4204 omnino
2307 4143 2542 4207 ratione
2569 4144 2821 4226 duplicis
2849 4165 3055 4208 eorum
3085 4145 3683 4226 generationis.Con-
3713 4173 3718 4178 ο

2035 4229 2315 4292 similiter
2353 4229 2598 4294 fratrum
2658 4251 3006 4299 sororumve
3048 4235 3226 4298 liberi
3266 4235 3514 4315 gradum
3547 4253 3688 4316 erga

2037 4327 2276 4400 patruos
2304 4333 2360 4382 et
2394 4322 2718 4385 avunculos
2741 4324 2981 4386 tertium
3009 4323 3306 4405 obtinent,
3342 4323 3688 4386 consobrini

288 4421 340 4476 οἱ
375 4415 584 4494 ἔγγονοι
627 4415 719 4470 τὸν
775 4413 1035 4493 δεύτερον,
1081 4415 1168 4470 καὶ
1225 4416 1272 4470 οἱ
1301 4411 1600 4491 ιδισεὶγγονοι,
1635 4414 1725 4470 τὸν
1754 4413 1949 4491 τρίτον,

2038 4415 2311 4489 quartum
2343 4407 2502 4470 inter
2529 4428 2616 4487 se,
2649 4411 2878 4475 sobrini
2906 4421 3158 4489 sextum,
3193 4413 3400 4476 eadem
3433 4415 3494 4474 in
3517 4420 3690 4475 caete-

287 4507 386 4565 καὶ
417 4502 606 4583 ἐφεξῆς
663 4503 882 4579 ὁμοίως.
931 4504 1074 4583 Παρὸ
1131 4503 1218 4559 καὶ
1271 4507 1330 4562 οὒ
1372 4503 1508 4559 κατὰ
1556 4503 1650 4566 τὰς
1693 4501 1948 4580 γενέσεις,

2037 4497 2122 4559 ris
2136 4497 2366 4559 ratione
2392 4497 2725 4565 observata.
2758 4500 2869 4574 Qui
2898 4520 2964 4563 se
3007 4502 3322 4583 porrigunt
3377 4501 3684 4582 deorsum,

289 4596 374 4662 ὣς
405 4614 469 4673 γε
497 4589 639 4660 ἔδοξε
667 4605 784 4656 τοϊς
826 4591 1216 4672 ἀρχαιοτέροις,
1264 4591 1402 4649 ἀλλὰ
1437 4593 1574 4648 κατὰ
1625 4591 1725 4659 τὴν
1755 4592 1952 4648 οἰκειό-

287 4705 466 4763 τητα,
523 4683 612 4738 καὶ
664 4681 765 4748 τὴν
813 4687 907 4739 τοῦ
963 4680 1145 4760 γένους
1199 4679 1487 4760 ἐγγύτητα,
1541 4681 1629 4737 καὶ
1683 4702 1782 4744 την
1811 4679 1954 4737 ἀπό-

289 4795 484 4832 στασιν
545 4770 689 4834 αὖθις
743 4771 874 4850 πρὸς
916 4771 1015 4837 τὴν
1074 4769 1290 4850 πρώτην
1351 4777 1445 4826 τοῦ
1499 4768 1682 4849 γένους
1753 4767 1951 4849 ἀρχὴν,

286 4861 522 4922 κάλλιον
551 4861 672 4922 τοὺς
699 4859 930 4936 βαθμοὺς
961 4859 1330 4935 ὀνομάζεσθαι.
1381 4857 1586 4924 Μεταξὺ
1632 4859 1732 4938 γὰρ
1759 4858 1955 4936 πατρὸς

289 4953 390 5011 καὶ
417 4953 528 5008 υἱοῦ
578 4949 740 5028 μικρά
780 4970 862 5012 τις
904 4944 1197 5012 διάστασις.
1243 4948 1468 5005 Πάππου
1523 4944 1581 5003 δὲ
1621 4947 1710 5004 καὶ
1738 4945 1958 5025 ἐγγόνου

2036 4605 2156 4648 non
2185 4603 2396 4648 omnes
2426 4589 2705 4651 eumdem
2728 4591 2974 4669 gradum
3021 4589 3264 4667 habent;
3297 4589 3402 4651 sed
3434 4589 3540 4650 filii
3559 4589 3688 4669 pri-

2037 4691 2224 4754 mum;
2258 4683 2536 4755 nepotes,
2569 4678 2848 4760 alterum;
2880 4685 3262 4761 pronepotes,
3299 4676 3689 4759 tertiumgcaa-

2036 4762 2862 4850 teri,consimiliter.ldeoque
2880 4788 3000 4830 non
3017 4767 3346 4831 secundum
3362 4770 3692 4846 generatio-

2038 4869 2168 4930 nes,
2199 4851 2285 4914 uti
2313 4853 2494 4932 pricis
2525 4855 2766 4940 placuit,
2797 4858 2899 4920 sed
2943 4857 3270 4920 secundum
3304 4855 3692 4918 necessitudi-

2039 4957 2212 5016 nem;
2233 4949 2294 5004 et
2331 4944 2569 5020 generis
2600 4947 3121 5028 propinquitatem,
3150 4945 3242 5007 vel
3269 4945 3445 5007 etiam
3480 4962 3684 5006 remo-

289 5042 518 5120 μείζων.
549 5037 868 5116 Δισεγγόνου
895 5033 952 5092 δὲ
981 5037 1110 5112 πρὸς
1143 5038 1235 5093 τὸν
1266 5037 1421 5093 αὐτὸν
1451 5035 1528 5092 ἔτι
1559 5036 1778 5112 μείζων.
1807 5031 1954 5090 Οὕτω

2040 5029 2262 5120 tionem
2288 5049 2321 5091 a
2339 5031 2530 5110 primo
2553 5035 2790 5112 generis
2807 5034 3350 5117 principio,gradus
3361 5033 3544 5095 hosce
3567 5052 3684 5096 nu-

292 5128 547 5210 σχέσεως
577 5126 762 5207 ἔχουσι
788 5127 875 5182 καὶ
917 5128 964 5182 οἱ
993 5125 1054 5181 ἐκ
1095 5123 1345 5203 πλαγίου.

2041 5117 2263 5180 merari
2285 5122 2693 5200 prastat.Nam
2711 5124 2869 5186 inter
2881 5134 3106 5206 patrem
3121 5132 3176 5186 et
3191 5121 3685 5203 ﬁlium,exiguum

293 5207 609 5302 quoddam
639 5212 1016 5277 intervallum
1041 5219 1158 5302 est.
1189 5212 1382 5293 Majus
1409 5212 1570 5302 inter
1615 5229 1786 5274 avum
1835 5219 1897 5274 et
1943 5214 2250 5292 nepotem.
2305 5207 2467 5273 Inter
2494 5231 2664 5275 avum
2699 5221 2759 5276 et
2789 5223 3208 5295 pronepotem,
3243 5212 3439 5274 adhuc
3469 5213 3683 5291 majus.

292 5301 532 5372 Eadem
561 5304 625 5367 in
655 5303 774 5366 illis
802 5303 980 5366 etiam
1012 5301 1244 5368 obtinet
1270 5302 1444 5378 ratio,
1471 5301 1574 5384 qui
1603 5307 1745 5364 sunt
1774 5317 1844 5362 ex
1874 5308 2237 5363 transverso.

1636 5428 1886 5495 νΑΒυΕ
1927 5428 2364 5496 LECTIONES.

384 5543 452 5594 87
483 5541 823 5619 ἀναϐασμῶν.
906 5539 972 5591 88
1015 5539 1135 5603 κᾶν.
1221 5542 1286 5594 89
1312 5543 1546 5605 πάντως.

383 5634 414 5676 ιι
443 5622 488 5684 ι.
525 5623 620 5704 10,
653 5615 697 5702 ς’
715 5619 962 5686 Gradus
990 5629 1220 5686 autem.
1251 5622 1323 5685 D.
1359 5621 1434 5684 de
1461 5615 1756 5701 gradibus
1779 5624 1834 5681 et
1861 5617 2030 5698 a/ﬁn.

592 5805 856 5872 PATROL.
891 5803 1004 5867 Gn.
1036 5806 1245 5874 CXIX.
