4120 6434
455 444 612 511 1227
1831 444 1962 510 JUS
2003 446 2082 507 CA

2201 439 2449 509 'NICUM
3668 431 3828 499 1228

926 579 1167 644 Divisio
1199 581 1594 661 cognationis.
2111 587 2155 635 Α
2548 606 2553 629 .

2111 587 2155 635 Δ
2548 603 2574 634 ιι
2627 579 2884 655 Διαίρεσις
2913 581 3011 643 τῆς
3055 574 3378 653 συγγενείας.
3430 593 3451 626 ι

525 675 669 737 Cum
701 681 902 734 autem
935 672 1213 752 generale
1251 691 1471 734 nomen
1495 671 1570 734 sit
1591 674 1860 752 cognatio
1902 670 2094 752 prima

2257 678 2502 734 Γεννικὸν
2532 673 2586 730 δὲ
2645 673 2810 748 ὄνομα
2871 671 3000 727 οὖσα
3042 672 3076 738 ἡ
3125 667 3424 746 σνγγένεια,
3458 666 3530 729 εἷς
3563 662 3651 720 δύο
3692 662 3831 718 κατά

450 759 742 822 divisione
760 761 822 822 in
849 751 965 822 duo
987 761 1282 822 scinditur
1305 783 1317 819 :
1344 761 1405 822 in
1441 751 1849 841 cognationem
1870 751 2077 821 natura

2202 766 2396 846 πρώτην
2441 762 2685 843 διαίρεσιν
2741 760 3014 834 τέμνεται,
3084 757 3166 821 ε⁹ίς
3226 777 3283 811 τε
3315 756 3377 810 τὸ
3435 754 3583 832 φύσει
3640 751 3829 808 καὶτὸ

445 856 504 911 et
537 848 1230 927 arrogationem.Natura
1267 857 1551 929 cognatus
1589 857 1680 912 est
1719 857 1906 928 pater,
1931 847 2070 909 verb

2194 841 2339 916 ἱέσει.
2392 854 2489 911 Καὶ
2542 841 2690 931 φύσει
2739 849 2836 924 μὲν
2894 847 3151 925 συγγενής
3208 844 3318 900 ἐστι
3361 842 3566 931 πατὴρ,
3635 841 3821 931 τυχδν,

442 937 1197 1018 causa,ﬁlius,mater,ﬁlia,
1224 928 1430 1018 frater,
1456 936 1872 1013 consobrinus,
1894 935 2069 998 sobrii

2195 945 2311 1023 ιὶὸς,
2357 928 2566 1020 μήτηρ,
2632 938 2864 1017 Θυγάτηρ
2919 934 3164 1016 ἀδελφὸς,
3224 933 3466 1023 ἀνεψιὸς,
3528 928 3822 1023 ἐξανεψιὸς,

443 1025 817 1103 nus,sobrini
832 1026 1201 1108 ﬁlius,atque
1222 1026 1323 1089 alii
1341 1025 1913 1104 tales.Arrogatione
1933 1043 2068 1088 vero

2197 1057 2204 1088 ι
2249 1019 2309 1089 Eii
2349 1041 2441 1090 τοῦ
2486 1019 2704 1104 ἀνεψιοῦ
2757 1026 3048 1104 γεννηθεὶς,
3091 1025 3178 1078 καὶ
3233 1019 3332 1076 ὅσα
3388 1027 3626 1080 τοιαῦτα.
3673 1020 3824 1076 Θέσει

447 1133 851 1195 socer,gener,
869 1115 1046 1177 frater
1083 1107 1376 1195 conjugis.
1404 1115 1559 1176 ﬁlius
1580 1113 1909 1195 adoptivus.
1934 1115 2074 1175 Rur-

2194 1121 2254 1196 ῖὲ,
2314 1120 2587 1198 πενθερὸς,
2661 1113 2922 1194 γαμϐρὸς,
2982 1107 3416 1198 γυναικάδελφος,
3473 1109 3622 1198 θετὸς
3689 1109 3821 1198 υἱός.

446 1221 578 1266 sum
610 1194 878 1285 cegnatio
899 1194 1485 1269 naturalis’bifariam
1509 1194 2072 1278 dividitur,videlice

2198 1194 2248 1268 Γδ
2305 1194 2552 1288 φύσει-δὲ
2600 1204 2760 1262 πάλιν
2817 1199 3196 1281 ὑποδιαιρετται
3248 1199 3320 1262 εἷς
3377 1194 3486 1252 δύο.
3547 1195 3645 1259 Εῗς
3674 1215 3732 1250 τε
3762 1196 3825 1249 τὸ

445 1291 509 1353 in
531 1283 874 1374 procreatos
895 1311 964 1356 ex
989 1293 1214 1375 nuptiis
1238 1292 1538 1371 legitimis,
1563 1300 1622 1354 et
1655 1291 1827 1369 vulgo
1877 1290 2072 1372 quaesit

2198 1283 2330 1354 mar
2379 1297 2551 1374 γάμου
2619 1293 2868 1369 νομίμου,
2926 1293 3012 1348 καὶ
3066 1290 3128 1344 τὸ
3169 1286 3231 1344 ἐκ
3271 1285 3531 1375 πορνείας,
3577 1283 3825 1375 γεγονός.

442 1372 556 1444 tos.
581 1381 891 1461 Arrogatio
916 1372 1156 1462 quoque
1183 1380 1517 1444 subdivitur
1546 1381 1605 1443 in
1645 1381 1993 1443 afﬁnitatem
2039 1399 2069 1441 e

2200 1389 2250 1446 Γὸ
2279 1386 2332 1442 δὲ
2376 1372 2514 1442 θέσει
2562 1381 2942 1461 ὒποδιαιρεϊται
2987 1380 3075 1435 καὶ
3117 1376 3244 1432 αὐτὸ
3288 1372 3369 1440 εἴς
3400 1395 3457 1430 τε
3515 1373 3827 1452 ἀγχιστείαν

443 1467 852 1550 adoptionem.
885 1469 1156 1532 Afﬁnitas
1183 1478 1272 1531 est
1293 1470 1698 1544 necessitudo,
1732 1487 1863 1549 quae
1883 1486 2070 1549 prove

2203 1478 2265 1534 Lai
2319 1475 2484 1536 θέσιν,
2572 1474 2669 1530 Καὶ
2748 1470 2889 1526 ἔστιν
2947 1466 3230 1548 ἀγχιστεία
3289 1464 3408 1540 μὲν,
3471 1462 3522 1528 ἐξ
3585 1463 3830 1540 ἐπιγαμ-

442 1557 532 1647 nit
564 1576 635 1647 ex
665 1557 1089 1620 matrimoniali
1118 1558 1519 1638 copulatione.
1556 1557 2064 1639 Adoptio,alicuju

2204 1565 2325 1647 ἶρίας
2383 1562 2656 1642 συγγένεια
2690 1577 2724 1647 '_
2750 1559 2890 1647 θέσις
2928 1555 3008 1633 δὲ,
3155 1554 3324 1647 χωρὶς
3360 1553 3656 1647 ,σαρδιιοιῆς
3697 1573 3831 1647 συν-

442 1646 507 1709 in
529 1646 716 1708 ﬁlium
747 1647 1063 1729 coaptatio,
1089 1647 1236 1708 citra
1260 1666 1368 1708 con
1369 1648 1742 1728 junctionem
1766 1649 2062 1708 carnalem

2202 1639 2363 1736 ιιρείας
2407 1639 2655 1710 υἱοθεσία.
2712 1641 2773 1706 Ἡ
2829 1646 3010 1723 μέντοι
3066 1641 3428 1723 ἀδελφοποιία,
3474 1642 3534 1697 οὗ
3599 1639 3829 1716 νόμιμόν

440 1733 804 1797 Fraternitas
830 1725 1058 1798 autem
1085 1735 1239 1797 facta
1293 1725 1403 1817 per
1455 1735 1829 1816 adoptionem
1866 1733 2062 1813 legibu

2205 1725 2340 1806 στιν,
2403 1725 2646 1804 νΑπαιδες
2705 1740 2801 1815 μὲν
2873 1737 2972 1815 γὰρ
3048 1733 3220 1812 ὄντες,
3307 1731 3657 1811 ἐσοφισάμεθα
3725 1729 3831 1817 τὴν

439 1822 990 1912 repugnat.Quippe
1008 1824 1214 1886 liberis
1233 1815 1911 1905 destituti,adoptionem
1935 1841 2066 1885 com

2200 1834 2463 1904 ήοθεσίαν,
2549 1831 2622 1892 εἷς
2703 1825 2960 1904 διαδοχὴν
3041 1826 3146 1878 τῶν
3202 1820 3551 1897 πραγμάτων.
3605 1819 3713 1884 Τὴν
3769 1815 3827 1912 δὲ

443 1911 631 2004 r_nenti
673 1930 898 1987 sumus,
934 1913 1226 1974 bonorum
1273 1911 1863 1976 transmittendorum
1895 1929 2070 1974 causa

2202 1922 2558 2004 ιδελφοποιίαν
2587 1914 2798 1991 οὔδεμία
2829 1914 3026 2004 εἰσάγει
3051 1909 3584 2004 εὔλογος-,πρόφασιςς
3724 1906 3829 2004 μὲν

437 1996 894 2062 Fraternitatem
926 2019 1064 2062 vero
1117 2019 1222 2082 per
1266 2001 1648 2084 adoptionem
1691 2001 1902 2063 factam
1939 2001 2064 2081 (67)

2204 2016 2270 2074 ιῦν
2301 1992 2364 2070 τὸ
2393 2007 2610 2086 εὔλογον
2640 2004 2860 2084 ἔχοντα,
2893 2001 2980 2057 καὶ
3009 2003 3036 2056 ὁ
3065 1999 3224 2075 νόμος
3257 1994 3485 2062 ἐδέξατο.
3515 1995 3590 2053 Τὰ
3633 1992 3688 2050 δὲ
3749 1995 3831 2070 μὴ

443 2087 605 2149 nulla
632 2088 782 2150 ratio
813 2087 1139 2170 probabilis
1174 2089 1527 2153 introducit.
1565 2089 1696 2152 Jam
1728 2089 1779 2150 si
1819 2107 1950 2170 qua:
1996 2107 2070 2150 ra

1244 2089 1527 2153 troducit.
1565 2089 1696 2152 Jam
1728 2089 1779 2150 si
1819 2107 1950 2170 qua:
1996 2107 2100 2150 ra—
2178 2112 2396 2164 τοιαῦτα
2433 2103 2493 2158 οὗ
2534 2093 2871 2174 παρεδέξατο.

437 2176 662 2242 tionem
699 2176 1069 2259 probabilem
1099 2179 1342 2260 habent,
1376 2196 1447 2242 ea
1477 2178 1572 2241 lex
1604 2179 1780 2241 etiam
1800 2177 2086 2240 admittit:

441 2283 572 2346 quae
609 2265 748 2328 talia
789 2285 906 2328 non
936 2275 1096 2348 sunt,
1128 2267 1347 2348 rejicit.

520 2352 781 2416 Rursum
814 2373 921 2436 per
945 2355 1440 2433 subdivisionem,
1461 2356 1714 2418 afﬁnitas
1743 2357 1832 2417 vel
1859 2373 1927 2418 ex
1949 2354 2092 2416 duo-

2255 2368 2419 2428 Πάλιν
2478 2363 2593 2421 καθ’
2651 2357 3002 2438 ὑποδιαίρεσιν
3073 2354 3140 2410 τὰ
3195 2351 3247 2418 ἐξ
3315 2351 3628 2432 ἀγχιστείας
3683 2350 3718 2419 ἢ
3772 2352 3833 2408 ἐκ

438 2441 552 2534 bus
580 2442 902 2522 generibus
932 2445 1224 2534 consistit,
1257 2446 1342 2507 uti
1371 2464 1504 2534 cum
1524 2453 1786 2534 patruus
1812 2452 1872 2505 et
1892 2443 2065 2534 fratri;

2202 2457 2261 2514 ύο
2331 2459 2498 2534 γενῶν
2551 2448 2850 2507 συνίσταται
2885 2462 2898 2476 ⁸
2959 2446 3031 2507 ὡς
3071 2446 3214 2503 θεῖος
3271 2441 3360 2497 καὶ
3415 2440 3629 2516 ἀνεψιὸς
3700 2461 3829 2496 συν-

440 2531 622 2613 ﬁlius,
653 2550 785 2594 cum
837 2531 1020 2595 amita
1070 2535 1318 2615 ejusque
1372 2533 1572 2595 fratris
1619 2534 1915 2596 sororisve
1971 2532 2067 2593 ﬁli:

2197 2529 2418 2629 ιφθέντες
2490 2542 2602 2613 θείᾳ
2659 2540 2746 2596 καὶ
2817 2536 3069 2629 ἀνεψιᾷ-⁶
3148 2533 3183 2601 ἢ
3231 2529 3342 2629 ,δύο
3399 2529 3824 2629 πρωτοξάδελιροι

437 2620 716 2715 copulati
748 2629 926 2715 sunt;
977 2621 1068 2683 vel
1119 2621 1464 2715 consobrini
1511 2623 1652 2715 dun,
1682 2641 1814 2715 cum
1861 2621 2058 2715 duabn

2199 2620 2283 2694 υσὶ
2313 2629 2788 2715 πρωτεξαδέλφαις.
2820 2629 2920 2685 Καὶ
2949 2624 3194 2682 καλεῖται
3225 2621 3531 2715 ἀγχιστείαΖ
3583 2627 3626 2678 Η
3655 2643 3826 2699 παρα-

442 2708 856 2786 consobrinis;
890 2728 1020 2790 quae
1052 2710 1294 2791 proprie
1323 2709 1542 2773 dicitur
1561 2710 1810 2774 afﬁnitas
1833 2732 1846 2770 :
1871 2710 1962 2772 vel
1979 2709 2069 2771 ali:

2196 2708 2426 2791 ἷέϐληται
2455 2722 2543 2779 καὶ
2571 2708 2748 2798 ἕτερον
2795 2717 3076 2786 πρόσωπον
3135 2709 3327 2788 μεταξὺ
3371 2716 3478 2766 τῶν
3507 2708 3596 2766 δύο
3625 2711 3823 2766 τούτων

442 2815 680 2878 quoque
701 2815 955 2893 persona
969 2799 1202 2893 duobus
1221 2799 1384 2863 hisce
1407 2799 1725 2893 generibus
1747 2799 2068 2860 intervenit

2198 2820 2361 2893 νενῶν,
2395 2813 2482 2868 καὶ
2521 2797 2765 2866 καλεῖται
2815 2803 2866 2870 ἐξ
2915 2801 3224 2883 ἀγχιστείας
3267 2799 3550 2893 τριγένεια,
3616 2801 3724 2893 Elui
3770 2797 3825 2854 δὲ

441 2893 501 2948 et
521 2893 764 2947 vocatur
794 2886 920 2948 haec
951 2886 1128 2948 trium
1159 2907 1447 2967 generum
1479 2906 1586 2969 per
1613 2887 1954 2949 alﬁnitatem
1987 2907 2068 2949 co-

2196 2886 2453 2962 taﬁta'xal
2481 2897 2691 2956 κωλυτὰ
2720 2897 2808 2952 καὶ
2850 2891 3118 2964 ἀκώλυτα,
3171 2892 3242 2956 ὡς
3288 2888 3341 2946 ἐν
3394 2901 3510 2951 τοῖς
3544 2887 3823 2963 ἑπομένοις

445 2973 678 3070 palatio
727 2974 800 3036 Et
829 2984 965 3070 sunt
984 2976 1119 3070 _baac
1146 2977 1364 3070 partim
1382 2977 1704 3070 prohibita,
1735 2975 1944 3058 partim
1973 2995 2093 3038 non
2175 2989 2536 3070 δειχθήσεται,

443 3063 765 3144 prohibita,
799 3067 954 3126 sicut
981 3064 1044 3126 in
1071 3065 1461 3146 sequentibus
1491 3065 1864 3130 ostendetur.
2257 3059 2294 3071 ’”

525 3150 780 3232 Adoptio
809 3152 902 3215 vel
932 3155 996 3215 ﬁt
1026 3171 1133 3235 per
1161 3155 1602 3234 cooptationem
1631 3153 1693 3215 in
1716 3153 1924 3230 ﬁlium,
1949 3172 2088 3216 suc-
2109 3182 2149 3232 ρ

2256 3158 2319 3225 Ἠ
2374 3165 2429 3222 δὲ
2478 3164 2618 3228 θέσις
2675 3162 2713 3232 ἢ
2783 3162 2919 3219 κατᾶ
2985 3158 3239 3217 υἱοθεσίαι
3295 3157 3494 3235 γίνεται
3565 3153 3822 3234 διαδοχῆς

446 3239 736 3303 cessionis
777 3259 982 3319 causa;
1026 3243 1119 3304 vel
1149 3261 1256 3323 per
1285 3242 1725 3324 susceptionem
1758 3261 1825 3305 ex
1859 3242 2073 3323 baptis-

2196 3257 2354 3337 βάριν,
2412 3255 2448 3323 ἢ
2498 3254 2635 3310 κατὰ
2676 3249 2946 3331 ἀναδοχὴν
2993 3249 3098 3338 ,τὴν
3152 3247 3258 3338 ἀπο
3310 3252 3401 3302 τοῦ
3439 3245 3823 3338 Διὲιγίου--βαστιῖτίτ

445 3336 605 3424 mate
656 3347 849 3404 sacro,
913 3331 1380 3393 conﬁrmationis
1441 3341 1498 3394 et
1553 3331 1858 3411 doctrinae,
1914 3341 2072 3412 atque

2193 3331 2395 3424 ἠιάτός,
2455 3347 2751 3421 στηριγμοῦ
2821 3341 2908 3395 καὶ
2987 3333 3342 3424 διδασκαλίας,
3438 3333 3514 3424 ἔτι
3591 3331 3656 3424 δὲΔ
3732 3333 3820 3424 καὶ

445 3416 978 3513 etiam__testimonii
1006 3439 1205 3513 caiisa.
1233 3419 1350 3484 Sed
1374 3421 1610 3513 adoptio
1635 3439 1698 3482 se
1725 3419 2000 3513 porrigit
2014 3420 2072 3482 ac

2196 3416 2450 3513 ίαρτυρίας
2507 3416 2683 3490 ἕνεκα.
2757 3425 2906 3486 Ἀλλ’
2965 3428 3100 3502 ἡμῖν
3127 3423 3192 3474 90
3257 3423 3529 3513 υἱοθεσία,
3579 3421 3666 3513 καὶ
3749 3421 3823 3513 είς

442 3507 851 3600 haereditatem
881 3509 1236 3600 adeundam.
1273 3513 1445 3573 Hunc
1476 3512 1633 3573 enim
1667 3511 1739 3572 ad
1773 3510 1951 3571 ﬁnem
1975 3509 2069 3600 fac

2196 3507 2522 3600 ιληρονομίαν
2581 3517 2898 3598 εἰσέρχεται.
2962 3516 3057 3572 Διὰ
3113 3520 3269 3570 τοῦτο
3325 3513 3413 3568 καὶ
3477 3511 3578 3590 γὰρ
3629 3509 3823 3588 ἐγεγό-

447 3602 506 3684 ta
525 3603 634 3658 est.
669 3595 750 3658 Ex
781 3597 1131 3678 baptismate
1155 3600 1474 3681 susceptio,
1510 3600 1788 3662 duntaxat
1809 3600 1870 3659 in
1895 3599 2074 3677 gradi-

2196 3595 2370 3671 πειξἮ
2407 3595 2468 3664 δὲ
2521 3608 2629 3664 ἀπὸ
2681 3595 2772 3665 τοῢ
2814 3605 2960 3684 ἁγίον
3023 3602 3404 3680 βαστίσματος,
3449 3601 3522 3663 είς
3551 3600 3672 3662 τοὺς
3715 3619 3823 3676 γα-

445 3683 557 3746 bus
605 3685 1118 3749 matrimoniorum
1175 3697 1501 3769 spectatur.
1550 3690 1627 3752 Et
1677 3688 1805 3748 haec
1848 3688 2072 3768 quiden

2196 3699 2360 3762 ιικοὺς
2392 3697 2584 3773 μόνους
2612 3683 2872 3767 ζητεῖται
2895 3693 3151 3770 βαθμούς.
3188 3692 3284 3751 Καὶ
3310 3689 3442 3756 αὕτη
3473 3687 3568 3764 μὲν
3601 3689 3635 3756 ἡ
3665 3690 3823 3743 καθο-

447 3775 786 3866 generalior
815 3776 1182 3854 cognationis
1207 3787 1296 3839 est
1324 3777 1558 3842 divisio.
1590 3777 1884 3858 Deinceps
1909 3777 2074 3840 etiam

2201 3786 2431 3866 .ixwtépa
2473 3789 2571 3852 τῆς
2606 3783 2908 3863 συγγένειας
2940 3779 3212 3861 διαίρεσις.
3260 3777 3482 3860 Ἐφεξῆς
3513 3775 3569 3833 δὲ
3597 3776 3828 3854 καὶπερὶ

447 3861 523 3924 de
553 3864 1007 3944 particularibus
1032 3866 1322 3928 dicemus.

1272 3884 1322 3928 So
2169 3881 2277 3934 τῶν
2303 3861 2440 3932 κατὰ
2471 3873 2626 3953 μέρος
2658 3861 2897 3952 ἐροῦμεν,

727 3958 818 4020 De
844 3959 1278 4022 necessitudine
1299 3977 1407 4040 per
1431 3959 1816 4040 sanguinem.
1851 3963 1860 3972 '

2456 3985 2486 4018 α
2518 3964 2641 4042 Περὶ
2682 3965 2778 4031 τῆς
2808 3961 2860 4027 ἐξ
2889 3960 3121 4036 αἳματος
3145 3957 3472 4038 τυγγενείας,
3513 3978 3535 4012 ι

529 4049 840 4112 Gentilitas
869 4052 992 4112 sive
1008 4051 1488 4133 consanguinitas
1505 4051 1788 4114 dividitur
1804 4052 1866 4113 in
1886 4069 2092 4114 ascen-

2256 4062 2548 4130 Διαιρετται
2619 4051 2788 4108 τοίνυν
2856 4051 2918 4106 τὸ
2989 4048 3242 4126 ὁμογενὲς
3297 4048 3385 4104 καὶ
3449 4043 3681 4133 αἳματος
3737 4043 3823 4106 εἴς

445 4136 657 4200 dentes
687 4147 745 4200 et
781 4131 1328 4216 descendentes,“
1355 4158 1482 4222 eos,
1516 4141 1618 4222 qui
1646 4149 1781 4202 sunt
1801 4159 1870 4202 ex
1890 4148 2072 4202 trans-

2195 4161 2230 4197 τε
2272 4140 2537 4216 ἀνιόντας,
2597 4141 2686 4196 καὶ
2735 4139 3040 4218 κατιόντας,
3113 4138 3201 4194 καὶ
3270 4136 3392 4200 τοὺς
3447 4133 3508 4190 ἐκ
3570 4131 3822 4211 πλαγίου.

448 4242 642 4290 verso.
667 4228 1074 4290 Ascendentes
1096 4237 1254 4310 sunt,
1286 4229 1385 4310 qui
1408 4247 1516 4290 nos
1537 4238 1891 4307 genuerunt,
1924 4229 2075 4290 verbi

2198 4231 2271 4288 ἰαὶ
2325 4229 2558 4294 ἀνιόντες
2615 4229 2714 4304 μὲν
2771 4229 2896 4285 εἰσὶν
2937 4230 2983 4284 οἱ
3039 4229 3183 4303 ἡμᾶς
3241 4223 3640 4304 γεγεννηκότες.
3692 4225 3825 4279 Οἶον

439 4314 646 4392 gratia,
679 4325 844 4395 pater
864 4324 925 4378 et
947 4325 1306 4394 mater,avus
1336 4335 1395 4379 ei
1423 4318 1575 4394 avia,
1609 4327 1667 4380 et
1695 4317 1795 4398 qui
1827 4327 1963 4379 sunt
1994 4318 2066 4379 hi:

2199 4318 2344 4398 πατὴρ
2371 4319 2458 4375 καὶ
2500 4318 2706 4398 μήτηρ,
2751 4317 2968 4382 πάππος
2998 4317 3084 4372 καὶ
3117 4315 3341 4391 μάμμη,
3400 4314 3490 4370 καὶ
3536 4315 3582 4369 οἱ
3624 4310 3826 4367 τούτων

439 4403 806 4483 superiores.
839 4403 1308 4486 Descendentes,
1331 4405 1432 4486 qui
1453 4424 1524 4469 ex
1554 4406 1727 4468 nobis
1775 4416 1912 4468 sunt
1942 4425 2066 4488 pro-

2200 4407 2433 4487 νωτέρω.
2492 4408 2774 4472 Κατιόντες
2847 4404 2926 4481 δὲ,
2999 4408 3047 4461 οἱ
3103 4404 3154 4470 EE
3206 4406 3386 4480 ἡμῶν,
3460 4399 3826 4480 γεννηθέντες,

438 4492 647 4568 creati,
681 4493 842 4555 verbi
863 4493 1070 4573 gratia,
1104 4495 1285 4570 ﬁlius,
1315 4495 1461 4575 ﬁlia,
1489 4495 1927 4576 nepos,neptis,
1951 4513 2065 4576 pro

2200 4499 2282 4553 ἴον
2336 4498 2469 4570 υἱὸς,
2541 4496 2792 4576 θυγάτηρ,
2867 4494 3108 4575 ἔγγονος,
3197 4492 3419 4572 ἑγγόνη,
3492 4488 3823 4568 δισέγγονος,

437 4598 649 4661 nepos,
697 4582 1024 4663 proneptis,
1061 4591 1121 4644 et
1151 4583 1253 4664 qui
1309 4589 1416 4645 bos
1467 4583 1679 4648 ordine
1727 4593 2059 4664 sequuntur

2200 4586 2470 4663 ισεγγόνη,
2525 4587 2613 4641 καὶ
2671 4587 2716 4640 οἱ
2775 4585 2972 4641 τούτων
3030 4583 3243 4662 ἐφεξῆς.
3303 4581 3399 4639 Ἐκ
3454 4578 3682 4657 πλαγίου
3739 4577 3827 4652 δὲ,

438 4670 522 4730 Ex
540 4682 877 4734 transverso
898 4673 1167 4753 sunt,qui
1191 4690 1384 4753 neque
1406 4691 1515 4735 nos
1529 4681 2065 4754 genuerunt,nequt

2197 4675 2211 4728 ἱ
2269 4675 2408 4748 μήτε
2439 4676 2583 4750 ἡμᾶς
2639 4673 3042 4754 γεγεννηκότες,
3098 4673 3236 4748 μήτε
3307 4669 3360 4736 ἐξ
3418 4671 3573 4745 ἡμῶν
3622 4689 3824 4746 γεννη-

435 4759 730 4837 procreati
761 4768 899 4822 sunt
925 4779 1002 4823 ex
1025 4761 1196 4823 nobis
1222 4779 1236 4822 :
1263 4763 1368 4823 sed
1397 4763 1469 4823 ad
1497 4762 1768 4824 eamdem
1789 4761 2062 4840 originen

2196 4762 2362 4842 έντες,
2405 4764 2508 4819 ὑπὸ
2558 4760 2612 4818 δὲ
2663 4763 2763 4829 τὴν
2821 4762 2984 4829 αὒτὴν
3028 4763 3116 4818 καὶ
3175 4760 3300 4835 μίαν
3330 4758 3507 4839 ἀρχὴν
3537 4757 3625 4812 καὶ
3655 4755 3823 4833 γονὴν

433 4863 502 4908 ac
535 4852 880 4928 progeniem
909 4849 1218 4912 nobiscum
1260 4849 1619 4930 referuntur,
1672 4850 1836 4912 verbi
1866 4850 2057 4929 gratia

2194 4864 2301 4928 ,μϊν
2355 4851 2696 4930 ἀναγόμενοι,
2755 4855 2873 4908 οἷον
2917 4848 3163 4930 ἀδελφὸς,
3212 4847 3410 4927 ἀλεφὴ,
3452 4851 3621 4925 θεῖος,
3681 4845 3821 4919 θεία,

429 4934 634 5012 frater,
668 4956 860 5016 soror,
896 4946 1162 5018 patruus,
1190 4938 1390 5012 amita,
1427 4939 1622 5000 fratris
1665 4939 1821 5000 ﬁlius
1851 4948 1909 5000 et
1939 4939 2056 5000 ﬁlia

2197 4943 2410 5019 ινεψιὸς,
2464 4943 2677 5018 ἀνεψιὰ,
2733 4940 3006 5022 ἐξάδελφος
3048 4939 3328 5020 έξαδέλφη,
3375 4939 3463 4996 καὶ
3521 4940 3568 4994 οἱ
3621 4937 3824 4993 τούτων

429 5025 846 5103 consobrinus,
881 5026 1260 5102 consobrina,
1308 5035 1366 5087 et
1417 5028 1518 5108 qui
1573 5031 1683 5090 bos
1735 5027 1950 5092 ordine
1980 5047 2056 5090 set

1916 5045 1950 5092 ο
1980 5047 2080 5090 se-
2165 5029 2432 5110 ἐπέκεινα,
2465 5035 2513 5088 οἱ
2555 5031 2661 5088 ἀπὸ
2693 5029 2977 5098 λοξότητος
3001 5027 3206 5097 δηλαδὴ
3235 5041 3540 5108 συγγενεῖς.

429 5122 709 5196 quuntur,
745 5115 1028 5179 nimirum
1061 5135 1132 5178 ex
1163 5115 1404 5196 obliquo
1435 5120 1696 5196 cognati.

547 5203 636 5265 De
656 5204 1121 5267 ascendentibus
1153 5212 1211 5268 et
1244 5205 1743 5269 descendentibus
1773 5206 1924 5287 (68).

2475 5231 2500 5265 σ
2551 5209 2674 5287 Περὶ
2703 5208 2958 5266 ἀνιόντων
2988 5209 3075 5264 καὶ
3105 5207 3425 5268 κατιόντων.
3477 5228 3501 5260 ι

507 5294 827 5362 Enimvero
857 5296 1249 5360 ascendentes
1295 5315 1330 5361 a
1369 5298 1903 5380 descendentibus,
1946 5301 2086 5366 licet

2249 5307 2400 5366 Ἀλλ’
2447 5313 2493 5367 οἱ
2551 5311 2650 5387 μὲν
2692 5310 2926 5376 ἀνιόντες
2983 5311 3115 5388 πρὸς
3172 5309 3295 5372 τοὺς
3354 5305 3654 5379 κατιόντας,
3733 5300 3835 5360 κᾶν

1751 5469 2013 5536 VARUE
2044 5472 2484 5542 LECTIONES.

504 5604 570 5657 90
597 5607 633 5673 ἡ
664 5603 781 5681 μέν.

1988 5714 2238 5789 NOTAE.

659 5818 1284 5912 PeAffatgmintateper
1309 5817 1690 5912 adoptionem
1717 5823 1894 5903 facta,
1927 5825 2068 5891 vide
2100 5833 2338 5900 Basilic.
2368 5832 2472 5898 lib.
2496 5845 2678 5912 xxxv,
2703 5829 2788 5892 tit.
2819 5831 2914 5894 15.
2943 5839 3002 5893 et
3026 5829 3067 5893 l.
3102 5829 3156 5893 7.
3180 5828 3244 5892 C.
3274 5827 3363 5892 De
3381 5825 3600 5889 hatred.
3627 5824 3832 5888 instit.

510 5898 638 5976 (68)
665 5899 708 5960 l.
749 5905 850 5963 23.
884 5901 956 5962 Β.
993 5901 1081 5973 De
1109 5898 1215 5962 rit.
1250 5910 1428 5982 nupt.
