  <div class='ocr_page' id='page_1' title='image "/cluster/home/n/w/nwhite01/storage/ocr_20150623/119:no.2/coo.31924054870237/626.png"; bbox 0 0 4120 6424; ppageno 0'>
   <div class='ocr_carea' id='block_1_1' title="bbox 235 413 390 481">
    <p class='ocr_par' dir='ltr' id='par_1_1' title="bbox 235 413 390 481">
     <span class='ocr_line' id='line_1_1' title="bbox 235 413 390 481; baseline 0.006 -1"><span class='ocrx_word' id='word_1_1' title='bbox 235 417 257 480; x_wconf 85' lang='grc'><strong>1</strong></span> <span class='ocrx_word' id='word_1_2' title='bbox 269 413 390 481; x_wconf 77' lang='grc'><strong>229</strong></span> 
     </span>
    </p>
   </div>
   <div class='ocr_carea' id='block_1_2' title="bbox 1553 416 2268 484">
    <p class='ocr_par' dir='ltr' id='par_1_2' title="bbox 1553 416 2268 484">
     <span class='ocr_line' id='line_1_2' title="bbox 1553 416 2268 484; baseline -0.008 0"><span class='ocrx_word' id='word_1_3' title='bbox 1553 416 2268 484; x_wconf 66' lang='lat' dir='ltr'><strong>GRECO-ROMANUM.</strong></span> 
     </span>
    </p>
   </div>
   <div class='ocr_carea' id='block_1_3' title="bbox 3446 421 3622 490">
    <p class='ocr_par' dir='ltr' id='par_1_3' title="bbox 3446 421 3622 490">
     <span class='ocr_line' id='line_1_3' title="bbox 3446 421 3622 490; baseline -0.034 0"><span class='ocrx_word' id='word_1_4' title='bbox 3446 421 3622 490; x_wconf 64' lang='grc'><strong>1230⁷</strong></span> 
     </span>
    </p>
   </div>
   <div class='ocr_carea' id='block_1_4' title="bbox 228 546 1855 635">
    <p class='ocr_par' dir='ltr' id='par_1_4' title="bbox 228 550 1848 632">
     <span class='ocr_line' id='line_1_4' title="bbox 228 550 1848 632; baseline -0.001 -22"><span class='ocrx_word' id='word_1_5' title='bbox 228 554 306 632; x_wconf 80' lang='grc' dir='ltr'>μὴ</span> <span class='ocrx_word' id='word_1_6' title='bbox 346 552 399 619; x_wconf 74' lang='grc' dir='ltr'><strong>ἒξ</strong></span> <span class='ocrx_word' id='word_1_7' title='bbox 457 552 689 630; x_wconf 79' lang='grc' dir='ltr'><strong>ἐννόμων</strong></span> <span class='ocrx_word' id='word_1_8' title='bbox 732 553 830 608; x_wconf 82' lang='grc' dir='ltr'>ὦσι</span> <span class='ocrx_word' id='word_1_9' title='bbox 876 553 1083 632; x_wconf 87' lang='grc' dir='ltr'>γάμων,</span> <span class='ocrx_word' id='word_1_10' title='bbox 1147 550 1231 610; x_wconf 80' lang='grc' dir='ltr'><strong>ἐπ’</strong></span> <span class='ocrx_word' id='word_1_11' title='bbox 1289 553 1501 632; x_wconf 75' lang='grc' dir='ltr'>ἄπειρον</span> <span class='ocrx_word' id='word_1_12' title='bbox 1558 551 1848 610; x_wconf 80' lang='grc' dir='ltr'>κωλύονται</span> 
     </span>
    </p>
   </div>
   <div class='ocr_carea' id='block_1_5' title="bbox 1943 546 3599 635">
    <p class='ocr_par' dir='ltr' id='par_1_5' title="bbox 1959 546 3599 635">
     <span class='ocr_line' id='line_1_5' title="bbox 1959 546 3599 635; baseline 0.005 -21"><span class='ocrx_word' id='word_1_13' title='bbox 1959 566 2031 614; x_wconf 80' lang='lat' dir='ltr'><strong>ex</strong></span> <span class='ocrx_word' id='word_1_14' title='bbox 2063 548 2338 630; x_wconf 73' lang='lat' dir='ltr'><strong>legitimis</strong></span> <span class='ocrx_word' id='word_1_15' title='bbox 2369 569 2486 614; x_wconf 93' lang='lat' dir='ltr'><strong>non</strong></span> <span class='ocrx_word' id='word_1_16' title='bbox 2519 552 2641 615; x_wconf 89' lang='lat' dir='ltr'><strong>nati</strong></span> <span class='ocrx_word' id='word_1_17' title='bbox 2670 552 2789 615; x_wconf 91' lang='lat' dir='ltr'><strong>sint</strong></span> <span class='ocrx_word' id='word_1_18' title='bbox 2816 552 3140 635; x_wconf 91' lang='lat' dir='ltr'><strong>nuptiis,in</strong></span> <span class='ocrx_word' id='word_1_19' title='bbox 3171 546 3468 621; x_wconf 89' lang='lat' dir='ltr'><strong>inﬁnitum</strong></span> <span class='ocrx_word' id='word_1_20' title='bbox 3496 577 3599 622; x_wconf 86' lang='lat' dir='ltr'><strong>ar-</strong></span> 
     </span>
    </p>
   </div>
   <div class='ocr_carea' id='block_1_6' title="bbox 224 642 1866 722">
    <p class='ocr_par' dir='ltr' id='par_1_6' title="bbox 224 642 1866 722">
     <span class='ocr_line' id='line_1_6' title="bbox 224 642 1866 722; baseline -0.004 -20"><span class='ocrx_word' id='word_1_21' title='bbox 224 649 295 702; x_wconf 72' lang='grc' dir='ltr'>Οὐ</span> <span class='ocrx_word' id='word_1_22' title='bbox 320 645 418 722; x_wconf 80' lang='grc' dir='ltr'><strong>γὰρ</strong></span> <span class='ocrx_word' id='word_1_23' title='bbox 448 643 564 700; x_wconf 80' lang='grc' dir='ltr'>οἶόν</span> <span class='ocrx_word' id='word_1_24' title='bbox 621 664 678 698; x_wconf 89' lang='grc' dir='ltr'><strong>τε</strong></span> <span class='ocrx_word' id='word_1_25' title='bbox 721 643 812 722; x_wconf 53' lang='grc' dir='ltr'><strong>τῂν</strong></span> <span class='ocrx_word' id='word_1_26' title='bbox 867 643 1084 700; x_wconf 88' lang='grc' dir='ltr'>πάππον</span> <span class='ocrx_word' id='word_1_27' title='bbox 1128 649 1196 720; x_wconf 78' lang='grc' dir='ltr'><strong>τῇ</strong></span> <span class='ocrx_word' id='word_1_28' title='bbox 1251 642 1410 702; x_wconf 72' lang='grc' dir='ltr'>αὑτοῦ</span> <span class='ocrx_word' id='word_1_29' title='bbox 1463 642 1657 720; x_wconf 79' lang='grc' dir='ltr'>ἐγγόνῃ</span> <span class='ocrx_word' id='word_1_30' title='bbox 1700 664 1866 718; x_wconf 89' lang='grc' dir='ltr'>γαμι-</span> 
     </span>
    </p>
   </div>
   <div class='ocr_carea' id='block_1_7' title="bbox 219 710 1868 813">
    <p class='ocr_par' dir='ltr' id='par_1_7' title="bbox 219 710 1868 813">
     <span class='ocr_line' id='line_1_7' title="bbox 219 710 1868 813; baseline -0.001 -25"><span class='ocrx_word' id='word_1_31' title='bbox 219 710 712 812; x_wconf 38' lang='grc' dir='ltr'>κῶςιέυναφθῆναι,</span> <span class='ocrx_word' id='word_1_32' title='bbox 759 710 1002 810; x_wconf 55' lang='grc' dir='ltr'>Ἄπειρον</span> <span class='ocrx_word' id='word_1_33' title='bbox 1061 731 1115 788; x_wconf 74' lang='grc' dir='ltr'>δέ</span> <span class='ocrx_word' id='word_1_34' title='bbox 1168 754 1366 813; x_wconf 79' lang='grc' dir='ltr'>φαμεν,</span> <span class='ocrx_word' id='word_1_35' title='bbox 1413 733 1551 788; x_wconf 82' lang='grc' dir='ltr'>κατὰ</span> <span class='ocrx_word' id='word_1_36' title='bbox 1605 732 1666 786; x_wconf 80' lang='grc' dir='ltr'>τὸ</span> <span class='ocrx_word' id='word_1_37' title='bbox 1709 727 1868 787; x_wconf 86' lang='grc' dir='ltr'>δυνα-</span> 
     </span>
    </p>
   </div>
   <div class='ocr_carea' id='block_1_8' title="bbox 215 818 1735 899">
    <p class='ocr_par' dir='ltr' id='par_1_8' title="bbox 215 818 1735 899">
     <span class='ocr_line' id='line_1_8' title="bbox 215 818 1735 899; baseline 0.001 -24"><span class='ocrx_word' id='word_1_38' title='bbox 215 823 326 896; x_wconf 77' lang='grc' dir='ltr'>τὸν,</span> <span class='ocrx_word' id='word_1_39' title='bbox 362 820 420 876; x_wconf 70' lang='grc' dir='ltr'>οὔ</span> <span class='ocrx_word' id='word_1_40' title='bbox 447 822 508 876; x_wconf 86' lang='grc' dir='ltr'><strong>τὸ</strong></span> <span class='ocrx_word' id='word_1_41' title='bbox 543 820 690 899; x_wconf 76' lang='grc' dir='ltr'>φύσει</span> <span class='ocrx_word' id='word_1_42' title='bbox 719 818 954 898; x_wconf 71' lang='grc' dir='ltr'>ἄπειρον.</span> <span class='ocrx_word' id='word_1_43' title='bbox 1003 825 1074 879; x_wconf 77' lang='grc' dir='ltr'><strong>Οὐ</strong></span> <span class='ocrx_word' id='word_1_44' title='bbox 1102 822 1200 898; x_wconf 85' lang='grc' dir='ltr'><strong>γὰρ</strong></span> <span class='ocrx_word' id='word_1_45' title='bbox 1229 821 1458 876; x_wconf 86' lang='grc' dir='ltr'>ἀθάνατα</span> <span class='ocrx_word' id='word_1_46' title='bbox 1487 821 1552 876; x_wconf 76' lang='grc' dir='ltr'><strong>τὰ</strong></span> <span class='ocrx_word' id='word_1_47' title='bbox 1582 819 1735 897; x_wconf 80' lang='grc' dir='ltr'>γένη.</span> 
     </span>
    </p>
   </div>
   <div class='ocr_carea' id='block_1_9' title="bbox 517 987 1561 1077">
    <p class='ocr_par' dir='ltr' id='par_1_9' title="bbox 517 987 1561 1077">
     <span class='ocr_line' id='line_1_9' title="bbox 517 987 1561 1077; baseline 0 -24"><span class='ocrx_word' id='word_1_48' title='bbox 517 1018 539 1053; x_wconf 84' lang='lat' dir='ltr'><strong>tl</strong></span> <span class='ocrx_word' id='word_1_49' title='bbox 578 999 700 1077; x_wconf 85' lang='grc' dir='ltr'>Περὶ</span> <span class='ocrx_word' id='word_1_50' title='bbox 742 1006 833 1055; x_wconf 85' lang='grc' dir='ltr'>τοῦ</span> <span class='ocrx_word' id='word_1_51' title='bbox 860 996 911 1064; x_wconf 83' lang='grc' dir='ltr'>ἐξ</span> <span class='ocrx_word' id='word_1_52' title='bbox 942 997 1168 1074; x_wconf 70' lang='grc' dir='ltr'>αἵματος</span> <span class='ocrx_word' id='word_1_53' title='bbox 1197 999 1398 1075; x_wconf 81' lang='grc' dir='ltr'>βαθμοῦ</span> <span class='ocrx_word' id='word_1_54' title='bbox 1426 987 1497 1069; x_wconf 69' lang='grc' dir='ltr'><strong>ζ’.</strong></span> <span class='ocrx_word' id='word_1_55' title='bbox 1539 1019 1561 1053; x_wconf 74' lang='lat' dir='ltr'><strong>e</strong></span> 
     </span>
    </p>
   </div>
   <div class='ocr_carea' id='block_1_10' title="bbox 299 1085 1862 1166">
    <p class='ocr_par' dir='ltr' id='par_1_10' title="bbox 299 1085 1862 1166">
     <span class='ocr_line' id='line_1_10' title="bbox 299 1085 1862 1166; baseline -0.004 -20"><span class='ocrx_word' id='word_1_56' title='bbox 299 1089 407 1156; x_wconf 73' lang='grc' dir='ltr'><strong>Τὴν</strong></span> <span class='ocrx_word' id='word_1_57' title='bbox 451 1086 505 1144; x_wconf 79' lang='grc' dir='ltr'>δὲ</span> <span class='ocrx_word' id='word_1_58' title='bbox 532 1086 586 1137; x_wconf 76' lang='grc'>9¹</span> <span class='ocrx_word' id='word_1_59' title='bbox 643 1087 704 1144; x_wconf 82' lang='grc' dir='ltr'><strong>ἐκ</strong></span> <span class='ocrx_word' id='word_1_60' title='bbox 744 1085 968 1166; x_wconf 75' lang='grc' dir='ltr'>πλαγίου</span> <span class='ocrx_word' id='word_1_61' title='bbox 1012 1089 1040 1142; x_wconf 84' lang='grc' dir='ltr'>ὁ</span> <span class='ocrx_word' id='word_1_62' title='bbox 1095 1085 1272 1166; x_wconf 71' lang='grc' dir='ltr'>ὄγδοος</span> <span class='ocrx_word' id='word_1_63' title='bbox 1329 1086 1503 1166; x_wconf 78' lang='grc' dir='ltr'><strong>ἐφίησι</strong></span> <span class='ocrx_word' id='word_1_64' title='bbox 1557 1086 1649 1141; x_wconf 80' lang='grc' dir='ltr'>τὸν</span> <span class='ocrx_word' id='word_1_65' title='bbox 1691 1085 1862 1164; x_wconf 82' lang='grc' dir='ltr'>γάμον</span> 
     </span>
    </p>
   </div>
   <div class='ocr_carea' id='block_1_11' title="bbox 215 1172 1860 1256">
    <p class='ocr_par' dir='ltr' id='par_1_11' title="bbox 215 1172 1860 1256">
     <span class='ocr_line' id='line_1_11' title="bbox 215 1172 1860 1256; baseline -0.002 -22"><span class='ocrx_word' id='word_1_66' title='bbox 215 1180 440 1256; x_wconf 87' lang='grc' dir='ltr'>βαθμὸς,</span> <span class='ocrx_word' id='word_1_67' title='bbox 510 1183 602 1234; x_wconf 79' lang='grc' dir='ltr'>τοῦ</span> <span class='ocrx_word' id='word_1_68' title='bbox 684 1173 908 1251; x_wconf 79' lang='grc' dir='ltr'>ἑϐδόμου</span> <span class='ocrx_word' id='word_1_69' title='bbox 961 1181 1145 1233; x_wconf 79' lang='grc' dir='ltr'>τοῦτον</span> <span class='ocrx_word' id='word_1_70' title='bbox 1200 1175 1531 1236; x_wconf 88' lang='grc' dir='ltr'>παντάπασιν</span> <span class='ocrx_word' id='word_1_71' title='bbox 1564 1172 1860 1253; x_wconf 74' lang='grc' dir='ltr'>εἴργοντος.</span> 
     </span>
    </p>
   </div>
   <div class='ocr_carea' id='block_1_12' title="bbox 217 1261 1862 1345">
    <p class='ocr_par' dir='ltr' id='par_1_12' title="bbox 217 1261 1862 1345">
     <span class='ocr_line' id='line_1_12' title="bbox 217 1261 1862 1345; baseline -0.004 -21"><span class='ocrx_word' id='word_1_72' title='bbox 217 1269 289 1324; x_wconf 76' lang='grc' dir='ltr'>Οὐ</span> <span class='ocrx_word' id='word_1_73' title='bbox 343 1267 442 1345; x_wconf 80' lang='grc' dir='ltr'><strong>γὰρ</strong></span> <span class='ocrx_word' id='word_1_74' title='bbox 483 1264 691 1322; x_wconf 88' lang='grc' dir='ltr'>δύναταί</span> <span class='ocrx_word' id='word_1_75' title='bbox 745 1287 824 1327; x_wconf 84' lang='grc' dir='ltr'><strong>τις</strong></span> <span class='ocrx_word' id='word_1_76' title='bbox 881 1263 980 1331; x_wconf 80' lang='grc' dir='ltr'><strong>τὴν</strong></span> <span class='ocrx_word' id='word_1_77' title='bbox 1042 1273 1136 1323; x_wconf 83' lang='grc' dir='ltr'>τοῦ</span> <span class='ocrx_word' id='word_1_78' title='bbox 1204 1261 1566 1344; x_wconf 77' lang='grc' dir='ltr'>δισεξαδέλφου</span> <span class='ocrx_word' id='word_1_79' title='bbox 1607 1261 1862 1341; x_wconf 75' lang='grc' dir='ltr'><strong>θυγατέρα</strong></span> 
     </span>
    </p>
   </div>
   <div class='ocr_carea' id='block_1_13' title="bbox 212 1349 1862 1433">
    <p class='ocr_par' dir='ltr' id='par_1_13' title="bbox 212 1349 1862 1433">
     <span class='ocr_line' id='line_1_13' title="bbox 212 1349 1862 1433; baseline -0.002 -22"><span class='ocrx_word' id='word_1_80' title='bbox 212 1353 400 1412; x_wconf 84' lang='grc' dir='ltr'>λαϐεῖν</span> <span class='ocrx_word' id='word_1_81' title='bbox 433 1371 446 1384; x_wconf 90' lang='grc'><strong>·</strong></span> <span class='ocrx_word' id='word_1_82' title='bbox 523 1353 660 1411; x_wconf 87' lang='grc' dir='ltr'><strong>ἀλλά</strong></span> <span class='ocrx_word' id='word_1_83' title='bbox 705 1355 956 1433; x_wconf 89' lang='grc' dir='ltr'>πρότερον</span> <span class='ocrx_word' id='word_1_84' title='bbox 1003 1352 1100 1428; x_wconf 80' lang='grc' dir='ltr'>μὲν</span> <span class='ocrx_word' id='word_1_85' title='bbox 1130 1353 1189 1409; x_wconf 84' lang='grc' dir='ltr'>τὸ</span> <span class='ocrx_word' id='word_1_86' title='bbox 1219 1360 1312 1410; x_wconf 79' lang='grc' dir='ltr'>τοῦ</span> <span class='ocrx_word' id='word_1_87' title='bbox 1381 1349 1603 1428; x_wconf 75' lang='grc' dir='ltr'>ἑϐδόμου</span> <span class='ocrx_word' id='word_1_88' title='bbox 1661 1352 1862 1427; x_wconf 81' lang='grc' dir='ltr'>βαθμοῦ</span> 
     </span>
    </p>
   </div>
   <div class='ocr_carea' id='block_1_14' title="bbox 213 1437 1860 1520">
    <p class='ocr_par' dir='ltr' id='par_1_14' title="bbox 213 1437 1860 1520">
     <span class='ocr_line' id='line_1_14' title="bbox 213 1437 1860 1520; baseline -0.003 -21"><span class='ocrx_word' id='word_1_89' title='bbox 213 1443 266 1510; x_wconf 81' lang='grc' dir='ltr'><strong>ἐξ</strong></span> <span class='ocrx_word' id='word_1_90' title='bbox 308 1444 538 1519; x_wconf 75' lang='grc' dir='ltr'>α’ἶματος</span> <span class='ocrx_word' id='word_1_91' title='bbox 604 1442 894 1520; x_wconf 80' lang='grc' dir='ltr'>ἑρωτώμην</span> <span class='ocrx_word' id='word_1_92' title='bbox 944 1442 1040 1518; x_wconf 82' lang='grc' dir='ltr'>μὲν</span> <span class='ocrx_word' id='word_1_93' title='bbox 1070 1439 1132 1491; x_wconf 62' lang='lat'><strong>92</strong></span> <span class='ocrx_word' id='word_1_94' title='bbox 1172 1440 1454 1520; x_wconf 82' lang='grc' dir='ltr'>ἐκωλύετο,</span> <span class='ocrx_word' id='word_1_95' title='bbox 1513 1437 1860 1510; x_wconf 80' lang='grc' dir='ltr'>ὁπωσδήποτε</span> 
     </span>
    </p>
   </div>
   <div class='ocr_carea' id='block_1_15' title="bbox 213 1526 1860 1613">
    <p class='ocr_par' dir='ltr' id='par_1_15' title="bbox 213 1526 1860 1613">
     <span class='ocr_line' id='line_1_15' title="bbox 213 1526 1860 1613; baseline -0.004 -24"><span class='ocrx_word' id='word_1_96' title='bbox 213 1532 268 1589; x_wconf 79' lang='grc' dir='ltr'>δὲ</span> <span class='ocrx_word' id='word_1_97' title='bbox 323 1530 612 1613; x_wconf 75' lang='grc' dir='ltr'>προϐαῖνον</span> <span class='ocrx_word' id='word_1_98' title='bbox 655 1532 748 1588; x_wconf 73' lang='grc' dir='ltr'>οὒκ</span> <span class='ocrx_word' id='word_1_99' title='bbox 801 1529 1060 1589; x_wconf 78' lang='grc' dir='ltr'>ἐκωλύετο</span> <span class='ocrx_word' id='word_1_100' title='bbox 1104 1531 1224 1607; x_wconf 80' lang='grc' dir='ltr'>μὲν,</span> <span class='ocrx_word' id='word_1_101' title='bbox 1271 1530 1558 1606; x_wconf 85' lang='grc' dir='ltr'>ἐπετιμᾶτο</span> <span class='ocrx_word' id='word_1_102' title='bbox 1578 1526 1655 1604; x_wconf 79' lang='grc' dir='ltr'>δὲ,</span> <span class='ocrx_word' id='word_1_103' title='bbox 1689 1526 1773 1584; x_wconf 81' lang='grc' dir='ltr'><strong>διὰ</strong></span> <span class='ocrx_word' id='word_1_104' title='bbox 1798 1529 1860 1584; x_wconf 85' lang='grc' dir='ltr'>τὸ</span> 
     </span>
    </p>
   </div>
   <div class='ocr_carea' id='block_1_16' title="bbox 211 1616 1858 1701">
    <p class='ocr_par' dir='ltr' id='par_1_16' title="bbox 211 1616 1858 1701">
     <span class='ocr_line' id='line_1_16' title="bbox 211 1616 1858 1701; baseline -0.005 -21"><span class='ocrx_word' id='word_1_105' title='bbox 211 1623 544 1690; x_wconf 80' lang='grc' dir='ltr'>σιωπηθῆναι</span> <span class='ocrx_word' id='word_1_106' title='bbox 613 1628 692 1696; x_wconf 85' lang='grc' dir='ltr'>τῷ</span> <span class='ocrx_word' id='word_1_107' title='bbox 748 1621 915 1697; x_wconf 78' lang='grc' dir='ltr'>νόμῳ,</span> <span class='ocrx_word' id='word_1_108' title='bbox 989 1620 1152 1701; x_wconf 84' lang='grc' dir='ltr'>μέχρι</span> <span class='ocrx_word' id='word_1_109' title='bbox 1240 1625 1332 1676; x_wconf 80' lang='grc' dir='ltr'>τοῦ</span> <span class='ocrx_word' id='word_1_110' title='bbox 1380 1618 1534 1676; x_wconf 78' lang='grc' dir='ltr'>ἕκτου</span> <span class='ocrx_word' id='word_1_111' title='bbox 1604 1616 1858 1675; x_wconf 84' lang='grc' dir='ltr'>κωλύοντι</span> 
     </span>
    </p>
   </div>
   <div class='ocr_carea' id='block_1_17' title="bbox 211 1706 1855 1789">
    <p class='ocr_par' dir='ltr' id='par_1_17' title="bbox 211 1706 1855 1789">
     <span class='ocr_line' id='line_1_17' title="bbox 211 1706 1855 1789; baseline -0.004 -21"><span class='ocrx_word' id='word_1_112' title='bbox 211 1714 393 1784; x_wconf 85' lang='grc' dir='ltr'>μόνον.</span> <span class='ocrx_word' id='word_1_113' title='bbox 453 1712 594 1778; x_wconf 82' lang='grc' dir='ltr'><strong>Φησὶ</strong></span> <span class='ocrx_word' id='word_1_114' title='bbox 649 1711 747 1789; x_wconf 87' lang='grc' dir='ltr'><strong>γάρ</strong></span> <span class='ocrx_word' id='word_1_115' title='bbox 781 1729 796 1744; x_wconf 82' lang='grc'><strong><em>⁸</em></strong></span> <span class='ocrx_word' id='word_1_116' title='bbox 865 1732 891 1764; x_wconf 72' lang='grc' dir='ltr'>κ</span> <span class='ocrx_word' id='word_1_117' title='bbox 939 1710 1048 1776; x_wconf 76' lang='grc' dir='ltr'>Τὴν</span> <span class='ocrx_word' id='word_1_118' title='bbox 1090 1715 1183 1766; x_wconf 80' lang='grc' dir='ltr'>τοῦ</span> <span class='ocrx_word' id='word_1_119' title='bbox 1237 1706 1462 1788; x_wconf 75' lang='grc' dir='ltr'>ἀδελφοῦ</span> <span class='ocrx_word' id='word_1_120' title='bbox 1516 1728 1617 1782; x_wconf 85' lang='grc' dir='ltr'><strong>μου</strong></span> <span class='ocrx_word' id='word_1_121' title='bbox 1671 1706 1707 1774; x_wconf 76' lang='grc' dir='ltr'>ἢ</span> <span class='ocrx_word' id='word_1_122' title='bbox 1759 1711 1855 1774; x_wconf 79' lang='grc' dir='ltr'>τῆς</span> 
     </span>
    </p>
   </div>
   <div class='ocr_carea' id='block_1_18' title="bbox 209 1795 1853 1881">
    <p class='ocr_par' dir='ltr' id='par_1_18' title="bbox 209 1795 1853 1881">
     <span class='ocr_line' id='line_1_18' title="bbox 209 1795 1853 1881; baseline -0.004 -25"><span class='ocrx_word' id='word_1_123' title='bbox 209 1799 441 1881; x_wconf 74' lang='grc' dir='ltr'>ἀδελφῆς</span> <span class='ocrx_word' id='word_1_124' title='bbox 475 1822 575 1876; x_wconf 90' lang='grc' dir='ltr'><strong>μου</strong></span> <span class='ocrx_word' id='word_1_125' title='bbox 617 1797 869 1877; x_wconf 79' lang='grc' dir='ltr'>θυγατέρα</span> <span class='ocrx_word' id='word_1_126' title='bbox 925 1795 1211 1874; x_wconf 75' lang='grc' dir='ltr'>λαμϐάνειν</span> <span class='ocrx_word' id='word_1_127' title='bbox 1240 1798 1313 1860; x_wconf 80' lang='grc' dir='ltr'>εἰς</span> <span class='ocrx_word' id='word_1_128' title='bbox 1356 1797 1528 1875; x_wconf 87' lang='grc' dir='ltr'>γάμον</span> <span class='ocrx_word' id='word_1_129' title='bbox 1582 1797 1642 1852; x_wconf 78' lang='grc' dir='ltr'>οὗ</span> <span class='ocrx_word' id='word_1_130' title='bbox 1681 1795 1853 1870; x_wconf 77' lang='grc' dir='ltr'>θέμις,</span> 
     </span>
    </p>
   </div>
   <div class='ocr_carea' id='block_1_19' title="bbox 1951 639 3604 726">
    <p class='ocr_par' dir='ltr' id='par_1_19' title="bbox 1951 639 3604 726">
     <span class='ocr_line' id='line_1_19' title="bbox 1951 639 3604 726; baseline 0.007 -26"><span class='ocrx_word' id='word_1_131' title='bbox 1951 646 2181 700; x_wconf 88' lang='lat' dir='ltr'><strong>centur.</strong></span> <span class='ocrx_word' id='word_1_132' title='bbox 2210 640 2342 704; x_wconf 89' lang='lat' dir='ltr'><strong>Non</strong></span> <span class='ocrx_word' id='word_1_133' title='bbox 2371 639 2530 702; x_wconf 89' lang='lat' dir='ltr'><strong>enim</strong></span> <span class='ocrx_word' id='word_1_134' title='bbox 2555 641 2684 704; x_wconf 85' lang='lat' dir='ltr'><strong>ﬁeri</strong></span> <span class='ocrx_word' id='word_1_135' title='bbox 2715 649 2928 723; x_wconf 80' lang='lat' dir='ltr'><strong>potest,</strong></span> <span class='ocrx_word' id='word_1_136' title='bbox 2963 650 3028 704; x_wconf 91' lang='lat' dir='ltr'><strong>ut</strong></span> <span class='ocrx_word' id='word_1_137' title='bbox 3057 653 3234 726; x_wconf 80' lang='lat' dir='ltr'><strong>nepte</strong></span> <span class='ocrx_word' id='word_1_138' title='bbox 3263 664 3368 710; x_wconf 91' lang='lat' dir='ltr'><strong>sua</strong></span> <span class='ocrx_word' id='word_1_139' title='bbox 3399 649 3604 711; x_wconf 87' lang='lat' dir='ltr'><strong>matri-</strong></span> 
     </span>
    </p>
   </div>
   <div class='ocr_carea' id='block_1_20' title="bbox 1951 726 3599 816">
    <p class='ocr_par' dir='ltr' id='par_1_20' title="bbox 1951 726 3599 816">
     <span class='ocr_line' id='line_1_20' title="bbox 1951 726 3599 816; baseline 0.008 -29"><span class='ocrx_word' id='word_1_140' title='bbox 1951 726 2138 816; x_wconf 87' lang='lat' dir='ltr'><strong>monii</strong></span> <span class='ocrx_word' id='word_1_141' title='bbox 2164 727 2294 806; x_wconf 86' lang='lat' dir='ltr'><strong>lege</strong></span> <span class='ocrx_word' id='word_1_142' title='bbox 2320 729 2654 809; x_wconf 79' lang='lat' dir='ltr'><strong>copuletur.</strong></span> <span class='ocrx_word' id='word_1_143' title='bbox 2687 729 2988 792; x_wconf 89' lang='lat' dir='ltr'><strong>Inﬁnitum</strong></span> <span class='ocrx_word' id='word_1_144' title='bbox 3008 750 3149 795; x_wconf 84' lang='lat' dir='ltr'><strong>vero</strong></span> <span class='ocrx_word' id='word_1_145' title='bbox 3179 734 3599 816; x_wconf 82' lang='lat' dir='ltr'><strong>dicimus,ejus</strong></span> 
     </span>
    </p>
   </div>
   <div class='ocr_carea' id='block_1_21' title="bbox 1947 814 3589 901">
    <p class='ocr_par' dir='ltr' id='par_1_21' title="bbox 1947 814 3589 901">
     <span class='ocr_line' id='line_1_21' title="bbox 1947 814 3589 901; baseline 0.009 -25"><span class='ocrx_word' id='word_1_146' title='bbox 1947 814 2200 891; x_wconf 85' lang='lat' dir='ltr'><strong>ratione,</strong></span> <span class='ocrx_word' id='word_1_147' title='bbox 2234 816 2390 896; x_wconf 91' lang='lat' dir='ltr'><strong>quod</strong></span> <span class='ocrx_word' id='word_1_148' title='bbox 2420 817 2550 879; x_wconf 88' lang='lat' dir='ltr'><strong>ﬁeri</strong></span> <span class='ocrx_word' id='word_1_149' title='bbox 2579 825 2812 901; x_wconf 86' lang='lat' dir='ltr'><strong>potest:</strong></span> <span class='ocrx_word' id='word_1_150' title='bbox 2847 838 2966 881; x_wconf 91' lang='lat' dir='ltr'><strong>non</strong></span> <span class='ocrx_word' id='word_1_151' title='bbox 3011 821 3310 886; x_wconf 91' lang='lat' dir='ltr'><strong>inﬁnitum</strong></span> <span class='ocrx_word' id='word_1_152' title='bbox 3362 814 3589 891; x_wconf 80' lang='lat' dir='ltr'><strong>natura.</strong></span> 
     </span>
    </p>
   </div>
   <div class='ocr_carea' id='block_1_22' title="bbox 1951 901 3158 986">
    <p class='ocr_par' dir='ltr' id='par_1_22' title="bbox 1951 901 3158 986">
     <span class='ocr_line' id='line_1_22' title="bbox 1951 901 3158 986; baseline 0.006 -22"><span class='ocrx_word' id='word_1_153' title='bbox 1951 901 2183 986; x_wconf 85' lang='lat' dir='ltr'><strong>Quippe</strong></span> <span class='ocrx_word' id='word_1_154' title='bbox 2212 923 2434 984; x_wconf 84' lang='lat' dir='ltr'><strong>genera</strong></span> <span class='ocrx_word' id='word_1_155' title='bbox 2463 925 2583 968; x_wconf 93' lang='lat' dir='ltr'><strong>non</strong></span> <span class='ocrx_word' id='word_1_156' title='bbox 2613 916 2751 970; x_wconf 91' lang='lat' dir='ltr'><strong>sunt</strong></span> <span class='ocrx_word' id='word_1_157' title='bbox 2779 907 3158 972; x_wconf 84' lang='lat' dir='ltr'><strong>immortalia.</strong></span> 
     </span>
    </p>
   </div>
   <div class='ocr_carea' id='block_1_23' title="bbox 2188 997 3379 1084">
    <p class='ocr_par' dir='ltr' id='par_1_23' title="bbox 2188 997 3379 1084">
     <span class='ocr_line' id='line_1_23' title="bbox 2188 997 3379 1084; baseline 0.01 -26"><span class='ocrx_word' id='word_1_158' title='bbox 2188 997 2281 1060; x_wconf 76' lang='lat' dir='ltr'><strong>De</strong></span> <span class='ocrx_word' id='word_1_159' title='bbox 2309 999 2506 1078; x_wconf 86' lang='lat' dir='ltr'><strong>gradu</strong></span> <span class='ocrx_word' id='word_1_160' title='bbox 2533 1002 2783 1082; x_wconf 81' lang='lat' dir='ltr'><strong>septimo</strong></span> <span class='ocrx_word' id='word_1_161' title='bbox 2806 1007 3379 1084; x_wconf 75' lang='lat' dir='ltr'><strong>consanguinitatis.</strong></span> 
     </span>
    </p>
   </div>
   <div class='ocr_carea' id='block_1_24' title="bbox 2024 1088 3591 1176">
    <p class='ocr_par' dir='ltr' id='par_1_24' title="bbox 2024 1088 3591 1176">
     <span class='ocr_line' id='line_1_24' title="bbox 2024 1088 3591 1176; baseline 0.009 -25"><span class='ocrx_word' id='word_1_162' title='bbox 2024 1088 2124 1165; x_wconf 92' lang='lat' dir='ltr'><strong>Iis,</strong></span> <span class='ocrx_word' id='word_1_163' title='bbox 2185 1091 2288 1172; x_wconf 89' lang='lat' dir='ltr'><strong>qui</strong></span> <span class='ocrx_word' id='word_1_164' title='bbox 2337 1100 2475 1154; x_wconf 92' lang='lat' dir='ltr'><strong>sunt</strong></span> <span class='ocrx_word' id='word_1_165' title='bbox 2521 1112 2592 1156; x_wconf 84' lang='lat' dir='ltr'><strong>ex</strong></span> <span class='ocrx_word' id='word_1_166' title='bbox 2641 1102 3016 1171; x_wconf 80' lang='lat' dir='ltr'><strong>transverso,</strong></span> <span class='ocrx_word' id='word_1_167' title='bbox 3075 1097 3296 1176; x_wconf 85' lang='lat' dir='ltr'><strong>gradus</strong></span> <span class='ocrx_word' id='word_1_168' title='bbox 3351 1108 3591 1165; x_wconf 81' lang='lat' dir='ltr'><strong>octavus</strong></span> 
     </span>
    </p>
   </div>
   <div class='ocr_carea' id='block_1_25' title="bbox 1944 1179 3592 1272">
    <p class='ocr_par' dir='ltr' id='par_1_25' title="bbox 1944 1179 3592 1272">
     <span class='ocr_line' id='line_1_25' title="bbox 1944 1179 3592 1272; baseline 0.008 -32"><span class='ocrx_word' id='word_1_169' title='bbox 1944 1179 2393 1242; x_wconf 85' lang='lat' dir='ltr'><strong>matrimonium</strong></span> <span class='ocrx_word' id='word_1_170' title='bbox 2428 1182 2740 1262; x_wconf 86' lang='lat' dir='ltr'><strong>permittit,</strong></span> <span class='ocrx_word' id='word_1_171' title='bbox 2773 1203 2906 1246; x_wconf 90' lang='lat' dir='ltr'><strong>cum</strong></span> <span class='ocrx_word' id='word_1_172' title='bbox 2929 1185 3215 1266; x_wconf 91' lang='lat' dir='ltr'><strong>septimus</strong></span> <span class='ocrx_word' id='word_1_173' title='bbox 3234 1187 3308 1250; x_wconf 91' lang='lat' dir='ltr'><strong>ab</strong></span> <span class='ocrx_word' id='word_1_174' title='bbox 3334 1207 3404 1252; x_wconf 93' lang='lat' dir='ltr'><strong>eo</strong></span> <span class='ocrx_word' id='word_1_175' title='bbox 3426 1209 3592 1272; x_wconf 88' lang='lat' dir='ltr'><strong>pror-</strong></span> 
     </span>
    </p>
   </div>
   <div class='ocr_carea' id='block_1_26' title="bbox 1945 1268 3588 1355">
    <p class='ocr_par' dir='ltr' id='par_1_26' title="bbox 1945 1268 3588 1355">
     <span class='ocr_line' id='line_1_26' title="bbox 1945 1268 3588 1355; baseline 0.009 -27"><span class='ocrx_word' id='word_1_176' title='bbox 1945 1286 2046 1329; x_wconf 93' lang='lat' dir='ltr'><strong>sus</strong></span> <span class='ocrx_word' id='word_1_177' title='bbox 2075 1268 2526 1351; x_wconf 86' lang='lat' dir='ltr'><strong>arceat.Quirpe</strong></span> <span class='ocrx_word' id='word_1_178' title='bbox 2548 1291 2667 1333; x_wconf 91' lang='lat' dir='ltr'><strong>non</strong></span> <span class='ocrx_word' id='word_1_179' title='bbox 2697 1280 2892 1354; x_wconf 89' lang='lat' dir='ltr'><strong>potest</strong></span> <span class='ocrx_word' id='word_1_180' title='bbox 2920 1272 3137 1355; x_wconf 84' lang='lat' dir='ltr'><strong>aliquis</strong></span> <span class='ocrx_word' id='word_1_181' title='bbox 3157 1275 3386 1340; x_wconf 87' lang='lat' dir='ltr'><strong>sobrini</strong></span> <span class='ocrx_word' id='word_1_182' title='bbox 3406 1268 3588 1342; x_wconf 82' lang='lat' dir='ltr'><strong>ﬁliam</strong></span> 
     </span>
    </p>
   </div>
   <div class='ocr_carea' id='block_1_27' title="bbox 1943 1357 3590 1448">
    <p class='ocr_par' dir='ltr' id='par_1_27' title="bbox 1943 1357 3590 1448">
     <span class='ocr_line' id='line_1_27' title="bbox 1943 1357 3590 1448; baseline 0.009 -31"><span class='ocrx_word' id='word_1_183' title='bbox 1943 1374 2190 1419; x_wconf 80' lang='lat' dir='ltr'><strong>uxorem</strong></span> <span class='ocrx_word' id='word_1_184' title='bbox 2219 1357 2759 1448; x_wconf 69' lang='lat' dir='ltr'><strong>ducere.Caaterum</strong></span> <span class='ocrx_word' id='word_1_185' title='bbox 2785 1369 2960 1424; x_wconf 86' lang='lat' dir='ltr'><strong>antea</strong></span> <span class='ocrx_word' id='word_1_186' title='bbox 2989 1363 3212 1441; x_wconf 84' lang='lat' dir='ltr'><strong>gradus</strong></span> <span class='ocrx_word' id='word_1_187' title='bbox 3241 1368 3590 1448; x_wconf 85' lang='lat' dir='ltr'><strong>consangui-</strong></span> 
     </span>
    </p>
   </div>
   <div class='ocr_carea' id='block_1_28' title="bbox 1943 1444 3587 1534">
    <p class='ocr_par' dir='ltr' id='par_1_28' title="bbox 1943 1444 3587 1534">
     <span class='ocr_line' id='line_1_28' title="bbox 1943 1444 3587 1534; baseline 0.009 -29"><span class='ocrx_word' id='word_1_188' title='bbox 1943 1444 2145 1506; x_wconf 91' lang='lat' dir='ltr'><strong>nitatis</strong></span> <span class='ocrx_word' id='word_1_189' title='bbox 2175 1446 2542 1529; x_wconf 84' lang='lat' dir='ltr'><strong>septimus,si</strong></span> <span class='ocrx_word' id='word_1_190' title='bbox 2573 1447 2648 1510; x_wconf 90' lang='lat' dir='ltr'><strong>de</strong></span> <span class='ocrx_word' id='word_1_191' title='bbox 2677 1467 2748 1512; x_wconf 92' lang='lat' dir='ltr'><strong>eo</strong></span> <span class='ocrx_word' id='word_1_192' title='bbox 2780 1444 3587 1534; x_wconf 80' lang='lat' dir='ltr'><strong>consuleretur,prohibeba—</strong></span> 
     </span>
    </p>
   </div>
   <div class='ocr_carea' id='block_1_29' title="bbox 1943 1533 3586 1623">
    <p class='ocr_par' dir='ltr' id='par_1_29' title="bbox 1943 1533 3586 1623">
     <span class='ocr_line' id='line_1_29' title="bbox 1943 1533 3586 1623; baseline 0.01 -29"><span class='ocrx_word' id='word_1_193' title='bbox 1943 1541 2040 1597; x_wconf 89' lang='lat' dir='ltr'><strong>tur</strong></span> <span class='ocrx_word' id='word_1_194' title='bbox 2070 1533 2172 1597; x_wconf 92' lang='lat' dir='ltr'><strong>ille</strong></span> <span class='ocrx_word' id='word_1_195' title='bbox 2200 1535 2443 1617; x_wconf 89' lang='lat' dir='ltr'><strong>quidem</strong></span> <span class='ocrx_word' id='word_1_196' title='bbox 2470 1554 2484 1599; x_wconf 91' lang='lat'><strong>:</strong></span> <span class='ocrx_word' id='word_1_197' title='bbox 2515 1538 2621 1600; x_wconf 89' lang='lat' dir='ltr'><strong>sed</strong></span> <span class='ocrx_word' id='word_1_198' title='bbox 2651 1537 2702 1599; x_wconf 90' lang='lat' dir='ltr'><strong>si</strong></span> <span class='ocrx_word' id='word_1_199' title='bbox 2731 1558 2847 1620; x_wconf 92' lang='lat' dir='ltr'><strong>quo</strong></span> <span class='ocrx_word' id='word_1_200' title='bbox 2881 1541 3056 1602; x_wconf 93' lang='lat' dir='ltr'><strong>modo</strong></span> <span class='ocrx_word' id='word_1_201' title='bbox 3102 1559 3200 1604; x_wconf 88' lang='lat' dir='ltr'><strong>res</strong></span> <span class='ocrx_word' id='word_1_202' title='bbox 3231 1533 3408 1608; x_wconf 78' lang='lat' dir='ltr'><strong>esset</strong></span> <span class='ocrx_word' id='word_1_203' title='bbox 3435 1556 3586 1623; x_wconf 87' lang='lat' dir='ltr'><strong>acta,</strong></span> 
     </span>
    </p>
   </div>
   <div class='ocr_carea' id='block_1_30' title="bbox 1941 1624 3589 1716">
    <p class='ocr_par' dir='ltr' id='par_1_30' title="bbox 1941 1624 3589 1716">
     <span class='ocr_line' id='line_1_30' title="bbox 1941 1624 3589 1716; baseline 0.008 -32"><span class='ocrx_word' id='word_1_204' title='bbox 1941 1641 2060 1685; x_wconf 89' lang='lat' dir='ltr'><strong>non</strong></span> <span class='ocrx_word' id='word_1_205' title='bbox 2089 1624 2733 1716; x_wconf 77' lang='lat' dir='ltr'><strong>prohibebatur,p(ena</strong></span> <span class='ocrx_word' id='word_1_206' title='bbox 2758 1634 2955 1690; x_wconf 89' lang='lat' dir='ltr'><strong>tamen</strong></span> <span class='ocrx_word' id='word_1_207' title='bbox 2985 1629 3381 1710; x_wconf 88' lang='lat' dir='ltr'><strong>irrogabatur,</strong></span> <span class='ocrx_word' id='word_1_208' title='bbox 3407 1635 3589 1716; x_wconf 90' lang='lat' dir='ltr'><strong>idque</strong></span> 
     </span>
    </p>
   </div>
   <div class='ocr_carea' id='block_1_31' title="bbox 1938 1714 3590 1805">
    <p class='ocr_par' dir='ltr' id='par_1_31' title="bbox 1938 1714 3590 1805">
     <span class='ocr_line' id='line_1_31' title="bbox 1938 1714 3590 1805; baseline 0.008 -32"><span class='ocrx_word' id='word_1_209' title='bbox 1938 1719 2236 1805; x_wconf 83' lang='lat' dir='ltr'><strong>proterea,</strong></span> <span class='ocrx_word' id='word_1_210' title='bbox 2295 1714 2455 1805; x_wconf 83' lang='lat' dir='ltr'><strong>quod</strong></span> <span class='ocrx_word' id='word_1_211' title='bbox 2510 1715 2748 1805; x_wconf 83' lang='lat' dir='ltr'><strong>silentio</strong></span> <span class='ocrx_word' id='word_1_212' title='bbox 2798 1717 2893 1778; x_wconf 83' lang='lat' dir='ltr'><strong>lex</strong></span> <span class='ocrx_word' id='word_1_213' title='bbox 2940 1717 3001 1779; x_wconf 91' lang='lat' dir='ltr'><strong>id</strong></span> <span class='ocrx_word' id='word_1_214' title='bbox 3049 1721 3426 1804; x_wconf 82' lang='lat' dir='ltr'><strong>praeterierit,</strong></span> <span class='ocrx_word' id='word_1_215' title='bbox 3458 1714 3590 1805; x_wconf 74' lang='lat' dir='ltr'><strong>quae</strong></span> 
     </span>
    </p>
   </div>
   <div class='ocr_carea' id='block_1_32' title="bbox 1939 1799 3584 1892">
    <p class='ocr_par' dir='ltr' id='par_1_32' title="bbox 1939 1799 3584 1892">
     <span class='ocr_line' id='line_1_32' title="bbox 1939 1799 3584 1892; baseline 0.01 -32"><span class='ocrx_word' id='word_1_216' title='bbox 1939 1799 2218 1892; x_wconf 56' lang='lat' dir='ltr'><strong>duntarat</strong></span> <span class='ocrx_word' id='word_1_217' title='bbox 2244 1803 2319 1864; x_wconf 91' lang='lat' dir='ltr'><strong>ad</strong></span> <span class='ocrx_word' id='word_1_218' title='bbox 2347 1811 2577 1892; x_wconf 85' lang='lat' dir='ltr'><strong>sextum</strong></span> <span class='ocrx_word' id='word_1_219' title='bbox 2609 1804 2732 1886; x_wconf 88' lang='lat'><strong>(69)</strong></span> <span class='ocrx_word' id='word_1_220' title='bbox 2767 1823 2955 1888; x_wconf 83' lang='lat' dir='ltr'><strong>usque</strong></span> <span class='ocrx_word' id='word_1_221' title='bbox 3005 1807 3251 1892; x_wconf 83' lang='lat' dir='ltr'><strong>gradum</strong></span> <span class='ocrx_word' id='word_1_222' title='bbox 3284 1799 3584 1892; x_wconf 81' lang='lat' dir='ltr'><strong>prohibet.</strong></span> 
     </span>
    </p>
   </div>
   <div class='ocr_carea' id='block_1_33' title="bbox 209 1885 1855 1969">
    <p class='ocr_par' dir='ltr' id='par_1_33' title="bbox 209 1885 1849 1967">
     <span class='ocr_line' id='line_1_33' title="bbox 209 1885 1849 1967; baseline -0.004 -20"><span class='ocrx_word' id='word_1_223' title='bbox 209 1888 324 1947; x_wconf 68' lang='grc' dir='ltr'>οὐδὲ</span> <span class='ocrx_word' id='word_1_224' title='bbox 380 1891 479 1958; x_wconf 76' lang='grc' dir='ltr'><strong>τὴν</strong></span> <span class='ocrx_word' id='word_1_225' title='bbox 533 1889 732 1946; x_wconf 89' lang='grc' dir='ltr'>τούτων</span> <span class='ocrx_word' id='word_1_226' title='bbox 809 1888 1034 1967; x_wconf 82' lang='grc' dir='ltr'>ἐγγόνην</span> <span class='ocrx_word' id='word_1_227' title='bbox 1108 1887 1354 1966; x_wconf 81' lang='grc' dir='ltr'>τετάρτου</span> <span class='ocrx_word' id='word_1_228' title='bbox 1411 1885 1566 1942; x_wconf 78' lang='grc' dir='ltr'>οὖσαν</span> <span class='ocrx_word' id='word_1_229' title='bbox 1623 1885 1849 1960; x_wconf 81' lang='grc' dir='ltr'>βαθμοῦ.</span> 
     </span>
    </p>
   </div>
   <div class='ocr_carea' id='block_1_34' title="bbox 1943 1885 3591 1969">
    <p class='ocr_par' dir='ltr' id='par_1_34' title="bbox 1943 1885 3591 1969">
     <span class='ocr_line' id='line_1_34' title="bbox 1943 1885 3591 1969; baseline 0.007 -18"><span class='ocrx_word' id='word_1_230' title='bbox 1943 1887 2106 1968; x_wconf 86' lang='lat' dir='ltr'><strong>Legis</strong></span> <span class='ocrx_word' id='word_1_231' title='bbox 2138 1890 2264 1952; x_wconf 76' lang='lat' dir='ltr'><strong>haec</strong></span> <span class='ocrx_word' id='word_1_232' title='bbox 2293 1891 2472 1956; x_wconf 85' lang='lat' dir='ltr'><strong>verba</strong></span> <span class='ocrx_word' id='word_1_233' title='bbox 2499 1901 2636 1955; x_wconf 91' lang='lat' dir='ltr'><strong>sunt</strong></span> <span class='ocrx_word' id='word_1_234' title='bbox 2669 1911 2682 1956; x_wconf 94' lang='lat'>:</span> <span class='ocrx_word' id='word_1_235' title='bbox 2715 1885 2751 1950; x_wconf 53' lang='grc' dir='ltr'>⁷α</span> <span class='ocrx_word' id='word_1_236' title='bbox 2792 1885 3015 1958; x_wconf 73' lang='lat' dir='ltr'><strong>Fratris</strong></span> <span class='ocrx_word' id='word_1_237' title='bbox 3063 1890 3208 1969; x_wconf 82' lang='lat' dir='ltr'><strong>mei,‘</strong></span> <span class='ocrx_word' id='word_1_238' title='bbox 3241 1885 3332 1960; x_wconf 77' lang='lat' dir='ltr'><strong>vel</strong></span> <span class='ocrx_word' id='word_1_239' title='bbox 3365 1903 3591 1963; x_wconf 85' lang='lat' dir='ltr'><strong>sororis</strong></span> 
     </span>
    </p>
   </div>
   <div class='ocr_carea' id='block_1_35' title="bbox 209 1969 1853 2056">
    <p class='ocr_par' dir='ltr' id='par_1_35' title="bbox 209 1969 1853 2056">
     <span class='ocr_line' id='line_1_35' title="bbox 209 1969 1853 2056; baseline -0.005 -19"><span class='ocrx_word' id='word_1_240' title='bbox 209 1977 341 2037; x_wconf 79' lang='grc' dir='ltr'>Οὐδὲ</span> <span class='ocrx_word' id='word_1_241' title='bbox 383 1980 480 2046; x_wconf 77' lang='grc' dir='ltr'><strong>τὴν</strong></span> <span class='ocrx_word' id='word_1_242' title='bbox 523 1976 779 2056; x_wconf 79' lang='grc' dir='ltr'>θυγατέρα</span> <span class='ocrx_word' id='word_1_243' title='bbox 831 1998 920 2032; x_wconf 84' lang='grc' dir='ltr'><strong>του</strong></span> <span class='ocrx_word' id='word_1_244' title='bbox 974 1977 1133 2047; x_wconf 61' lang='grc' dir='ltr'>θείου,</span> <span class='ocrx_word' id='word_1_245' title='bbox 1193 1974 1354 2053; x_wconf 70' lang='grc' dir='ltr'>ἤγουν</span> <span class='ocrx_word' id='word_1_246' title='bbox 1397 1971 1706 2053; x_wconf 74' lang='grc' dir='ltr'>ἐξαδέλφην,</span> <span class='ocrx_word' id='word_1_247' title='bbox 1739 1969 1853 2029; x_wconf 77' lang='grc' dir='ltr'>οὐδὲ</span> 
     </span>
    </p>
   </div>
   <div class='ocr_carea' id='block_1_36' title="bbox 209 2059 1851 2145">
    <p class='ocr_par' dir='ltr' id='par_1_36' title="bbox 209 2059 1851 2145">
     <span class='ocr_line' id='line_1_36' title="bbox 209 2059 1851 2145; baseline -0.005 -20"><span class='ocrx_word' id='word_1_248' title='bbox 209 2071 238 2125; x_wconf 81' lang='grc' dir='ltr'>ὁ</span> <span class='ocrx_word' id='word_1_249' title='bbox 267 2070 375 2132; x_wconf 77' lang='grc' dir='ltr'>υἱός</span> <span class='ocrx_word' id='word_1_250' title='bbox 422 2089 524 2144; x_wconf 86' lang='grc' dir='ltr'><strong>μου</strong></span> <span class='ocrx_word' id='word_1_251' title='bbox 576 2066 676 2133; x_wconf 72' lang='grc' dir='ltr'>τὴν</span> <span class='ocrx_word' id='word_1_252' title='bbox 717 2065 943 2145; x_wconf 73' lang='grc' dir='ltr'>ἒγγόνην</span> <span class='ocrx_word' id='word_1_253' title='bbox 975 2065 1167 2145; x_wconf 70' lang='grc' dir='ltr'>αὐτῶν,</span> <span class='ocrx_word' id='word_1_254' title='bbox 1213 2063 1406 2128; x_wconf 74' lang='grc' dir='ltr'>οἵτινες</span> <span class='ocrx_word' id='word_1_255' title='bbox 1461 2061 1704 2141; x_wconf 82' lang='grc' dir='ltr'>λέγονται</span> <span class='ocrx_word' id='word_1_256' title='bbox 1733 2059 1851 2117; x_wconf 89' lang='grc' dir='ltr'>δισ-</span> 
     </span>
    </p>
   </div>
   <div class='ocr_carea' id='block_1_37' title="bbox 206 2151 1854 2239">
    <p class='ocr_par' dir='ltr' id='par_1_37' title="bbox 206 2151 1854 2239">
     <span class='ocr_line' id='line_1_37' title="bbox 206 2151 1854 2239; baseline -0.005 -24"><span class='ocrx_word' id='word_1_257' title='bbox 206 2157 500 2239; x_wconf 72' lang='grc' dir='ltr'>εξάδελφοι,</span> <span class='ocrx_word' id='word_1_258' title='bbox 557 2180 584 2211; x_wconf 73' lang='lat' dir='ltr'><strong>n</strong></span> <span class='ocrx_word' id='word_1_259' title='bbox 645 2154 796 2212; x_wconf 87' lang='grc' dir='ltr'>Ἐπεὶ</span> <span class='ocrx_word' id='word_1_260' title='bbox 854 2153 910 2211; x_wconf 84' lang='grc' dir='ltr'><strong>δέ</strong></span> <span class='ocrx_word' id='word_1_261' title='bbox 966 2177 1102 2220; x_wconf 81' lang='grc' dir='ltr'>τινες</span> <span class='ocrx_word' id='word_1_262' title='bbox 1157 2161 1234 2229; x_wconf 82' lang='grc' dir='ltr'>τῷ</span> <span class='ocrx_word' id='word_1_263' title='bbox 1295 2155 1440 2233; x_wconf 84' lang='grc' dir='ltr'>βάρει</span> <span class='ocrx_word' id='word_1_264' title='bbox 1510 2158 1616 2209; x_wconf 83' lang='grc' dir='ltr'>τῶν</span> <span class='ocrx_word' id='word_1_265' title='bbox 1688 2151 1854 2209; x_wconf 80' lang='grc' dir='ltr'>ἐπιτι-</span> 
     </span>
    </p>
   </div>
   <div class='ocr_carea' id='block_1_38' title="bbox 204 2240 1850 2327">
    <p class='ocr_par' dir='ltr' id='par_1_38' title="bbox 204 2240 1850 2327">
     <span class='ocr_line' id='line_1_38' title="bbox 204 2240 1850 2327; baseline -0.005 -23"><span class='ocrx_word' id='word_1_266' title='bbox 204 2249 342 2323; x_wconf 88' lang='grc' dir='ltr'>μίων</span> <span class='ocrx_word' id='word_1_267' title='bbox 395 2247 564 2327; x_wconf 75' lang='grc' dir='ltr'>κρύφα</span> <span class='ocrx_word' id='word_1_268' title='bbox 611 2246 732 2309; x_wconf 82' lang='grc' dir='ltr'>τοὺς</span> <span class='ocrx_word' id='word_1_269' title='bbox 786 2244 1052 2308; x_wconf 80' lang='grc' dir='ltr'>τοιούτους</span> <span class='ocrx_word' id='word_1_270' title='bbox 1110 2240 1380 2300; x_wconf 79' lang='grc' dir='ltr'>ἐσετέλουν</span> <span class='ocrx_word' id='word_1_271' title='bbox 1454 2242 1677 2320; x_wconf 81' lang='grc' dir='ltr'>γάμους,</span> <span class='ocrx_word' id='word_1_272' title='bbox 1753 2241 1850 2296; x_wconf 84' lang='grc' dir='ltr'>ἀν-</span> 
     </span>
    </p>
   </div>
   <div class='ocr_carea' id='block_1_39' title="bbox 202 2331 1850 2417">
    <p class='ocr_par' dir='ltr' id='par_1_39' title="bbox 202 2331 1850 2417">
     <span class='ocr_line' id='line_1_39' title="bbox 202 2331 1850 2417; baseline -0.003 -26"><span class='ocrx_word' id='word_1_273' title='bbox 202 2336 413 2417; x_wconf 82' lang='grc' dir='ltr'>ηνέχθη</span> <span class='ocrx_word' id='word_1_274' title='bbox 442 2336 507 2392; x_wconf 76' lang='grc' dir='ltr'><strong>τὰ</strong></span> <span class='ocrx_word' id='word_1_275' title='bbox 563 2336 680 2414; x_wconf 80' lang='grc' dir='ltr'>περὶ</span> <span class='ocrx_word' id='word_1_276' title='bbox 736 2336 917 2391; x_wconf 89' lang='grc' dir='ltr'>τούτου</span> <span class='ocrx_word' id='word_1_277' title='bbox 958 2339 1027 2410; x_wconf 78' lang='grc' dir='ltr'><strong>τῇ</strong></span> <span class='ocrx_word' id='word_1_278' title='bbox 1083 2331 1302 2408; x_wconf 81' lang='grc' dir='ltr'>συνόδῳ,</span> <span class='ocrx_word' id='word_1_279' title='bbox 1359 2338 1531 2390; x_wconf 87' lang='grc' dir='ltr'>Τουκᾶ</span> <span class='ocrx_word' id='word_1_280' title='bbox 1570 2337 1661 2388; x_wconf 82' lang='grc' dir='ltr'>τοῦ</span> <span class='ocrx_word' id='word_1_281' title='bbox 1713 2331 1850 2388; x_wconf 87' lang='grc' dir='ltr'>θείου</span> 
     </span>
    </p>
   </div>
   <div class='ocr_carea' id='block_1_40' title="bbox 200 2418 1850 2504">
    <p class='ocr_par' dir='ltr' id='par_1_40' title="bbox 200 2418 1850 2504">
     <span class='ocr_line' id='line_1_40' title="bbox 200 2418 1850 2504; baseline -0.004 -22"><span class='ocrx_word' id='word_1_282' title='bbox 200 2429 294 2482; x_wconf 78' lang='grc' dir='ltr'>τὸν</span> <span class='ocrx_word' id='word_1_283' title='bbox 349 2425 735 2504; x_wconf 82' lang='grc' dir='ltr'>πατριαρχικὸν</span> <span class='ocrx_word' id='word_1_284' title='bbox 797 2423 1056 2486; x_wconf 84' lang='grc' dir='ltr'>ἷθύνοντος</span> <span class='ocrx_word' id='word_1_285' title='bbox 1113 2423 1317 2499; x_wconf 84' lang='grc' dir='ltr'>θρόνον,</span> <span class='ocrx_word' id='word_1_286' title='bbox 1388 2422 1476 2478; x_wconf 85' lang='grc' dir='ltr'>καὶ</span> <span class='ocrx_word' id='word_1_287' title='bbox 1533 2418 1585 2485; x_wconf 75' lang='grc' dir='ltr'>ἐξ</span> <span class='ocrx_word' id='word_1_288' title='bbox 1654 2419 1850 2477; x_wconf 80' lang='grc' dir='ltr'>ἐκείνου</span> 
     </span>
    </p>
   </div>
   <div class='ocr_carea' id='block_1_41' title="bbox 198 2507 1850 2594">
    <p class='ocr_par' dir='ltr' id='par_1_41' title="bbox 198 2507 1850 2594">
     <span class='ocr_line' id='line_1_41' title="bbox 198 2507 1850 2594; baseline -0.005 -22"><span class='ocrx_word' id='word_1_289' title='bbox 198 2515 362 2594; x_wconf 70' lang='grc' dir='ltr'>ὥρισε</span> <span class='ocrx_word' id='word_1_290' title='bbox 434 2514 522 2570; x_wconf 80' lang='grc' dir='ltr'><strong>καὶ</strong></span> <span class='ocrx_word' id='word_1_291' title='bbox 589 2511 809 2579; x_wconf 76' lang='grc' dir='ltr'>ἔστησεν</span> <span class='ocrx_word' id='word_1_292' title='bbox 864 2513 898 2580; x_wconf 80' lang='grc' dir='ltr'><strong>ἡ</strong></span> <span class='ocrx_word' id='word_1_293' title='bbox 956 2511 1078 2591; x_wconf 82' lang='grc' dir='ltr'>ἁγία</span> <span class='ocrx_word' id='word_1_294' title='bbox 1133 2508 1368 2584; x_wconf 81' lang='grc' dir='ltr'>σύνοδος,</span> <span class='ocrx_word' id='word_1_295' title='bbox 1442 2507 1691 2586; x_wconf 81' lang='grc' dir='ltr'>μηδόλως</span> <span class='ocrx_word' id='word_1_296' title='bbox 1760 2509 1850 2564; x_wconf 82' lang='grc' dir='ltr'><strong>τὸν</strong></span> 
     </span>
    </p>
   </div>
   <div class='ocr_carea' id='block_1_42' title="bbox 196 2597 1848 2682">
    <p class='ocr_par' dir='ltr' id='par_1_42' title="bbox 196 2597 1848 2682">
     <span class='ocr_line' id='line_1_42' title="bbox 196 2597 1848 2682; baseline -0.005 -21"><span class='ocrx_word' id='word_1_297' title='bbox 196 2610 440 2662; x_wconf 81' lang='grc' dir='ltr'>τοιοῦτον</span> <span class='ocrx_word' id='word_1_298' title='bbox 471 2599 766 2682; x_wconf 87' lang='grc' dir='ltr'>προϐαίνειν</span> <span class='ocrx_word' id='word_1_299' title='bbox 825 2601 861 2669; x_wconf 77' lang='grc' dir='ltr'><strong>ἢ</strong></span> <span class='ocrx_word' id='word_1_300' title='bbox 915 2599 1160 2657; x_wconf 72' lang='grc' dir='ltr'>ἵστασθαι</span> <span class='ocrx_word' id='word_1_301' title='bbox 1216 2603 1411 2677; x_wconf 75' lang='grc' dir='ltr'>γάμον,</span> <span class='ocrx_word' id='word_1_302' title='bbox 1471 2597 1590 2654; x_wconf 83' lang='grc' dir='ltr'>ἀλλ’</span> <span class='ocrx_word' id='word_1_303' title='bbox 1633 2597 1848 2676; x_wconf 80' lang='grc' dir='ltr'>ἐρωτώ-</span> 
     </span>
    </p>
   </div>
   <div class='ocr_carea' id='block_1_43' title="bbox 199 2684 1848 2770">
    <p class='ocr_par' dir='ltr' id='par_1_43' title="bbox 199 2684 1848 2770">
     <span class='ocr_line' id='line_1_43' title="bbox 199 2684 1848 2770; baseline -0.004 -21"><span class='ocrx_word' id='word_1_304' title='bbox 199 2715 364 2770; x_wconf 79' lang='grc' dir='ltr'>μενον</span> <span class='ocrx_word' id='word_1_305' title='bbox 419 2714 516 2767; x_wconf 89' lang='grc' dir='ltr'><strong>μεν</strong></span> <span class='ocrx_word' id='word_1_306' title='bbox 571 2688 882 2765; x_wconf 88' lang='grc' dir='ltr'>κωλύεσθαι,</span> <span class='ocrx_word' id='word_1_307' title='bbox 957 2685 1305 2767; x_wconf 86' lang='grc' dir='ltr'>προϐαίνοντα</span> <span class='ocrx_word' id='word_1_308' title='bbox 1375 2685 1430 2744; x_wconf 75' lang='grc' dir='ltr'>δὲ</span> <span class='ocrx_word' id='word_1_309' title='bbox 1512 2684 1848 2760; x_wconf 82' lang='grc' dir='ltr'>διασπᾶσθαι,</span> 
     </span>
    </p>
   </div>
   <div class='ocr_carea' id='block_1_44' title="bbox 195 2774 1852 2858">
    <p class='ocr_par' dir='ltr' id='par_1_44' title="bbox 195 2774 1852 2858">
     <span class='ocr_line' id='line_1_44' title="bbox 195 2774 1852 2858; baseline -0.004 -20"><span class='ocrx_word' id='word_1_310' title='bbox 195 2783 292 2838; x_wconf 75' lang='grc' dir='ltr'>καὶ</span> <span class='ocrx_word' id='word_1_311' title='bbox 331 2782 452 2846; x_wconf 83' lang='grc' dir='ltr'>τοὺς</span> <span class='ocrx_word' id='word_1_312' title='bbox 507 2779 800 2858; x_wconf 80' lang='grc' dir='ltr'>πράξαντας</span> <span class='ocrx_word' id='word_1_313' title='bbox 844 2778 1212 2858; x_wconf 78' lang='grc' dir='ltr'>ἀφορίσασθαι,</span> <span class='ocrx_word' id='word_1_314' title='bbox 1284 2777 1373 2834; x_wconf 84' lang='grc' dir='ltr'><strong>καὶ</strong></span> <span class='ocrx_word' id='word_1_315' title='bbox 1422 2778 1515 2832; x_wconf 78' lang='grc' dir='ltr'>τὸν</span> <span class='ocrx_word' id='word_1_316' title='bbox 1571 2774 1852 2855; x_wconf 78' lang='grc' dir='ltr'>ἱερολογή-</span> 
     </span>
    </p>
   </div>
   <div class='ocr_carea' id='block_1_45' title="bbox 1940 1978 3586 2065">
    <p class='ocr_par' dir='ltr' id='par_1_45' title="bbox 1940 1978 3586 2065">
     <span class='ocr_line' id='line_1_45' title="bbox 1940 1978 3586 2065; baseline 0.007 -27"><span class='ocrx_word' id='word_1_317' title='bbox 1940 1995 2092 2040; x_wconf 73' lang='lat' dir='ltr'><strong>meae</strong></span> <span class='ocrx_word' id='word_1_318' title='bbox 2121 1978 2327 2057; x_wconf 88' lang='lat' dir='ltr'><strong>ﬁliam,</strong></span> <span class='ocrx_word' id='word_1_319' title='bbox 2361 1998 2607 2043; x_wconf 83' lang='lat' dir='ltr'><strong>uxorem</strong></span> <span class='ocrx_word' id='word_1_320' title='bbox 2635 1982 2878 2065; x_wconf 85' lang='lat' dir='ltr'><strong>ducere,</strong></span> <span class='ocrx_word' id='word_1_321' title='bbox 2911 1985 2999 2044; x_wconf 83' lang='lat' dir='ltr'><strong>fas</strong></span> <span class='ocrx_word' id='word_1_322' title='bbox 3031 2002 3148 2045; x_wconf 92' lang='lat' dir='ltr'><strong>non</strong></span> <span class='ocrx_word' id='word_1_323' title='bbox 3185 1994 3315 2064; x_wconf 86' lang='lat' dir='ltr'><strong>est;</strong></span> <span class='ocrx_word' id='word_1_324' title='bbox 3349 2007 3460 2051; x_wconf 91' lang='lat' dir='ltr'><strong>nec</strong></span> <span class='ocrx_word' id='word_1_325' title='bbox 3481 1991 3586 2052; x_wconf 92' lang='lat' dir='ltr'><strong>ho-</strong></span> 
     </span>
    </p>
   </div>
   <div class='ocr_carea' id='block_1_46' title="bbox 1933 2071 3582 2159">
    <p class='ocr_par' dir='ltr' id='par_1_46' title="bbox 1933 2071 3582 2159">
     <span class='ocr_line' id='line_1_46' title="bbox 1933 2071 3582 2159; baseline 0.008 -32"><span class='ocrx_word' id='word_1_326' title='bbox 1933 2083 2066 2159; x_wconf 69' lang='lat' dir='ltr'><strong>rum</strong></span> <span class='ocrx_word' id='word_1_327' title='bbox 2085 2080 2492 2152; x_wconf 80' lang='lat' dir='ltr'><strong>noptem,quae</strong></span> <span class='ocrx_word' id='word_1_328' title='bbox 2509 2073 2696 2148; x_wconf 84' lang='lat' dir='ltr'><strong>gradu</strong></span> <span class='ocrx_word' id='word_1_329' title='bbox 2710 2079 2920 2153; x_wconf 89' lang='lat' dir='ltr'><strong>quarto</strong></span> <span class='ocrx_word' id='word_1_330' title='bbox 2944 2081 3054 2136; x_wconf 91' lang='lat' dir='ltr'><strong>est.</strong></span> <span class='ocrx_word' id='word_1_331' title='bbox 3080 2071 3204 2138; x_wconf 87' lang='lat' dir='ltr'><strong>Nec</strong></span> <span class='ocrx_word' id='word_1_332' title='bbox 3221 2075 3364 2138; x_wconf 87' lang='lat' dir='ltr'><strong>item</strong></span> <span class='ocrx_word' id='word_1_333' title='bbox 3384 2078 3582 2159; x_wconf 83' lang='lat' dir='ltr'><strong>patrui</strong></span> 
     </span>
    </p>
   </div>
   <div class='ocr_carea' id='block_1_47' title="bbox 1934 2154 3580 2244">
    <p class='ocr_par' dir='ltr' id='par_1_47' title="bbox 1934 2154 3580 2244">
     <span class='ocr_line' id='line_1_47' title="bbox 1934 2154 3580 2244; baseline 0.01 -29"><span class='ocrx_word' id='word_1_334' title='bbox 1934 2154 2115 2217; x_wconf 87' lang='lat' dir='ltr'><strong>ﬁliam</strong></span> <span class='ocrx_word' id='word_1_335' title='bbox 2147 2204 2164 2233; x_wconf 93' lang='lat'><strong>,</strong></span> <span class='ocrx_word' id='word_1_336' title='bbox 2219 2176 2352 2238; x_wconf 65' lang='lat' dir='ltr'><strong>quae</strong></span> <span class='ocrx_word' id='word_1_337' title='bbox 2399 2159 2757 2223; x_wconf 88' lang='lat' dir='ltr'><strong>consobrina</strong></span> <span class='ocrx_word' id='word_1_338' title='bbox 2804 2168 2895 2223; x_wconf 92' lang='lat' dir='ltr'><strong>est</strong></span> <span class='ocrx_word' id='word_1_339' title='bbox 2927 2182 2941 2220; x_wconf 93' lang='lat'><strong>:</strong></span> <span class='ocrx_word' id='word_1_340' title='bbox 2977 2180 3174 2244; x_wconf 88' lang='lat' dir='ltr'><strong>neque</strong></span> <span class='ocrx_word' id='word_1_341' title='bbox 3213 2154 3580 2231; x_wconf 38' lang='lat' dir='ltr'><strong>ﬁlius-meus</strong></span> 
     </span>
    </p>
   </div>
   <div class='ocr_carea' id='block_1_48' title="bbox 1933 2247 3578 2330">
    <p class='ocr_par' dir='ltr' id='par_1_48' title="bbox 1933 2247 3578 2330">
     <span class='ocr_line' id='line_1_48' title="bbox 1933 2247 3578 2330; baseline 0.007 -24"><span class='ocrx_word' id='word_1_342' title='bbox 1933 2260 2140 2306; x_wconf 88' lang='lat' dir='ltr'><strong>eorum</strong></span> <span class='ocrx_word' id='word_1_343' title='bbox 2183 2253 2424 2326; x_wconf 84' lang='lat' dir='ltr'><strong>neptem</strong></span> <span class='ocrx_word' id='word_1_344' title='bbox 2475 2247 2769 2330; x_wconf 90' lang='lat' dir='ltr'><strong>ducit,qui</strong></span> <span class='ocrx_word' id='word_1_345' title='bbox 2803 2248 3031 2311; x_wconf 91' lang='lat' dir='ltr'><strong>sobrini</strong></span> <span class='ocrx_word' id='word_1_346' title='bbox 3067 2249 3366 2315; x_wconf 91' lang='lat' dir='ltr'><strong>dicuntur.</strong></span> <span class='ocrx_word' id='word_1_347' title='bbox 3396 2278 3424 2309; x_wconf 73' lang='grc' dir='ltr'><strong>ι</strong></span> <span class='ocrx_word' id='word_1_348' title='bbox 3458 2252 3578 2318; x_wconf 88' lang='lat' dir='ltr'><strong>Sed</strong></span> 
     </span>
    </p>
   </div>
   <div class='ocr_carea' id='block_1_49' title="bbox 1932 2330 3574 2418">
    <p class='ocr_par' dir='ltr' id='par_1_49' title="bbox 1932 2330 3574 2418">
     <span class='ocr_line' id='line_1_49' title="bbox 1932 2330 3574 2418; baseline 0.009 -26"><span class='ocrx_word' id='word_1_349' title='bbox 1932 2330 2072 2412; x_wconf 89' lang='lat' dir='ltr'><strong>quia</strong></span> <span class='ocrx_word' id='word_1_350' title='bbox 2101 2334 2372 2397; x_wconf 91' lang='lat' dir='ltr'><strong>nonnulli</strong></span> <span class='ocrx_word' id='word_1_351' title='bbox 2403 2344 2646 2418; x_wconf 87' lang='lat' dir='ltr'><strong>propter</strong></span> <span class='ocrx_word' id='word_1_352' title='bbox 2671 2336 3016 2416; x_wconf 83' lang='lat' dir='ltr'><strong>gravitatem</strong></span> <span class='ocrx_word' id='word_1_353' title='bbox 3067 2357 3378 2418; x_wconf 83' lang='lat' dir='ltr'><strong>poenarum</strong></span> <span class='ocrx_word' id='word_1_354' title='bbox 3422 2342 3574 2406; x_wconf 89' lang='lat' dir='ltr'><strong>clam</strong></span> 
     </span>
    </p>
   </div>
   <div class='ocr_carea' id='block_1_50' title="bbox 1933 2419 3578 2507">
    <p class='ocr_par' dir='ltr' id='par_1_50' title="bbox 1933 2419 3578 2507">
     <span class='ocr_line' id='line_1_50' title="bbox 1933 2419 3578 2507; baseline 0.008 -26"><span class='ocrx_word' id='word_1_355' title='bbox 1933 2419 2277 2501; x_wconf 87' lang='lat' dir='ltr'><strong>hujusmodi</strong></span> <span class='ocrx_word' id='word_1_356' title='bbox 2306 2423 2544 2504; x_wconf 88' lang='lat' dir='ltr'><strong>nuptias</strong></span> <span class='ocrx_word' id='word_1_357' title='bbox 2571 2425 3022 2507; x_wconf 89' lang='lat' dir='ltr'><strong>contrahebant,</strong></span> <span class='ocrx_word' id='word_1_358' title='bbox 3057 2427 3244 2490; x_wconf 89' lang='lat' dir='ltr'><strong>relata</strong></span> <span class='ocrx_word' id='word_1_359' title='bbox 3276 2448 3374 2492; x_wconf 91' lang='lat' dir='ltr'><strong>res</strong></span> <span class='ocrx_word' id='word_1_360' title='bbox 3398 2431 3578 2494; x_wconf 88' lang='lat' dir='ltr'><strong>estad</strong></span> 
     </span>
    </p>
   </div>
   <div class='ocr_carea' id='block_1_51' title="bbox 1932 2509 3577 2600">
    <p class='ocr_par' dir='ltr' id='par_1_51' title="bbox 1932 2509 3577 2600">
     <span class='ocr_line' id='line_1_51' title="bbox 1932 2509 3577 2600; baseline 0.008 -30"><span class='ocrx_word' id='word_1_361' title='bbox 1932 2509 2246 2600; x_wconf 75' lang='lat' dir='ltr'><strong>synodum,</strong></span> <span class='ocrx_word' id='word_1_362' title='bbox 2271 2531 2389 2594; x_wconf 91' lang='lat' dir='ltr'><strong>quo</strong></span> <span class='ocrx_word' id='word_1_363' title='bbox 2421 2522 2692 2596; x_wconf 89' lang='lat' dir='ltr'><strong>tempore</strong></span> <span class='ocrx_word' id='word_1_364' title='bbox 2720 2513 2955 2577; x_wconf 85' lang='lat' dir='ltr'><strong>divinus</strong></span> <span class='ocrx_word' id='word_1_365' title='bbox 2983 2514 3086 2578; x_wconf 90' lang='lat' dir='ltr'><strong>ille</strong></span> <span class='ocrx_word' id='word_1_366' title='bbox 3111 2517 3299 2580; x_wconf 90' lang='lat' dir='ltr'><strong>Lucas</strong></span> <span class='ocrx_word' id='word_1_367' title='bbox 3317 2519 3577 2600; x_wconf 89' lang='lat' dir='ltr'><strong>patriar-</strong></span> 
     </span>
    </p>
   </div>
   <div class='ocr_carea' id='block_1_52' title="bbox 1932 2599 3582 2686">
    <p class='ocr_par' dir='ltr' id='par_1_52' title="bbox 1932 2599 3582 2686">
     <span class='ocr_line' id='line_1_52' title="bbox 1932 2599 3582 2686; baseline 0.006 -25"><span class='ocrx_word' id='word_1_368' title='bbox 1932 2599 2165 2662; x_wconf 90' lang='lat' dir='ltr'><strong>chalem</strong></span> <span class='ocrx_word' id='word_1_369' title='bbox 2199 2601 2476 2664; x_wconf 89' lang='lat' dir='ltr'><strong>thronum</strong></span> <span class='ocrx_word' id='word_1_370' title='bbox 2506 2604 2775 2683; x_wconf 81' lang='lat' dir='ltr'><strong>regebat,</strong></span> <span class='ocrx_word' id='word_1_371' title='bbox 2808 2621 2878 2666; x_wconf 87' lang='lat' dir='ltr'><strong>ac</strong></span> <span class='ocrx_word' id='word_1_372' title='bbox 2907 2602 3192 2686; x_wconf 89' lang='lat' dir='ltr'><strong>deinceps</strong></span> <span class='ocrx_word' id='word_1_373' title='bbox 3223 2599 3492 2672; x_wconf 85' lang='lat' dir='ltr'><strong>deﬁnivit</strong></span> <span class='ocrx_word' id='word_1_374' title='bbox 3520 2617 3582 2671; x_wconf 90' lang='lat' dir='ltr'><strong>et</strong></span> 
     </span>
    </p>
   </div>
   <div class='ocr_carea' id='block_1_53' title="bbox 1935 2688 3579 2775">
    <p class='ocr_par' dir='ltr' id='par_1_53' title="bbox 1935 2688 3579 2775">
     <span class='ocr_line' id='line_1_53' title="bbox 1935 2688 3579 2775; baseline 0.007 -27"><span class='ocrx_word' id='word_1_375' title='bbox 1935 2688 2139 2750; x_wconf 88' lang='lat' dir='ltr'><strong>statuit</strong></span> <span class='ocrx_word' id='word_1_376' title='bbox 2166 2699 2368 2752; x_wconf 89' lang='lat' dir='ltr'><strong>sancta</strong></span> <span class='ocrx_word' id='word_1_377' title='bbox 2395 2691 2678 2774; x_wconf 79' lang='lat' dir='ltr'><strong>synodus,</strong></span> <span class='ocrx_word' id='word_1_378' title='bbox 2711 2709 3082 2774; x_wconf 89' lang='lat' dir='ltr'><strong>nequaquam</strong></span> <span class='ocrx_word' id='word_1_379' title='bbox 3135 2696 3430 2775; x_wconf 87' lang='lat' dir='ltr'><strong>ejusmodi</strong></span> <span class='ocrx_word' id='word_1_380' title='bbox 3462 2717 3579 2760; x_wconf 91' lang='lat' dir='ltr'><strong>nu-</strong></span> 
     </span>
    </p>
   </div>
   <div class='ocr_carea' id='block_1_54' title="bbox 1936 2776 3581 2860">
    <p class='ocr_par' dir='ltr' id='par_1_54' title="bbox 1936 2776 3581 2860">
     <span class='ocr_line' id='line_1_54' title="bbox 1936 2776 3581 2860; baseline 0.008 -24"><span class='ocrx_word' id='word_1_381' title='bbox 1936 2776 2090 2856; x_wconf 86' lang='lat' dir='ltr'><strong>ptias</strong></span> <span class='ocrx_word' id='word_1_382' title='bbox 2121 2777 2343 2842; x_wconf 88' lang='lat' dir='ltr'><strong>debere</strong></span> <span class='ocrx_word' id='word_1_383' title='bbox 2372 2780 2700 2860; x_wconf 86' lang='lat' dir='ltr'><strong>procedere</strong></span> <span class='ocrx_word' id='word_1_384' title='bbox 2727 2782 2819 2844; x_wconf 80' lang='lat' dir='ltr'><strong>vel</strong></span> <span class='ocrx_word' id='word_1_385' title='bbox 2838 2781 3194 2860; x_wconf 87' lang='lat' dir='ltr'><strong>consistere;</strong></span> <span class='ocrx_word' id='word_1_386' title='bbox 3212 2784 3318 2846; x_wconf 91' lang='lat' dir='ltr'><strong>sed</strong></span> <span class='ocrx_word' id='word_1_387' title='bbox 3341 2786 3392 2847; x_wconf 90' lang='lat' dir='ltr'><strong>si</strong></span> <span class='ocrx_word' id='word_1_388' title='bbox 3414 2785 3490 2849; x_wconf 93' lang='lat' dir='ltr'><strong>de</strong></span> <span class='ocrx_word' id='word_1_389' title='bbox 3506 2787 3581 2849; x_wconf 86' lang='lat' dir='ltr'><strong>iis</strong></span> 
     </span>
    </p>
   </div>
   <div class='ocr_carea' id='block_1_55' title="bbox 204 2863 1855 2953">
    <p class='ocr_par' dir='ltr' id='par_1_55' title="bbox 204 2863 1850 2953">
     <span class='ocr_line' id='line_1_55' title="bbox 204 2863 1850 2953; baseline -0.004 -28"><span class='ocrx_word' id='word_1_390' title='bbox 204 2890 376 2928; x_wconf 84' lang='grc' dir='ltr'>σαντα</span> <span class='ocrx_word' id='word_1_391' title='bbox 455 2867 617 2947; x_wconf 78' lang='grc' dir='ltr'>ἱερέα,</span> <span class='ocrx_word' id='word_1_392' title='bbox 717 2866 842 2942; x_wconf 69' lang='grc' dir='ltr'>εἰμὴ</span> <span class='ocrx_word' id='word_1_393' title='bbox 930 2865 1113 2953; x_wconf 80' lang='grc' dir='ltr'>ἀγνοίᾳ</span> <span class='ocrx_word' id='word_1_394' title='bbox 1193 2863 1401 2933; x_wconf 79' lang='grc' dir='ltr'>ἐκλάπη</span> <span class='ocrx_word' id='word_1_395' title='bbox 1470 2867 1850 2953; x_wconf 72' lang='grc' dir='ltr'>καθαιρεῖσθαι.</span> 
     </span>
    </p>
   </div>
   <div class='ocr_carea' id='block_1_56' title="bbox 1943 2863 3583 2953">
    <p class='ocr_par' dir='ltr' id='par_1_56' title="bbox 1943 2865 3583 2953">
     <span class='ocr_line' id='line_1_56' title="bbox 1943 2865 3583 2953; baseline 0.009 -29"><span class='ocrx_word' id='word_1_396' title='bbox 1943 2865 2305 2949; x_wconf 85' lang='lat' dir='ltr'><strong>consulatur,</strong></span> <span class='ocrx_word' id='word_1_397' title='bbox 2341 2868 2743 2948; x_wconf 89' lang='lat' dir='ltr'><strong>prohibendas</strong></span> <span class='ocrx_word' id='word_1_398' title='bbox 2773 2888 2930 2948; x_wconf 85' lang='lat' dir='ltr'><strong>esse;</strong></span> <span class='ocrx_word' id='word_1_399' title='bbox 2961 2871 3056 2933; x_wconf 90' lang='lat' dir='ltr'><strong>sin</strong></span> <span class='ocrx_word' id='word_1_400' title='bbox 3085 2873 3583 2953; x_wconf 89' lang='lat' dir='ltr'><strong>procedant,diri-</strong></span> 
     </span>
    </p>
   </div>
   <div class='ocr_carea' id='block_1_57' title="bbox 202 2951 1855 3041">
    <p class='ocr_par' dir='ltr' id='par_1_57' title="bbox 202 2951 1854 3038">
     <span class='ocr_line' id='line_1_57' title="bbox 202 2951 1854 3038; baseline -0.004 -24"><span class='ocrx_word' id='word_1_401' title='bbox 202 2958 544 3038; x_wconf 79' lang='grc' dir='ltr'>Ἐπεκύρωσε</span> <span class='ocrx_word' id='word_1_402' title='bbox 597 2954 652 3012; x_wconf 81' lang='grc' dir='ltr'>δὲ</span> <span class='ocrx_word' id='word_1_403' title='bbox 729 2956 829 3024; x_wconf 75' lang='grc' dir='ltr'>τὴν</span> <span class='ocrx_word' id='word_1_404' title='bbox 895 2952 1168 3022; x_wconf 80' lang='grc' dir='ltr'>συνοδικὴν</span> <span class='ocrx_word' id='word_1_405' title='bbox 1237 2953 1434 3020; x_wconf 89' lang='grc' dir='ltr'>ταύτην</span> <span class='ocrx_word' id='word_1_406' title='bbox 1499 2951 1682 3032; x_wconf 79' lang='grc' dir='ltr'>πρᾶξιν</span> <span class='ocrx_word' id='word_1_407' title='bbox 1766 2954 1854 3008; x_wconf 84' lang='grc' dir='ltr'><strong>καὶ</strong></span> 
     </span>
    </p>
   </div>
   <div class='ocr_carea' id='block_1_58' title="bbox 1943 2951 3585 3041">
    <p class='ocr_par' dir='ltr' id='par_1_58' title="bbox 1943 2951 3585 3041">
     <span class='ocr_line' id='line_1_58' title="bbox 1943 2951 3585 3041; baseline 0.009 -26"><span class='ocrx_word' id='word_1_408' title='bbox 1943 2955 2207 3032; x_wconf 83' lang='lat' dir='ltr'><strong>mendas,</strong></span> <span class='ocrx_word' id='word_1_409' title='bbox 2253 2964 2310 3018; x_wconf 92' lang='lat' dir='ltr'><strong>et</strong></span> <span class='ocrx_word' id='word_1_410' title='bbox 2337 2960 2739 3038; x_wconf 85' lang='lat' dir='ltr'><strong>segregandos</strong></span> <span class='ocrx_word' id='word_1_411' title='bbox 2768 2959 2870 3040; x_wconf 90' lang='lat' dir='ltr'><strong>qui</strong></span> <span class='ocrx_word' id='word_1_412' title='bbox 2901 2951 3348 3041; x_wconf 80' lang='lat' dir='ltr'><strong>contraxerint;</strong></span> <span class='ocrx_word' id='word_1_413' title='bbox 3379 2951 3452 3027; x_wconf 89' lang='lat' dir='ltr'><strong>ac</strong></span> <span class='ocrx_word' id='word_1_414' title='bbox 3479 2982 3585 3029; x_wconf 87' lang='lat' dir='ltr'><strong>sa-</strong></span> 
     </span>
    </p>
   </div>
   <div class='ocr_carea' id='block_1_59' title="bbox 199 3039 1855 3132">
    <p class='ocr_par' dir='ltr' id='par_1_59' title="bbox 199 3039 1853 3122">
     <span class='ocr_line' id='line_1_59' title="bbox 199 3039 1853 3122; baseline -0.001 -19"><span class='ocrx_word' id='word_1_415' title='bbox 199 3046 474 3122; x_wconf 84' lang='grc' dir='ltr'>θέσπισμα</span> <span class='ocrx_word' id='word_1_416' title='bbox 545 3054 638 3107; x_wconf 77' lang='grc' dir='ltr'><strong>τοῦ</strong></span> <span class='ocrx_word' id='word_1_417' title='bbox 691 3043 744 3101; x_wconf 79' lang='grc' dir='ltr'>ἐν</span> <span class='ocrx_word' id='word_1_418' title='bbox 799 3041 1098 3120; x_wconf 73' lang='grc' dir='ltr'>βασιλεῦσιν</span> <span class='ocrx_word' id='word_1_419' title='bbox 1161 3040 1397 3119; x_wconf 81' lang='grc' dir='ltr'>ἀοιδίμου</span> <span class='ocrx_word' id='word_1_420' title='bbox 1455 3039 1706 3100; x_wconf 62' lang='grc' dir='ltr'>Μανουῆλ</span> <span class='ocrx_word' id='word_1_421' title='bbox 1763 3049 1853 3101; x_wconf 77' lang='grc' dir='ltr'><strong>τοῦ</strong></span> 
     </span>
    </p>
   </div>
   <div class='ocr_carea' id='block_1_60' title="bbox 1943 3039 3584 3132">
    <p class='ocr_par' dir='ltr' id='par_1_60' title="bbox 1943 3039 3584 3132">
     <span class='ocr_line' id='line_1_60' title="bbox 1943 3039 3584 3132; baseline 0.01 -29"><span class='ocrx_word' id='word_1_422' title='bbox 1943 3041 2258 3132; x_wconf 89' lang='lat' dir='ltr'><strong>cerdotem,</strong></span> <span class='ocrx_word' id='word_1_423' title='bbox 2292 3046 2395 3126; x_wconf 93' lang='lat' dir='ltr'><strong>qui</strong></span> <span class='ocrx_word' id='word_1_424' title='bbox 2439 3047 2718 3127; x_wconf 90' lang='lat' dir='ltr'><strong>precibus</strong></span> <span class='ocrx_word' id='word_1_425' title='bbox 2763 3039 2953 3110; x_wconf 74' lang='lat' dir='ltr'><strong>sacris</strong></span> <span class='ocrx_word' id='word_1_426' title='bbox 2982 3047 3249 3132; x_wconf 88' lang='lat' dir='ltr'><strong>initiarit,</strong></span> <span class='ocrx_word' id='word_1_427' title='bbox 3287 3039 3404 3115; x_wconf 87' lang='lat' dir='ltr'><strong>nisi</strong></span> <span class='ocrx_word' id='word_1_428' title='bbox 3433 3054 3584 3120; x_wconf 85' lang='lat' dir='ltr'><strong>forte</strong></span> 
     </span>
    </p>
   </div>
   <div class='ocr_carea' id='block_1_61' title="bbox 193 3129 1855 3220">
    <p class='ocr_par' dir='ltr' id='par_1_61' title="bbox 193 3129 1847 3220">
     <span class='ocr_line' id='line_1_61' title="bbox 193 3129 1847 3220; baseline -0.004 -27"><span class='ocrx_word' id='word_1_429' title='bbox 193 3138 715 3216; x_wconf 77' lang='grc' dir='ltr'>πορφυρογεννήτου.</span> <span class='ocrx_word' id='word_1_430' title='bbox 788 3136 966 3208; x_wconf 79' lang='grc' dir='ltr'>Ταύτῃ</span> <span class='ocrx_word' id='word_1_431' title='bbox 1044 3153 1125 3189; x_wconf 92' lang='grc' dir='ltr'><strong>τοι</strong></span> <span class='ocrx_word' id='word_1_432' title='bbox 1181 3131 1269 3188; x_wconf 83' lang='grc' dir='ltr'>καὶ</span> <span class='ocrx_word' id='word_1_433' title='bbox 1314 3133 1416 3220; x_wconf 16' lang='grc' dir='ltr'>,οὐκ</span> <span class='ocrx_word' id='word_1_434' title='bbox 1468 3129 1680 3220; x_wconf 15' lang='grc' dir='ltr'>,ἐφεῖταί</span> <span class='ocrx_word' id='word_1_435' title='bbox 1743 3152 1847 3220; x_wconf 80' lang='grc' dir='ltr'>τινι</span> 
     </span>
    </p>
   </div>
   <div class='ocr_carea' id='block_1_62' title="bbox 1943 3129 3582 3220">
    <p class='ocr_par' dir='ltr' id='par_1_62' title="bbox 1943 3129 3582 3220">
     <span class='ocr_line' id='line_1_62' title="bbox 1943 3129 3582 3220; baseline 0.009 -28"><span class='ocrx_word' id='word_1_436' title='bbox 1943 3148 2040 3211; x_wconf 86' lang='lat' dir='ltr'><strong>per</strong></span> <span class='ocrx_word' id='word_1_437' title='bbox 2091 3131 2485 3211; x_wconf 85' lang='lat' dir='ltr'><strong>ignorantiam</strong></span> <span class='ocrx_word' id='word_1_438' title='bbox 2534 3144 2839 3216; x_wconf 88' lang='lat' dir='ltr'><strong>surreptus</strong></span> <span class='ocrx_word' id='word_1_439' title='bbox 2875 3135 3076 3217; x_wconf 84' lang='lat' dir='ltr'><strong>fuerit,</strong></span> <span class='ocrx_word' id='word_1_440' title='bbox 3129 3129 3582 3220; x_wconf 89' lang='lat' dir='ltr'><strong>deponendum.</strong></span> 
     </span>
    </p>
   </div>
   <div class='ocr_carea' id='block_1_63' title="bbox 188 3215 1855 3306">
    <p class='ocr_par' dir='ltr' id='par_1_63' title="bbox 188 3215 1848 3305">
     <span class='ocr_line' id='line_1_63' title="bbox 188 3215 1848 3305; baseline -0.004 -23"><span class='ocrx_word' id='word_1_441' title='bbox 188 3215 294 3294; x_wconf 80' lang='grc' dir='ltr'>τὴν</span> <span class='ocrx_word' id='word_1_442' title='bbox 356 3232 447 3281; x_wconf 78' lang='grc' dir='ltr'>τοῦ</span> <span class='ocrx_word' id='word_1_443' title='bbox 517 3222 846 3305; x_wconf 73' lang='grc' dir='ltr'>διεξαδέλφου</span> <span class='ocrx_word' id='word_1_444' title='bbox 902 3221 1059 3277; x_wconf 71' lang='grc' dir='ltr'>αὐτοῦ</span> <span class='ocrx_word' id='word_1_445' title='bbox 1135 3219 1389 3299; x_wconf 82' lang='grc' dir='ltr'>θυγατέρα</span> <span class='ocrx_word' id='word_1_446' title='bbox 1466 3218 1674 3294; x_wconf 79' lang='grc' dir='ltr'>λαϐεῖν,</span> <span class='ocrx_word' id='word_1_447' title='bbox 1731 3219 1848 3276; x_wconf 79' lang='grc' dir='ltr'>ἀνει-</span> 
     </span>
    </p>
   </div>
   <div class='ocr_carea' id='block_1_64' title="bbox 1943 3215 3581 3306">
    <p class='ocr_par' dir='ltr' id='par_1_64' title="bbox 1943 3215 3581 3306">
     <span class='ocr_line' id='line_1_64' title="bbox 1943 3215 3581 3306; baseline 0.009 -25"><span class='ocrx_word' id='word_1_448' title='bbox 1943 3223 2118 3302; x_wconf 67' lang='lat' dir='ltr'><strong>Atque</strong></span> <span class='ocrx_word' id='word_1_449' title='bbox 2140 3221 2293 3284; x_wconf 90' lang='lat' dir='ltr'><strong>banc</strong></span> <span class='ocrx_word' id='word_1_450' title='bbox 2323 3241 2450 3286; x_wconf 87' lang='lat' dir='ltr'><strong>rem</strong></span> <span class='ocrx_word' id='word_1_451' title='bbox 2470 3233 2660 3286; x_wconf 88' lang='lat' dir='ltr'><strong>actam</strong></span> <span class='ocrx_word' id='word_1_452' title='bbox 2682 3215 2745 3286; x_wconf 85' lang='lat' dir='ltr'><strong>in</strong></span> <span class='ocrx_word' id='word_1_453' title='bbox 2762 3226 2985 3306; x_wconf 83' lang='lat' dir='ltr'><strong>synodo</strong></span> <span class='ocrx_word' id='word_1_454' title='bbox 3001 3215 3374 3292; x_wconf 81' lang='lat' dir='ltr'><strong>conﬁrmavit</strong></span> <span class='ocrx_word' id='word_1_455' title='bbox 3403 3232 3581 3294; x_wconf 87' lang='lat' dir='ltr'><strong>etiam</strong></span> 
     </span>
    </p>
   </div>
   <div class='ocr_carea' id='block_1_65' title="bbox 189 3308 1855 3395">
    <p class='ocr_par' dir='ltr' id='par_1_65' title="bbox 189 3308 1847 3394">
     <span class='ocr_line' id='line_1_65' title="bbox 189 3308 1847 3394; baseline -0.005 -21"><span class='ocrx_word' id='word_1_456' title='bbox 189 3317 327 3392; x_wconf 77' lang='grc' dir='ltr'><strong>ψιάν</strong></span> <span class='ocrx_word' id='word_1_457' title='bbox 371 3314 553 3371; x_wconf 83' lang='grc' dir='ltr'>τούτου</span> <span class='ocrx_word' id='word_1_458' title='bbox 610 3315 1001 3394; x_wconf 82' lang='grc' dir='ltr'>τυγχάνουσαν,</span> <span class='ocrx_word' id='word_1_459' title='bbox 1047 3311 1118 3366; x_wconf 83' lang='grc' dir='ltr'><strong>Γὸ</strong></span> <span class='ocrx_word' id='word_1_460' title='bbox 1173 3311 1272 3389; x_wconf 78' lang='grc' dir='ltr'><strong>γὰρ</strong></span> <span class='ocrx_word' id='word_1_461' title='bbox 1329 3310 1478 3391; x_wconf 74' lang='grc' dir='ltr'>φύσει</span> <span class='ocrx_word' id='word_1_462' title='bbox 1528 3308 1725 3366; x_wconf 81' lang='grc' dir='ltr'>δίκαιον</span> <span class='ocrx_word' id='word_1_463' title='bbox 1759 3309 1847 3365; x_wconf 78' lang='grc' dir='ltr'><strong>καὶ</strong></span> 
     </span>
    </p>
   </div>
   <div class='ocr_carea' id='block_1_66' title="bbox 1943 3308 3578 3395">
    <p class='ocr_par' dir='ltr' id='par_1_66' title="bbox 1943 3309 3578 3395">
     <span class='ocr_line' id='line_1_66' title="bbox 1943 3309 3578 3395; baseline 0.009 -25"><span class='ocrx_word' id='word_1_464' title='bbox 1943 3309 2271 3372; x_wconf 85' lang='lat' dir='ltr'><strong>:onstitutio</strong></span> <span class='ocrx_word' id='word_1_465' title='bbox 2301 3312 2446 3374; x_wconf 88' lang='lat' dir='ltr'><strong>clari</strong></span> <span class='ocrx_word' id='word_1_466' title='bbox 2482 3313 2638 3376; x_wconf 88' lang='lat' dir='ltr'><strong>inter</strong></span> <span class='ocrx_word' id='word_1_467' title='bbox 2665 3313 3056 3395; x_wconf 89' lang='lat' dir='ltr'><strong>imperatores</strong></span> <span class='ocrx_word' id='word_1_468' title='bbox 3097 3318 3384 3382; x_wconf 88' lang='lat' dir='ltr'><strong>Manuelis</strong></span> <span class='ocrx_word' id='word_1_469' title='bbox 3415 3321 3578 3384; x_wconf 91' lang='lat' dir='ltr'><strong>illius</strong></span> 
     </span>
    </p>
   </div>
   <div class='ocr_carea' id='block_1_67' title="bbox 187 3396 1855 3488">
    <p class='ocr_par' dir='ltr' id='par_1_67' title="bbox 187 3397 1844 3486">
     <span class='ocr_line' id='line_1_67' title="bbox 187 3397 1844 3486; baseline -0.006 -22"><span class='ocrx_word' id='word_1_470' title='bbox 187 3405 452 3486; x_wconf 69' lang='grc' dir='ltr'>εὐπρεπὲς</span> <span class='ocrx_word' id='word_1_471' title='bbox 493 3404 580 3460; x_wconf 85' lang='grc' dir='ltr'>καὶ</span> <span class='ocrx_word' id='word_1_472' title='bbox 623 3403 836 3479; x_wconf 81' lang='grc' dir='ltr'>σεμνὸν,</span> <span class='ocrx_word' id='word_1_473' title='bbox 884 3401 1060 3478; x_wconf 83' lang='grc' dir='ltr'>ὥσπερ</span> <span class='ocrx_word' id='word_1_474' title='bbox 1088 3399 1204 3458; x_wconf 79' lang='grc' dir='ltr'>τι.νά</span> <span class='ocrx_word' id='word_1_475' title='bbox 1240 3397 1464 3479; x_wconf 78' lang='grc' dir='ltr'>χαλινὸν</span> <span class='ocrx_word' id='word_1_476' title='bbox 1491 3411 1608 3463; x_wconf 78' lang='grc' dir='ltr'>τοῖς</span> <span class='ocrx_word' id='word_1_477' title='bbox 1651 3398 1844 3478; x_wconf 84' lang='grc' dir='ltr'>γάμοις</span> 
     </span>
    </p>
   </div>
   <div class='ocr_carea' id='block_1_68' title="bbox 1943 3396 3576 3488">
    <p class='ocr_par' dir='ltr' id='par_1_68' title="bbox 1943 3399 3576 3488">
     <span class='ocr_line' id='line_1_68' title="bbox 1943 3399 3576 3488; baseline 0.008 -29"><span class='ocrx_word' id='word_1_478' title='bbox 1943 3417 1988 3460; x_wconf 56' lang='grc' dir='ltr'>ιη</span> <span class='ocrx_word' id='word_1_479' title='bbox 2011 3399 2309 3488; x_wconf 89' lang='lat' dir='ltr'><strong>porphyra</strong></span> <span class='ocrx_word' id='word_1_480' title='bbox 2339 3400 2485 3464; x_wconf 88' lang='lat' dir='ltr'><strong>nati.</strong></span> <span class='ocrx_word' id='word_1_481' title='bbox 2521 3399 2688 3464; x_wconf 86' lang='lat' dir='ltr'><strong>Hanc</strong></span> <span class='ocrx_word' id='word_1_482' title='bbox 2720 3404 2799 3465; x_wconf 92' lang='lat' dir='ltr'><strong>ob</strong></span> <span class='ocrx_word' id='word_1_483' title='bbox 2849 3422 3090 3468; x_wconf 86' lang='lat' dir='ltr'><strong>causam</strong></span> <span class='ocrx_word' id='word_1_484' title='bbox 3121 3423 3243 3468; x_wconf 92' lang='lat' dir='ltr'><strong>non</strong></span> <span class='ocrx_word' id='word_1_485' title='bbox 3273 3409 3576 3488; x_wconf 89' lang='lat' dir='ltr'><strong>permitti-</strong></span> 
     </span>
    </p>
   </div>
   <div class='ocr_carea' id='block_1_69' title="bbox 185 3486 1855 3571">
    <p class='ocr_par' dir='ltr' id='par_1_69' title="bbox 185 3491 568 3561">
     <span class='ocr_line' id='line_1_69' title="bbox 185 3491 568 3561; baseline 0.01 -11"><span class='ocrx_word' id='word_1_486' title='bbox 185 3493 455 3561; x_wconf 81' lang='grc' dir='ltr'>ἐπέθηκεν</span> <span class='ocrx_word' id='word_1_487' title='bbox 482 3491 568 3554; x_wconf 73' lang='lat'><strong>93.</strong></span> 
     </span>
    </p>
   </div>
   <div class='ocr_carea' id='block_1_70' title="bbox 1943 3486 3578 3571">
    <p class='ocr_par' dir='ltr' id='par_1_70' title="bbox 1943 3486 3578 3571">
     <span class='ocr_line' id='line_1_70' title="bbox 1943 3486 3578 3571; baseline 0.009 -23"><span class='ocrx_word' id='word_1_488' title='bbox 1943 3505 2024 3548; x_wconf 75' lang='lat' dir='ltr'><strong>Ltll‘</strong></span> <span class='ocrx_word' id='word_1_489' title='bbox 2055 3486 2208 3570; x_wconf 88' lang='lat'><strong>(70),</strong></span> <span class='ocrx_word' id='word_1_490' title='bbox 2239 3489 2324 3550; x_wconf 91' lang='lat' dir='ltr'><strong>uti</strong></span> <span class='ocrx_word' id='word_1_491' title='bbox 2352 3491 2484 3571; x_wconf 90' lang='lat' dir='ltr'><strong>quis</strong></span> <span class='ocrx_word' id='word_1_492' title='bbox 2513 3490 2742 3554; x_wconf 90' lang='lat' dir='ltr'><strong>sobrini</strong></span> <span class='ocrx_word' id='word_1_493' title='bbox 2781 3492 2872 3566; x_wconf 84' lang='lat' dir='ltr'><strong>sui</strong></span> <span class='ocrx_word' id='word_1_494' title='bbox 2903 3493 3084 3556; x_wconf 87' lang='lat' dir='ltr'><strong>ﬁliam</strong></span> <span class='ocrx_word' id='word_1_495' title='bbox 3119 3486 3297 3558; x_wconf 77' lang='lat' dir='ltr'><strong>ducat</strong></span> <span class='ocrx_word' id='word_1_496' title='bbox 3326 3517 3578 3563; x_wconf 83' lang='lat' dir='ltr'><strong>uxorem</strong></span> 
     </span>
    </p>
   </div>
   <div class='ocr_carea' id='block_1_71' title="bbox 187 3573 3583 3670">
    <p class='ocr_par' dir='ltr' id='par_1_71' title="bbox 187 3573 3583 3670">
     <span class='ocr_line' id='line_1_71' title="bbox 187 3573 3583 3670; baseline 0.002 -27"><span class='ocrx_word' id='word_1_497' title='bbox 187 3599 331 3664; x_wconf 62' lang='lat' dir='ltr'><strong>quae</strong></span> <span class='ocrx_word' id='word_1_498' title='bbox 359 3579 478 3661; x_wconf 84' lang='lat' dir='ltr'><strong>ipsi</strong></span> <span class='ocrx_word' id='word_1_499' title='bbox 507 3578 639 3670; x_wconf 84' lang='lat' dir='ltr'><strong>loco</strong></span> <span class='ocrx_word' id='word_1_500' title='bbox 669 3577 925 3670; x_wconf 63' lang='lat' dir='ltr'><strong>sobrina;</strong></span> <span class='ocrx_word' id='word_1_501' title='bbox 955 3583 1069 3643; x_wconf 90' lang='lat' dir='ltr'><strong>est.</strong></span> <span class='ocrx_word' id='word_1_502' title='bbox 1101 3575 1332 3659; x_wconf 86' lang='lat' dir='ltr'><strong>Quippe</strong></span> <span class='ocrx_word' id='word_1_503' title='bbox 1362 3573 1638 3638; x_wconf 85' lang='lat' dir='ltr'><strong>naturale</strong></span> <span class='ocrx_word' id='word_1_504' title='bbox 1671 3573 1794 3656; x_wconf 89' lang='lat' dir='ltr'><strong>jus,</strong></span> <span class='ocrx_word' id='word_1_505' title='bbox 1828 3581 1888 3637; x_wconf 67' lang='lat' dir='ltr'><strong>et</strong></span> <span class='ocrx_word' id='word_1_506' title='bbox 1915 3575 2285 3643; x_wconf 87' lang='lat' dir='ltr'><strong>honestatem</strong></span> <span class='ocrx_word' id='word_1_507' title='bbox 2339 3587 2396 3640; x_wconf 92' lang='lat' dir='ltr'><strong>et</strong></span> <span class='ocrx_word' id='word_1_508' title='bbox 2443 3581 2757 3660; x_wconf 90' lang='lat' dir='ltr'><strong>pudorem,</strong></span> <span class='ocrx_word' id='word_1_509' title='bbox 2793 3584 2958 3663; x_wconf 90' lang='lat' dir='ltr'><strong>quasi</strong></span> <span class='ocrx_word' id='word_1_510' title='bbox 2987 3582 3226 3646; x_wconf 88' lang='lat' dir='ltr'><strong>frenum</strong></span> <span class='ocrx_word' id='word_1_511' title='bbox 3253 3587 3583 3670; x_wconf 89' lang='lat' dir='ltr'><strong>quoddam,</strong></span> 
     </span>
    </p>
   </div>
   <div class='ocr_carea' id='block_1_72' title="bbox 181 3667 878 3754">
    <p class='ocr_par' dir='ltr' id='par_1_72' title="bbox 181 3667 878 3754">
     <span class='ocr_line' id='line_1_72' title="bbox 181 3667 878 3754; baseline -0.003 -20"><span class='ocrx_word' id='word_1_512' title='bbox 181 3669 422 3754; x_wconf 89' lang='lat' dir='ltr'><strong>nuptiis</strong></span> <span class='ocrx_word' id='word_1_513' title='bbox 448 3669 544 3732; x_wconf 82' lang='lat' dir='ltr'><strong>lex</strong></span> <span class='ocrx_word' id='word_1_514' title='bbox 571 3667 878 3750; x_wconf 89' lang='lat' dir='ltr'><strong>imposuit.</strong></span> 
     </span>
    </p>
   </div>
   <div class='ocr_carea' id='block_1_73' title="bbox 446 3753 1855 3840">
    <p class='ocr_par' dir='ltr' id='par_1_73' title="bbox 446 3753 1602 3840">
     <span class='ocr_line' id='line_1_73' title="bbox 446 3753 1602 3840; baseline -0.003 -23"><span class='ocrx_word' id='word_1_515' title='bbox 446 3784 475 3816; x_wconf 73' lang='grc' dir='ltr'><strong>α</strong></span> <span class='ocrx_word' id='word_1_516' title='bbox 509 3761 632 3840; x_wconf 83' lang='grc' dir='ltr'>Περὶ</span> <span class='ocrx_word' id='word_1_517' title='bbox 646 3769 738 3818; x_wconf 78' lang='grc' dir='ltr'><strong>τοῦ</strong></span> <span class='ocrx_word' id='word_1_518' title='bbox 766 3757 818 3823; x_wconf 80' lang='grc' dir='ltr'>ἐξ</span> <span class='ocrx_word' id='word_1_519' title='bbox 850 3756 1080 3832; x_wconf 65' lang='grc' dir='ltr'>αἵματος</span> <span class='ocrx_word' id='word_1_520' title='bbox 1108 3753 1299 3834; x_wconf 82' lang='grc' dir='ltr'>ὀγδόου</span> <span class='ocrx_word' id='word_1_521' title='bbox 1320 3756 1545 3834; x_wconf 81' lang='grc' dir='ltr'>βαθμοῦ.</span> <span class='ocrx_word' id='word_1_522' title='bbox 1571 3774 1602 3815; x_wconf 69' lang='grc' dir='ltr'><strong><em>ι</em></strong></span> 
     </span>
    </p>
   </div>
   <div class='ocr_carea' id='block_1_74' title="bbox 1943 3753 3318 3840">
    <p class='ocr_par' dir='ltr' id='par_1_74' title="bbox 2172 3755 3318 3840">
     <span class='ocr_line' id='line_1_74' title="bbox 2172 3755 3318 3840; baseline 0.003 -23"><span class='ocrx_word' id='word_1_523' title='bbox 2172 3755 2264 3817; x_wconf 86' lang='lat' dir='ltr'><strong>De</strong></span> <span class='ocrx_word' id='word_1_524' title='bbox 2289 3757 2491 3839; x_wconf 84' lang='lat' dir='ltr'><strong>gradu</strong></span> <span class='ocrx_word' id='word_1_525' title='bbox 2519 3759 3066 3840; x_wconf 75' lang='lat' dir='ltr'><strong>consanguinitatis</strong></span> <span class='ocrx_word' id='word_1_526' title='bbox 3091 3767 3318 3824; x_wconf 85' lang='lat' dir='ltr'><strong>octavo.</strong></span> 
     </span>
    </p>
   </div>
   <div class='ocr_carea' id='block_1_75' title="bbox 268 3841 1855 3936">
    <p class='ocr_par' dir='ltr' id='par_1_75' title="bbox 268 3841 1846 3936">
     <span class='ocr_line' id='line_1_75' title="bbox 268 3841 1846 3936; baseline -0.006 -27"><span class='ocrx_word' id='word_1_527' title='bbox 268 3851 374 3914; x_wconf 79' lang='grc' dir='ltr'>Εἵς</span> <span class='ocrx_word' id='word_1_528' title='bbox 407 3872 468 3930; x_wconf 90' lang='grc' dir='ltr'><strong>γε</strong></span> <span class='ocrx_word' id='word_1_529' title='bbox 500 3851 608 3926; x_wconf 80' lang='grc' dir='ltr'>μὴν</span> <span class='ocrx_word' id='word_1_530' title='bbox 652 3852 743 3906; x_wconf 84' lang='grc' dir='ltr'>τὸν</span> <span class='ocrx_word' id='word_1_531' title='bbox 786 3845 968 3927; x_wconf 75' lang='grc' dir='ltr'>ὄγδοον</span> <span class='ocrx_word' id='word_1_532' title='bbox 1022 3846 1224 3936; x_wconf 82' lang='grc' dir='ltr'>βαθμὸν</span> <span class='ocrx_word' id='word_1_533' title='bbox 1279 3843 1572 3936; x_wconf 84' lang='grc' dir='ltr'>προϐαίνων</span> <span class='ocrx_word' id='word_1_534' title='bbox 1590 3847 1638 3936; x_wconf 36' lang='grc' dir='ltr'>ῌὸ</span> <span class='ocrx_word' id='word_1_535' title='bbox 1749 3844 1846 3900; x_wconf 83' lang='grc' dir='ltr'>α’ί-</span> 
     </span>
    </p>
   </div>
   <div class='ocr_carea' id='block_1_76' title="bbox 1943 3841 3575 3936">
    <p class='ocr_par' dir='ltr' id='par_1_76' title="bbox 2007 3845 3575 3936">
     <span class='ocr_line' id='line_1_76' title="bbox 2007 3845 3575 3936; baseline 0.006 -26"><span class='ocrx_word' id='word_1_536' title='bbox 2007 3845 2404 3930; x_wconf 69' lang='grc' dir='ltr'>Νιιρῑίω,‹ιιιεο</span> <span class='ocrx_word' id='word_1_537' title='bbox 2431 3849 2588 3913; x_wconf 90' lang='lat' dir='ltr'><strong>inter</strong></span> <span class='ocrx_word' id='word_1_538' title='bbox 2615 3853 3093 3933; x_wconf 76' lang='lat' dir='ltr'><strong>consanguineos</strong></span> <span class='ocrx_word' id='word_1_539' title='bbox 3123 3854 3575 3936; x_wconf 90' lang='lat' dir='ltr'><strong>contrahuntur,</strong></span> 
     </span>
    </p>
   </div>
   <div class='ocr_carea' id='block_1_77' title="bbox 179 3931 1855 4024">
    <p class='ocr_par' dir='ltr' id='par_1_77' title="bbox 179 3931 1845 4024">
     <span class='ocr_line' id='line_1_77' title="bbox 179 3931 1845 4024; baseline -0.005 -26"><span class='ocrx_word' id='word_1_540' title='bbox 179 3963 363 4016; x_wconf 86' lang='grc' dir='ltr'>ματος</span> <span class='ocrx_word' id='word_1_541' title='bbox 395 3940 590 4018; x_wconf 88' lang='grc' dir='ltr'>γάμος,</span> <span class='ocrx_word' id='word_1_542' title='bbox 624 3937 1056 4024; x_wconf 61' lang='grc' dir='ltr'>συγκεχώρηται.</span> <span class='ocrx_word' id='word_1_543' title='bbox 1109 3935 1218 4024; x_wconf 69' lang='grc' dir='ltr'><strong>Τὴν</strong></span> <span class='ocrx_word' id='word_1_544' title='bbox 1287 3935 1386 4024; x_wconf 65' lang='grc' dir='ltr'><strong>γάρ</strong></span> <span class='ocrx_word' id='word_1_545' title='bbox 1439 3931 1845 4024; x_wconf 64' lang='grc' dir='ltr'>τρισεξαδέλφην</span> 
     </span>
    </p>
   </div>
   <div class='ocr_carea' id='block_1_78' title="bbox 1943 3931 3578 4024">
    <p class='ocr_par' dir='ltr' id='par_1_78' title="bbox 1943 3931 3578 4024">
     <span class='ocr_line' id='line_1_78' title="bbox 1943 3931 3578 4024; baseline 0.006 -26"><span class='ocrx_word' id='word_1_546' title='bbox 1943 3938 1979 3998; x_wconf 75' lang='lat' dir='ltr'><strong>si</strong></span> <span class='ocrx_word' id='word_1_547' title='bbox 2010 3936 2084 3999; x_wconf 89' lang='lat' dir='ltr'><strong>ad</strong></span> <span class='ocrx_word' id='word_1_548' title='bbox 2113 3943 2384 4001; x_wconf 85' lang='lat' dir='ltr'><strong>octavum</strong></span> <span class='ocrx_word' id='word_1_549' title='bbox 2414 3957 2600 4020; x_wconf 89' lang='lat' dir='ltr'><strong>usque</strong></span> <span class='ocrx_word' id='word_1_550' title='bbox 2630 3931 2877 4018; x_wconf 81' lang='lat' dir='ltr'><strong>gradum</strong></span> <span class='ocrx_word' id='word_1_551' title='bbox 2933 3940 3281 4021; x_wconf 90' lang='lat' dir='ltr'><strong>procedant,</strong></span> <span class='ocrx_word' id='word_1_552' title='bbox 3316 3931 3578 4024; x_wconf 38' lang='lat' dir='ltr'><strong>permisi-</strong></span> 
     </span>
    </p>
   </div>
   <div class='ocr_carea' id='block_1_79' title="bbox 176 4005 1855 4116">
    <p class='ocr_par' dir='ltr' id='par_1_79' title="bbox 176 4005 1842 4108">
     <span class='ocr_line' id='line_1_79' title="bbox 176 4005 1842 4108; baseline -0.006 -20"><span class='ocrx_word' id='word_1_553' title='bbox 176 4005 216 4098; x_wconf 51' lang='grc' dir='ltr'>ἦ</span> <span class='ocrx_word' id='word_1_554' title='bbox 262 4032 371 4099; x_wconf 76' lang='grc' dir='ltr'>τὴν</span> <span class='ocrx_word' id='word_1_555' title='bbox 411 4005 644 4108; x_wconf 51' lang='grc' dir='ltr'>’ἐγγόνίην</span> <span class='ocrx_word' id='word_1_556' title='bbox 702 4005 1165 4105; x_wconf 53' lang='grc' dir='ltr'>τοῦηδίεξαδὲλφου</span> <span class='ocrx_word' id='word_1_557' title='bbox 1193 4005 1503 4098; x_wconf 77' lang='grc' dir='ltr'>λαμϐάνειν,</span> <span class='ocrx_word' id='word_1_558' title='bbox 1537 4019 1644 4080; x_wconf 67' lang='grc' dir='ltr'>οὐδ’</span> <span class='ocrx_word' id='word_1_559' title='bbox 1685 4005 1842 4092; x_wconf 74' lang='grc' dir='ltr'>ἡντι-</span> 
     </span>
    </p>
   </div>
   <div class='ocr_carea' id='block_1_80' title="bbox 1943 4005 3576 4116">
    <p class='ocr_par' dir='ltr' id='par_1_80' title="bbox 1943 4005 3576 4116">
     <span class='ocr_line' id='line_1_80' title="bbox 1943 4005 3576 4116; baseline 0.005 -28"><span class='ocrx_word' id='word_1_560' title='bbox 1943 4043 2011 4088; x_wconf 70' lang='lat' dir='ltr'><strong>tae</strong></span> <span class='ocrx_word' id='word_1_561' title='bbox 2035 4034 2196 4116; x_wconf 84' lang='lat' dir='ltr'><strong>sunt.</strong></span> <span class='ocrx_word' id='word_1_562' title='bbox 2230 4025 2462 4116; x_wconf 87' lang='lat' dir='ltr'><strong>Quippe</strong></span> <span class='ocrx_word' id='word_1_563' title='bbox 2503 4005 2663 4090; x_wconf 48' lang='lat' dir='ltr'><strong>.nativ</strong></span> <span class='ocrx_word' id='word_1_564' title='bbox 2688 4047 2758 4092; x_wconf 86' lang='lat' dir='ltr'><strong>ex</strong></span> <span class='ocrx_word' id='word_1_565' title='bbox 2790 4005 3031 4091; x_wconf 83' lang='lat' dir='ltr'><strong>sobrino</strong></span> <span class='ocrx_word' id='word_1_566' title='bbox 3063 4005 3401 4107; x_wconf 35' lang='lat' dir='ltr'><strong>ﬁliamJJel</strong></span> <span class='ocrx_word' id='word_1_567' title='bbox 3424 4005 3576 4116; x_wconf 76' lang='lat' dir='ltr'><strong>nep-</strong></span> 
     </span>
    </p>
   </div>
   <div class='ocr_carea' id='block_1_81' title="bbox 179 4115 1855 4199">
    <p class='ocr_par' dir='ltr' id='par_1_81' title="bbox 179 4115 780 4199">
     <span class='ocr_line' id='line_1_81' title="bbox 179 4115 780 4199; baseline -0.007 -23"><span class='ocrx_word' id='word_1_568' title='bbox 179 4127 346 4178; x_wconf 82' lang='grc' dir='ltr'>ναοῦν</span> <span class='ocrx_word' id='word_1_569' title='bbox 380 4116 497 4199; x_wconf 76' lang='grc' dir='ltr'>ἔχει</span> <span class='ocrx_word' id='word_1_570' title='bbox 531 4115 780 4178; x_wconf 83' lang='grc' dir='ltr'>κώλυσιν.</span> 
     </span>
    </p>
   </div>
   <div class='ocr_carea' id='block_1_82' title="bbox 1943 4115 3514 4199">
    <p class='ocr_par' dir='ltr' id='par_1_82' title="bbox 1943 4115 3514 4199">
     <span class='ocr_line' id='line_1_82' title="bbox 1943 4115 3514 4199; baseline 0.007 -24"><span class='ocrx_word' id='word_1_571' title='bbox 1943 4133 2046 4179; x_wconf 75' lang='lat' dir='ltr'><strong>em</strong></span> <span class='ocrx_word' id='word_1_572' title='bbox 2076 4115 2305 4178; x_wconf 92' lang='lat' dir='ltr'><strong>sobrini</strong></span> <span class='ocrx_word' id='word_1_573' title='bbox 2326 4115 2548 4179; x_wconf 89' lang='lat' dir='ltr'><strong>ducere</strong></span> <span class='ocrx_word' id='word_1_574' title='bbox 2578 4117 2742 4179; x_wconf 92' lang='lat' dir='ltr'><strong>nullo</strong></span> <span class='ocrx_word' id='word_1_575' title='bbox 2774 4117 2950 4179; x_wconf 91' lang='lat' dir='ltr'><strong>modo</strong></span> <span class='ocrx_word' id='word_1_576' title='bbox 2979 4117 3112 4199; x_wconf 91' lang='lat' dir='ltr'><strong>quis</strong></span> <span class='ocrx_word' id='word_1_577' title='bbox 3143 4115 3514 4198; x_wconf 72' lang='lat' dir='ltr'><strong>prohibetur.</strong></span> 
     </span>
    </p>
   </div>
   <div class='ocr_carea' id='block_1_83' title="bbox 445 4201 1855 4288">
    <p class='ocr_par' dir='ltr' id='par_1_83' title="bbox 445 4201 1833 4288">
     <span class='ocr_line' id='line_1_83' title="bbox 445 4201 1833 4288; baseline 0.015 -26"><span class='ocrx_word' id='word_1_578' title='bbox 445 4230 472 4262; x_wconf 76' lang='grc' dir='ltr'><strong>α</strong></span> <span class='ocrx_word' id='word_1_579' title='bbox 510 4207 635 4287; x_wconf 82' lang='grc' dir='ltr'>Περὶ</span> <span class='ocrx_word' id='word_1_580' title='bbox 661 4211 769 4263; x_wconf 85' lang='grc' dir='ltr'><strong>τῶν</strong></span> <span class='ocrx_word' id='word_1_581' title='bbox 811 4204 871 4261; x_wconf 79' lang='grc' dir='ltr'><strong>ἐκ</strong></span> <span class='ocrx_word' id='word_1_582' title='bbox 893 4205 1134 4284; x_wconf 86' lang='grc' dir='ltr'>πορνείας</span> <span class='ocrx_word' id='word_1_583' title='bbox 1166 4201 1530 4282; x_wconf 76' lang='grc' dir='ltr'><strong>γεννωμένων·</strong></span> <span class='ocrx_word' id='word_1_584' title='bbox 1567 4222 1596 4257; x_wconf 77' lang='grc'><em>³</em></span> <span class='ocrx_word' id='word_1_585' title='bbox 1732 4286 1765 4288; x_wconf 19' lang='grc' dir='ltr'><em>γ,</em></span> <span class='ocrx_word' id='word_1_586' title='bbox 1790 4286 1799 4288; x_wconf 80' lang='lat'><strong><em>_</em></strong></span> <span class='ocrx_word' id='word_1_587' title='bbox 1828 4287 1833 4288; x_wconf 26' lang='grc' dir='ltr'><strong>ν</strong></span> 
     </span>
    </p>
   </div>
   <div class='ocr_carea' id='block_1_84' title="bbox 1943 4201 3059 4288">
    <p class='ocr_par' dir='ltr' id='par_1_84' title="bbox 2445 4206 3059 4288">
     <span class='ocr_line' id='line_1_84' title="bbox 2445 4206 3059 4288; baseline 0 -19"><span class='ocrx_word' id='word_1_588' title='bbox 2445 4209 2528 4269; x_wconf 84' lang='lat' dir='ltr'><strong>De</strong></span> <span class='ocrx_word' id='word_1_589' title='bbox 2558 4206 2735 4288; x_wconf 85' lang='lat' dir='ltr'><strong>vulgo</strong></span> <span class='ocrx_word' id='word_1_590' title='bbox 2763 4208 3059 4288; x_wconf 68' lang='lat' dir='ltr'><strong>quaesitis.</strong></span> 
     </span>
    </p>
   </div>
   <div class='ocr_carea' id='block_1_85' title="bbox 141 4286 1855 4384">
    <p class='ocr_par' dir='ltr' id='par_1_85' title="bbox 141 4286 1841 4384">
     <span class='ocr_line' id='line_1_85' title="bbox 141 4286 1841 4384; baseline -0.009 -26"><span class='ocrx_word' id='word_1_591' title='bbox 141 4327 145 4331; x_wconf 91' lang='grc'><strong>·</strong></span> <span class='ocrx_word' id='word_1_592' title='bbox 259 4299 340 4357; x_wconf 83' lang='grc' dir='ltr'>Τὸ</span> <span class='ocrx_word' id='word_1_593' title='bbox 385 4293 440 4352; x_wconf 78' lang='grc' dir='ltr'>δὲ</span> <span class='ocrx_word' id='word_1_594' title='bbox 471 4297 534 4352; x_wconf 66' lang='grc' dir='ltr'>ἔκ</span> <span class='ocrx_word' id='word_1_595' title='bbox 575 4286 841 4375; x_wconf 81' lang='grc' dir='ltr'>πορνείας,</span> <span class='ocrx_word' id='word_1_596' title='bbox 902 4293 996 4350; x_wconf 75' lang='grc' dir='ltr'>οὐκ</span> <span class='ocrx_word' id='word_1_597' title='bbox 1037 4290 1154 4373; x_wconf 78' lang='grc' dir='ltr'>ἔχει</span> <span class='ocrx_word' id='word_1_598' title='bbox 1211 4291 1353 4348; x_wconf 73' lang='grc' dir='ltr'>ἅπαν</span> <span class='ocrx_word' id='word_1_599' title='bbox 1401 4288 1566 4384; x_wconf 50' lang='grc' dir='ltr'>ὀᾭομα</span> <span class='ocrx_word' id='word_1_600' title='bbox 1596 4289 1674 4365; x_wconf 87' lang='grc' dir='ltr'>ἓν,</span> <span class='ocrx_word' id='word_1_601' title='bbox 1720 4286 1841 4344; x_wconf 81' lang='grc' dir='ltr'>ἀλλ’</span> 
     </span>
    </p>
   </div>
   <div class='ocr_carea' id='block_1_86' title="bbox 1943 4286 3568 4384">
    <p class='ocr_par' dir='ltr' id='par_1_86' title="bbox 2005 4286 3568 4384">
     <span class='ocr_line' id='line_1_86' title="bbox 2005 4286 3568 4384; baseline 0.004 -24"><span class='ocrx_word' id='word_1_602' title='bbox 2005 4295 2192 4377; x_wconf 82' lang='lat' dir='ltr'><strong>Vulgo</strong></span> <span class='ocrx_word' id='word_1_603' title='bbox 2223 4298 2608 4380; x_wconf 58' lang='lat' dir='ltr'><strong>quaesiti;non</strong></span> <span class='ocrx_word' id='word_1_604' title='bbox 2636 4286 2796 4360; x_wconf 79' lang='lat' dir='ltr'><strong>idem</strong></span> <span class='ocrx_word' id='word_1_605' title='bbox 2828 4317 3042 4362; x_wconf 89' lang='lat' dir='ltr'><strong>omnes</strong></span> <span class='ocrx_word' id='word_1_606' title='bbox 3071 4317 3292 4364; x_wconf 90' lang='lat' dir='ltr'><strong>nomen</strong></span> <span class='ocrx_word' id='word_1_607' title='bbox 3320 4301 3568 4384; x_wconf 89' lang='lat' dir='ltr'><strong>habent,</strong></span> 
     </span>
    </p>
   </div>
   <div class='ocr_carea' id='block_1_87' title="bbox 165 4379 1855 4468">
    <p class='ocr_par' dir='ltr' id='par_1_87' title="bbox 165 4379 1840 4468">
     <span class='ocr_line' id='line_1_87' title="bbox 165 4379 1840 4468; baseline -0.006 -23"><span class='ocrx_word' id='word_1_608' title='bbox 165 4385 570 4464; x_wconf 78' lang='grc' dir='ltr'>ὔποδιαιρεϊται</span> <span class='ocrx_word' id='word_1_609' title='bbox 613 4385 700 4442; x_wconf 81' lang='grc' dir='ltr'>καὶ</span> <span class='ocrx_word' id='word_1_610' title='bbox 747 4393 923 4448; x_wconf 79' lang='grc' dir='ltr'>τοῦτο,</span> <span class='ocrx_word' id='word_1_611' title='bbox 975 4385 1034 4441; x_wconf 76' lang='lat' dir='ltr'><strong>El</strong></span> <span class='ocrx_word' id='word_1_612' title='bbox 1077 4382 1174 4459; x_wconf 78' lang='grc' dir='ltr'>μὲν</span> <span class='ocrx_word' id='word_1_613' title='bbox 1216 4383 1316 4461; x_wconf 82' lang='grc' dir='ltr'>γὰρ</span> <span class='ocrx_word' id='word_1_614' title='bbox 1357 4379 1602 4468; x_wconf 81' lang='grc' dir='ltr'>γυναικὸς</span> <span class='ocrx_word' id='word_1_615' title='bbox 1661 4399 1840 4436; x_wconf 87' lang='grc' dir='ltr'>συνοι-</span> 
     </span>
    </p>
   </div>
   <div class='ocr_carea' id='block_1_88' title="bbox 1943 4379 3575 4468">
    <p class='ocr_par' dir='ltr' id='par_1_88' title="bbox 1943 4379 3575 4468">
     <span class='ocr_line' id='line_1_88' title="bbox 1943 4379 3575 4468; baseline 0.003 -17"><span class='ocrx_word' id='word_1_616' title='bbox 1943 4385 2030 4451; x_wconf 68' lang='lat' dir='ltr'><strong>ted</strong></span> <span class='ocrx_word' id='word_1_617' title='bbox 2060 4379 2537 4451; x_wconf 86' lang='lat' dir='ltr'><strong>subdividuntur.</strong></span> <span class='ocrx_word' id='word_1_618' title='bbox 2572 4388 2720 4449; x_wconf 88' lang='lat' dir='ltr'><strong>Nam</strong></span> <span class='ocrx_word' id='word_1_619' title='bbox 2753 4386 2804 4448; x_wconf 88' lang='lat' dir='ltr'><strong>si</strong></span> <span class='ocrx_word' id='word_1_620' title='bbox 2849 4386 2952 4468; x_wconf 87' lang='lat' dir='ltr'><strong>qui</strong></span> <span class='ocrx_word' id='word_1_621' title='bbox 2981 4387 3293 4452; x_wconf 91' lang='lat' dir='ltr'><strong>mulierem</strong></span> <span class='ocrx_word' id='word_1_622' title='bbox 3327 4390 3389 4453; x_wconf 92' lang='lat' dir='ltr'><strong>in</strong></span> <span class='ocrx_word' id='word_1_623' title='bbox 3426 4379 3575 4456; x_wconf 57' lang='lat' dir='ltr'><strong>con;</strong></span> 
     </span>
    </p>
   </div>
   <div class='ocr_carea' id='block_1_89' title="bbox 167 4466 1855 4556">
    <p class='ocr_par' dir='ltr' id='par_1_89' title="bbox 167 4466 1836 4556">
     <span class='ocr_line' id='line_1_89' title="bbox 167 4466 1836 4556; baseline -0.006 -22"><span class='ocrx_word' id='word_1_624' title='bbox 167 4476 386 4543; x_wconf 81' lang='grc' dir='ltr'>κούσης</span> <span class='ocrx_word' id='word_1_625' title='bbox 436 4475 539 4530; x_wconf 86' lang='grc' dir='ltr'>τινὶ</span> <span class='ocrx_word' id='word_1_626' title='bbox 580 4478 816 4554; x_wconf 76' lang='grc' dir='ltr'>φανερῶς</span> <span class='ocrx_word' id='word_1_627' title='bbox 845 4471 911 4522; x_wconf 73' lang='grc'><strong>94</strong></span> <span class='ocrx_word' id='word_1_628' title='bbox 963 4473 1052 4529; x_wconf 80' lang='grc' dir='ltr'>καὶ</span> <span class='ocrx_word' id='word_1_629' title='bbox 1093 4469 1159 4528; x_wconf 90' lang='grc' dir='ltr'><strong>δι’</strong></span> <span class='ocrx_word' id='word_1_630' title='bbox 1216 4470 1394 4549; x_wconf 83' lang='grc' dir='ltr'>ὀλίγου</span> <span class='ocrx_word' id='word_1_631' title='bbox 1451 4466 1638 4547; x_wconf 84' lang='grc' dir='ltr'>γέγονε</span> <span class='ocrx_word' id='word_1_632' title='bbox 1682 4480 1836 4556; x_wconf 77' lang='grc' dir='ltr'>παῖς,</span> 
     </span>
    </p>
   </div>
   <div class='ocr_carea' id='block_1_90' title="bbox 1943 4466 3578 4556">
    <p class='ocr_par' dir='ltr' id='par_1_90' title="bbox 1943 4466 3578 4556">
     <span class='ocr_line' id='line_1_90' title="bbox 1943 4466 3578 4556; baseline 0.007 -24"><span class='ocrx_word' id='word_1_633' title='bbox 1943 4473 2200 4538; x_wconf 75' lang='grc' dir='ltr'>,ιώειίιὶο</span> <span class='ocrx_word' id='word_1_634' title='bbox 2230 4473 2494 4549; x_wconf 88' lang='lat' dir='ltr'><strong>babenti,</strong></span> <span class='ocrx_word' id='word_1_635' title='bbox 2528 4475 2721 4556; x_wconf 91' lang='lat' dir='ltr'><strong>palam</strong></span> <span class='ocrx_word' id='word_1_636' title='bbox 2751 4466 2948 4550; x_wconf 80' lang='lat' dir='ltr'><strong>natus,</strong></span> <span class='ocrx_word' id='word_1_637' title='bbox 2979 4477 3055 4538; x_wconf 87' lang='lat' dir='ltr'><strong>sit</strong></span> <span class='ocrx_word' id='word_1_638' title='bbox 3083 4476 3240 4538; x_wconf 87' lang='lat' dir='ltr'><strong>ﬁlius</strong></span> <span class='ocrx_word' id='word_1_639' title='bbox 3291 4481 3578 4544; x_wconf 88' lang='lat' dir='ltr'><strong>naturalis</strong></span> 
     </span>
    </p>
   </div>
   <div class='ocr_carea' id='block_1_91' title="bbox 165 4529 1855 4651">
    <p class='ocr_par' dir='ltr' id='par_1_91' title="bbox 165 4529 1836 4651">
     <span class='ocr_line' id='line_1_91' title="bbox 165 4529 1836 4651; baseline -0.006 -28"><span class='ocrx_word' id='word_1_640' title='bbox 445 4529 961 4640; x_wconf 49' lang='grc' dir='ltr'>οὗτοςῐὼοιμάξεται.</span> <span class='ocrx_word' id='word_1_641' title='bbox 1021 4562 1122 4621; x_wconf 77' lang='grc' dir='ltr'>Καὶ</span> <span class='ocrx_word' id='word_1_642' title='bbox 1190 4529 1325 4641; x_wconf 63' lang='grc' dir='ltr'><strong>ἔχει1</strong></span> <span class='ocrx_word' id='word_1_643' title='bbox 1363 4529 1603 4635; x_wconf 67' lang='grc' dir='ltr'>δευτέραν</span> <span class='ocrx_word' id='word_1_644' title='bbox 1627 4647 1640 4651; x_wconf 28' lang='grc' dir='ltr'><strong>Δ</strong></span> <span class='ocrx_word' id='word_1_645' title='bbox 1669 4529 1836 4651; x_wconf 66' lang='grc' dir='ltr'>τάξιν,</span> 
     </span>
    </p>
   </div>
   <div class='ocr_carea' id='block_1_92' title="bbox 1943 4529 3572 4651">
    <p class='ocr_par' dir='ltr' id='par_1_92' title="bbox 1943 4529 3572 4651">
     <span class='ocr_line' id='line_1_92' title="bbox 1943 4529 3572 4651; baseline 0.006 -29"><span class='ocrx_word' id='word_1_646' title='bbox 1943 4571 2184 4640; x_wconf 68' lang='lat' dir='ltr'><strong>vocatur,</strong></span> <span class='ocrx_word' id='word_1_647' title='bbox 2230 4571 2290 4626; x_wconf 91' lang='lat' dir='ltr'><strong>et</strong></span> <span class='ocrx_word' id='word_1_648' title='bbox 2340 4529 2669 4626; x_wconf 61' lang='lat' dir='ltr'><strong>secundum</strong></span> <span class='ocrx_word' id='word_1_649' title='bbox 2699 4563 2897 4625; x_wconf 92' lang='lat' dir='ltr'><strong>locum</strong></span> <span class='ocrx_word' id='word_1_650' title='bbox 2931 4529 3185 4627; x_wconf 72' lang='grc' dir='ltr'>ὀδιὶηθι</span> <span class='ocrx_word' id='word_1_651' title='bbox 3211 4565 3284 4628; x_wconf 92' lang='lat' dir='ltr'><strong>ab</strong></span> <span class='ocrx_word' id='word_1_652' title='bbox 3340 4586 3434 4644; x_wconf 91' lang='lat' dir='ltr'><strong>eo,</strong></span> <span class='ocrx_word' id='word_1_653' title='bbox 3468 4570 3572 4651; x_wconf 90' lang='lat' dir='ltr'><strong>qui</strong></span> 
     </span>
    </p>
   </div>
   <div class='ocr_carea' id='block_1_93' title="bbox 165 4643 1855 4736">
    <p class='ocr_par' dir='ltr' id='par_1_93' title="bbox 165 4643 1839 4736">
     <span class='ocr_line' id='line_1_93' title="bbox 165 4643 1839 4736; baseline -0.011 -24"><span class='ocrx_word' id='word_1_654' title='bbox 165 4643 247 4719; x_wconf 78' lang='grc' dir='ltr'>ὧς</span> <span class='ocrx_word' id='word_1_655' title='bbox 280 4655 423 4734; x_wconf 77' lang='grc' dir='ltr'>πρὸς</span> <span class='ocrx_word' id='word_1_656' title='bbox 451 4654 544 4710; x_wconf 82' lang='grc' dir='ltr'>τὸν</span> <span class='ocrx_word' id='word_1_657' title='bbox 601 4654 750 4734; x_wconf 80' lang='grc' dir='ltr'>φύσει</span> <span class='ocrx_word' id='word_1_658' title='bbox 811 4653 1061 4733; x_wconf 85' lang='grc' dir='ltr'>νόμιμον,</span> <span class='ocrx_word' id='word_1_659' title='bbox 1106 4651 1193 4708; x_wconf 82' lang='grc' dir='ltr'><strong>καὶ</strong></span> <span class='ocrx_word' id='word_1_660' title='bbox 1221 4653 1541 4726; x_wconf 82' lang='grc' dir='ltr'>προτιμᾶται</span> <span class='ocrx_word' id='word_1_661' title='bbox 1598 4647 1674 4736; x_wconf 75' lang='grc' dir='ltr'>εἷς</span> <span class='ocrx_word' id='word_1_662' title='bbox 1704 4643 1839 4736; x_wconf 43' lang='grc' dir='ltr'><strong>κῖλη.</strong></span> 
     </span>
    </p>
   </div>
   <div class='ocr_carea' id='block_1_94' title="bbox 1943 4643 3578 4736">
    <p class='ocr_par' dir='ltr' id='par_1_94' title="bbox 1943 4643 3578 4736">
     <span class='ocr_line' id='line_1_94' title="bbox 1943 4643 3578 4736; baseline 0.003 -20"><span class='ocrx_word' id='word_1_663' title='bbox 1943 4660 2131 4716; x_wconf 79' lang='lat' dir='ltr'><strong>Iatura</strong></span> <span class='ocrx_word' id='word_1_664' title='bbox 2178 4651 2478 4732; x_wconf 81' lang='lat' dir='ltr'><strong>legitimus</strong></span> <span class='ocrx_word' id='word_1_665' title='bbox 2507 4661 2620 4730; x_wconf 88' lang='lat' dir='ltr'><strong>est,</strong></span> <span class='ocrx_word' id='word_1_666' title='bbox 2654 4660 2712 4715; x_wconf 92' lang='lat' dir='ltr'><strong>et</strong></span> <span class='ocrx_word' id='word_1_667' title='bbox 2742 4652 2804 4714; x_wconf 89' lang='lat' dir='ltr'><strong>in</strong></span> <span class='ocrx_word' id='word_1_668' title='bbox 2837 4653 3218 4716; x_wconf 84' lang='lat' dir='ltr'><strong>successione</strong></span> <span class='ocrx_word' id='word_1_669' title='bbox 3262 4643 3578 4736; x_wconf 67' lang='lat' dir='ltr'><strong>praefertur</strong></span> 
     </span>
    </p>
   </div>
   <div class='ocr_carea' id='block_1_95' title="bbox 163 4733 1855 4825">
    <p class='ocr_par' dir='ltr' id='par_1_95' title="bbox 163 4733 1834 4825">
     <span class='ocr_line' id='line_1_95' title="bbox 163 4733 1834 4825; baseline -0.008 -23"><span class='ocrx_word' id='word_1_670' title='bbox 163 4733 436 4825; x_wconf 81' lang='grc' dir='ltr'>ρονομίαν</span> <span class='ocrx_word' id='word_1_671' title='bbox 481 4743 570 4799; x_wconf 84' lang='grc' dir='ltr'><strong>καὶ</strong></span> <span class='ocrx_word' id='word_1_672' title='bbox 610 4733 720 4800; x_wconf 82' lang='grc' dir='ltr'><strong>τῶν</strong></span> <span class='ocrx_word' id='word_1_673' title='bbox 776 4741 1054 4820; x_wconf 82' lang='grc' dir='ltr'>ἀνιόντων,</span> <span class='ocrx_word' id='word_1_674' title='bbox 1098 4743 1201 4819; x_wconf 73' lang='grc' dir='ltr'><strong>οὐχ</strong></span> <span class='ocrx_word' id='word_1_675' title='bbox 1243 4737 1388 4800; x_wconf 84' lang='grc' dir='ltr'>ὅπως</span> <span class='ocrx_word' id='word_1_676' title='bbox 1430 4742 1536 4793; x_wconf 82' lang='grc' dir='ltr'><strong>τῶν</strong></span> <span class='ocrx_word' id='word_1_677' title='bbox 1567 4734 1654 4825; x_wconf 17' lang='grc' dir='ltr'>,ἐκ</span> <span class='ocrx_word' id='word_1_678' title='bbox 1689 4733 1834 4791; x_wconf 88' lang='grc' dir='ltr'>πλα-</span> 
     </span>
    </p>
   </div>
   <div class='ocr_carea' id='block_1_96' title="bbox 1943 4733 3574 4825">
    <p class='ocr_par' dir='ltr' id='par_1_96' title="bbox 1943 4733 3574 4817">
     <span class='ocr_line' id='line_1_96' title="bbox 1943 4733 3574 4817; baseline 0.004 -14"><span class='ocrx_word' id='word_1_679' title='bbox 1943 4741 2095 4804; x_wconf 68' lang='lat' dir='ltr'><strong>etiam</strong></span> <span class='ocrx_word' id='word_1_680' title='bbox 2121 4741 2838 4817; x_wconf 88' lang='lat' dir='ltr'><strong>ascendentibus,nedum</strong></span> <span class='ocrx_word' id='word_1_681' title='bbox 2867 4761 2940 4805; x_wconf 82' lang='lat' dir='ltr'><strong>ex</strong></span> <span class='ocrx_word' id='word_1_682' title='bbox 2971 4733 3319 4806; x_wconf 80' lang='lat' dir='ltr'><strong>transverso</strong></span> <span class='ocrx_word' id='word_1_683' title='bbox 3342 4748 3574 4809; x_wconf 87' lang='lat' dir='ltr'><strong>consti-</strong></span> 
     </span>
    </p>
   </div>
   <div class='ocr_carea' id='block_1_97' title="bbox 159 4823 1855 4914">
    <p class='ocr_par' dir='ltr' id='par_1_97' title="bbox 159 4823 1836 4914">
     <span class='ocr_line' id='line_1_97' title="bbox 159 4823 1836 4914; baseline -0.007 -24"><span class='ocrx_word' id='word_1_684' title='bbox 159 4823 312 4914; x_wconf 77' lang='grc' dir='ltr'>γίου.</span> <span class='ocrx_word' id='word_1_685' title='bbox 369 4833 428 4890; x_wconf 79' lang='grc' dir='ltr'>Εἰ</span> <span class='ocrx_word' id='word_1_686' title='bbox 486 4829 542 4889; x_wconf 80' lang='grc' dir='ltr'>δὲ</span> <span class='ocrx_word' id='word_1_687' title='bbox 603 4833 824 4912; x_wconf 77' lang='grc' dir='ltr'>φανερὸς</span> <span class='ocrx_word' id='word_1_688' title='bbox 881 4831 979 4906; x_wconf 76' lang='grc' dir='ltr'>μὲν</span> <span class='ocrx_word' id='word_1_689' title='bbox 1036 4829 1199 4904; x_wconf 73' lang='grc' dir='ltr'>ἔστιν,</span> <span class='ocrx_word' id='word_1_690' title='bbox 1245 4827 1304 4884; x_wconf 79' lang='grc' dir='ltr'><strong>ού</strong></span> <span class='ocrx_word' id='word_1_691' title='bbox 1352 4825 1532 4902; x_wconf 78' lang='grc' dir='ltr'>μέντοι</span> <span class='ocrx_word' id='word_1_692' title='bbox 1562 4823 1625 4880; x_wconf 79' lang='grc' dir='ltr'><strong>ἐκ</strong></span> <span class='ocrx_word' id='word_1_693' title='bbox 1667 4845 1836 4914; x_wconf 52' lang='grc' dir='ltr'>συνοιέ</span> 
     </span>
    </p>
   </div>
   <div class='ocr_carea' id='block_1_98' title="bbox 1943 4823 3574 4914">
    <p class='ocr_par' dir='ltr' id='par_1_98' title="bbox 1943 4829 3574 4912">
     <span class='ocr_line' id='line_1_98' title="bbox 1943 4829 3574 4912; baseline 0.004 -19"><span class='ocrx_word' id='word_1_694' title='bbox 1943 4831 2082 4894; x_wconf 89' lang='lat' dir='ltr'><strong>utis.</strong></span> <span class='ocrx_word' id='word_1_695' title='bbox 2115 4829 2220 4893; x_wconf 91' lang='lat' dir='ltr'><strong>Sin</strong></span> <span class='ocrx_word' id='word_1_696' title='bbox 2255 4831 2608 4894; x_wconf 85' lang='lat' dir='ltr'><strong>manifestus</strong></span> <span class='ocrx_word' id='word_1_697' title='bbox 2639 4831 2882 4912; x_wconf 87' lang='lat' dir='ltr'><strong>quidem</strong></span> <span class='ocrx_word' id='word_1_698' title='bbox 2927 4840 3036 4908; x_wconf 92' lang='lat' dir='ltr'><strong>est,</strong></span> <span class='ocrx_word' id='word_1_699' title='bbox 3091 4851 3212 4895; x_wconf 94' lang='lat' dir='ltr'><strong>non</strong></span> <span class='ocrx_word' id='word_1_700' title='bbox 3270 4843 3470 4897; x_wconf 86' lang='lat' dir='ltr'><strong>tamen</strong></span> <span class='ocrx_word' id='word_1_701' title='bbox 3501 4856 3574 4900; x_wconf 84' lang='lat' dir='ltr'><strong>ex</strong></span> 
     </span>
    </p>
   </div>
   <div class='ocr_carea' id='block_1_99' title="bbox 159 4910 1855 5011">
    <p class='ocr_par' dir='ltr' id='par_1_99' title="bbox 159 4910 1835 5011">
     <span class='ocr_line' id='line_1_99' title="bbox 159 4910 1835 5011; baseline -0.007 -31"><span class='ocrx_word' id='word_1_702' title='bbox 159 4910 378 4990; x_wconf 51' lang='grc' dir='ltr'>δεούσης</span> <span class='ocrx_word' id='word_1_703' title='bbox 424 4927 502 4997; x_wconf 82' lang='grc' dir='ltr'>τῷ</span> <span class='ocrx_word' id='word_1_704' title='bbox 557 4910 698 5000; x_wconf 85' lang='grc' dir='ltr'>ἀνδρὶ</span> <span class='ocrx_word' id='word_1_705' title='bbox 738 4910 1024 5000; x_wconf 73' lang='grc' dir='ltr'>γυναικὸς,</span> <span class='ocrx_word' id='word_1_706' title='bbox 1085 4917 1396 5011; x_wconf 66' lang='grc' dir='ltr'>ὀνομάζεται</span> <span class='ocrx_word' id='word_1_707' title='bbox 1450 4914 1619 4978; x_wconf 86' lang='grc' dir='ltr'>νόθος.</span> <span class='ocrx_word' id='word_1_708' title='bbox 1662 4914 1740 5011; x_wconf 58' lang='grc' dir='ltr'><strong>1⁵,ΙέΣί</strong></span> <span class='ocrx_word' id='word_1_709' title='bbox 1780 4910 1835 4968; x_wconf 79' lang='grc' dir='ltr'>δὲ</span> 
     </span>
    </p>
   </div>
   <div class='ocr_carea' id='block_1_100' title="bbox 1943 4910 3570 5011">
    <p class='ocr_par' dir='ltr' id='par_1_100' title="bbox 1943 4910 3570 5011">
     <span class='ocr_line' id='line_1_100' title="bbox 1943 4910 3570 5011; baseline 0.004 -30"><span class='ocrx_word' id='word_1_710' title='bbox 1943 4920 2169 4982; x_wconf 92' lang='lat' dir='ltr'><strong>nuliere</strong></span> <span class='ocrx_word' id='word_1_711' title='bbox 2192 4928 2526 5002; x_wconf 71' lang='lat' dir='ltr'><strong>natus,quze</strong></span> <span class='ocrx_word' id='word_1_712' title='bbox 2555 4921 2617 4982; x_wconf 91' lang='lat' dir='ltr'><strong>in</strong></span> <span class='ocrx_word' id='word_1_713' title='bbox 2649 4910 3044 5011; x_wconf 81' lang='lat' dir='ltr'><strong>contubernio</strong></span> <span class='ocrx_word' id='word_1_714' title='bbox 3075 4922 3186 4983; x_wconf 84' lang='lat' dir='ltr'><strong>viri</strong></span> <span class='ocrx_word' id='word_1_715' title='bbox 3216 4922 3318 5011; x_wconf 86' lang='lat' dir='ltr'><strong>sit;</strong></span> <span class='ocrx_word' id='word_1_716' title='bbox 3349 4926 3570 4989; x_wconf 88' lang='lat' dir='ltr'><strong>nothus</strong></span> 
     </span>
    </p>
   </div>
   <div class='ocr_carea' id='block_1_101' title="bbox 159 5003 1855 5092">
    <p class='ocr_par' dir='ltr' id='par_1_101' title="bbox 159 5003 1833 5090">
     <span class='ocr_line' id='line_1_101' title="bbox 159 5003 1833 5090; baseline -0.006 -21"><span class='ocrx_word' id='word_1_717' title='bbox 159 5009 455 5076; x_wconf 80' lang='grc' dir='ltr'>παντελῶς</span> <span class='ocrx_word' id='word_1_718' title='bbox 511 5010 738 5090; x_wconf 77' lang='grc' dir='ltr'>ἀφανὴς,</span> <span class='ocrx_word' id='word_1_719' title='bbox 773 5008 982 5089; x_wconf 77' lang='grc' dir='ltr'>λέγεται</span> <span class='ocrx_word' id='word_1_720' title='bbox 1025 5007 1260 5086; x_wconf 85' lang='grc' dir='ltr'>σκότιος,</span> <span class='ocrx_word' id='word_1_721' title='bbox 1303 5003 1376 5071; x_wconf 83' lang='grc' dir='ltr'>ὥς</span> <span class='ocrx_word' id='word_1_722' title='bbox 1424 5024 1585 5084; x_wconf 76' lang='grc' dir='ltr'>φησιν</span> <span class='ocrx_word' id='word_1_723' title='bbox 1665 5003 1833 5078; x_wconf 82' lang='grc' dir='ltr'><strong>Ὀμη-</strong></span> 
     </span>
    </p>
   </div>
   <div class='ocr_carea' id='block_1_102' title="bbox 1943 5003 3573 5092">
    <p class='ocr_par' dir='ltr' id='par_1_102' title="bbox 1943 5009 3573 5092">
     <span class='ocr_line' id='line_1_102' title="bbox 1943 5009 3573 5092; baseline 0.004 -20"><span class='ocrx_word' id='word_1_724' title='bbox 1943 5009 2039 5072; x_wconf 86' lang='lat' dir='ltr'><strong>ive</strong></span> <span class='ocrx_word' id='word_1_725' title='bbox 2084 5009 2327 5092; x_wconf 81' lang='lat' dir='ltr'><strong>Spurius</strong></span> <span class='ocrx_word' id='word_1_726' title='bbox 2383 5010 2740 5092; x_wconf 87' lang='lat' dir='ltr'><strong>appellatur.</strong></span> <span class='ocrx_word' id='word_1_727' title='bbox 2775 5009 2879 5073; x_wconf 91' lang='lat' dir='ltr'><strong>Sin</strong></span> <span class='ocrx_word' id='word_1_728' title='bbox 2938 5011 3185 5074; x_wconf 90' lang='lat' dir='ltr'><strong>omnino</strong></span> <span class='ocrx_word' id='word_1_729' title='bbox 3214 5010 3479 5076; x_wconf 90' lang='lat' dir='ltr'><strong>incertus</strong></span> <span class='ocrx_word' id='word_1_730' title='bbox 3513 5025 3573 5078; x_wconf 91' lang='lat' dir='ltr'><strong>et</strong></span> 
     </span>
    </p>
   </div>
   <div class='ocr_carea' id='block_1_103' title="bbox 159 5097 3561 5181">
    <p class='ocr_par' dir='ltr' id='par_1_103' title="bbox 159 5097 3561 5181">
     <span class='ocr_line' id='line_1_103' title="bbox 159 5097 3561 5181; baseline 0.001 -19"><span class='ocrx_word' id='word_1_731' title='bbox 159 5124 261 5181; x_wconf 86' lang='grc' dir='ltr'><strong>ρος</strong></span> <span class='ocrx_word' id='word_1_732' title='bbox 302 5118 317 5132; x_wconf 89' lang='grc'><strong>·</strong></span> <span class='ocrx_word' id='word_1_733' title='bbox 1916 5097 2599 5180; x_wconf 87' lang='lat' dir='ltr'><strong>obscurus,tenebrosus</strong></span> <span class='ocrx_word' id='word_1_734' title='bbox 2620 5097 3092 5180; x_wconf 87' lang='lat' dir='ltr'><strong>dicitur,uticum</strong></span> <span class='ocrx_word' id='word_1_735' title='bbox 3113 5098 3406 5163; x_wconf 84' lang='lat' dir='ltr'><strong>Homerus</strong></span> <span class='ocrx_word' id='word_1_736' title='bbox 3437 5103 3518 5165; x_wconf 81' lang='lat' dir='ltr'><strong>ait</strong></span> <span class='ocrx_word' id='word_1_737' title='bbox 3545 5121 3561 5168; x_wconf 89' lang='lat'>:</span> 
     </span>
    </p>
   </div>
   <div class='ocr_carea' id='block_1_104' title="bbox 458 5187 1855 5270">
    <p class='ocr_par' dir='ltr' id='par_1_104' title="bbox 458 5187 1558 5270">
     <span class='ocr_line' id='line_1_104' title="bbox 458 5187 1558 5270; baseline -0.013 -14"><span class='ocrx_word' id='word_1_738' title='bbox 458 5217 486 5250; x_wconf 75' lang='grc' dir='ltr'><strong>α</strong></span> <span class='ocrx_word' id='word_1_739' title='bbox 523 5193 868 5258; x_wconf 78' lang='grc' dir='ltr'>...ησκότιον</span> <span class='ocrx_word' id='word_1_740' title='bbox 909 5188 964 5248; x_wconf 78' lang='grc' dir='ltr'>δὲ</span> <span class='ocrx_word' id='word_1_741' title='bbox 995 5189 1231 5270; x_wconf 75' lang='grc' dir='ltr'>ἐγείνατο</span> <span class='ocrx_word' id='word_1_742' title='bbox 1251 5187 1432 5265; x_wconf 62' lang='grc' dir='ltr'>μῆτηρ</span> <span class='ocrx_word' id='word_1_743' title='bbox 1464 5206 1478 5222; x_wconf 76' lang='grc' dir='ltr'><strong>ο</strong></span> <span class='ocrx_word' id='word_1_744' title='bbox 1528 5209 1558 5242; x_wconf 72' lang='grc' dir='ltr'><strong>ι</strong></span> 
     </span>
    </p>
   </div>
   <div class='ocr_carea' id='block_1_105' title="bbox 1943 5187 3307 5270">
    <p class='ocr_par' dir='ltr' id='par_1_105' title="bbox 2242 5189 3307 5269">
     <span class='ocr_line' id='line_1_105' title="bbox 2242 5189 3307 5269; baseline 0.003 -21"><span class='ocrx_word' id='word_1_745' title='bbox 2394 5194 2595 5252; x_wconf 83' lang='lat' dir='ltr'><strong>mater</strong></span> <span class='ocrx_word' id='word_1_746' title='bbox 2615 5190 2857 5269; x_wconf 76' lang='lat' dir='ltr'><strong>peperit</strong></span> <span class='ocrx_word' id='word_1_747' title='bbox 2885 5189 3263 5252; x_wconf 84' lang='lat' dir='ltr'><strong>tenebrosum</strong></span> <span class='ocrx_word' id='word_1_748' title='bbox 3292 5210 3307 5265; x_wconf 91' lang='lat'><strong>;</strong></span> 
     </span>
    </p>
   </div>
   <div class='ocr_carea' id='block_1_106' title="bbox 1511 5350 2242 5422">
    <p class='ocr_par' dir='ltr' id='par_1_106' title="bbox 1511 5350 2242 5422">
     <span class='ocr_line' id='line_1_106' title="bbox 1511 5350 2242 5422; baseline 0.003 -6"><span class='ocrx_word' id='word_1_749' title='bbox 1511 5350 1766 5418; x_wconf 76' lang='lat' dir='ltr'><strong>VARLE</strong></span> <span class='ocrx_word' id='word_1_750' title='bbox 1808 5353 2242 5422; x_wconf 87' lang='lat' dir='ltr'><strong>LECTIONES.</strong></span> 
     </span>
    </p>
   </div>
   <div class='ocr_carea' id='block_1_107' title="bbox 251 5461 2638 5552">
    <p class='ocr_par' dir='ltr' id='par_1_107' title="bbox 251 5461 2638 5552">
     <span class='ocr_line' id='line_1_107' title="bbox 251 5461 2638 5552; baseline -0.006 -21"><span class='ocrx_word' id='word_1_751' title='bbox 251 5472 307 5518; x_wconf 56' lang='lat'><strong>9‘</strong></span> <span class='ocrx_word' id='word_1_752' title='bbox 347 5484 467 5539; x_wconf 73' lang='grc' dir='ltr'>τοῖς</span> <span class='ocrx_word' id='word_1_753' title='bbox 493 5469 570 5533; x_wconf 82' lang='grc' dir='ltr'><strong>δέ.</strong></span> <span class='ocrx_word' id='word_1_754' title='bbox 654 5469 719 5524; x_wconf 62' lang='lat'><strong>9’</strong></span> <span class='ocrx_word' id='word_1_755' title='bbox 747 5469 1088 5552; x_wconf 77' lang='grc' dir='ltr'>ἐρωτώμενον</span> <span class='ocrx_word' id='word_1_756' title='bbox 1122 5468 1243 5544; x_wconf 79' lang='grc' dir='ltr'>μέν,</span> <span class='ocrx_word' id='word_1_757' title='bbox 1327 5463 1393 5515; x_wconf 74' lang='lat'><strong>95</strong></span> <span class='ocrx_word' id='word_1_758' title='bbox 1419 5461 1643 5544; x_wconf 80' lang='grc' dir='ltr'>χαλινὸν</span> <span class='ocrx_word' id='word_1_759' title='bbox 1673 5463 1702 5518; x_wconf 86' lang='grc' dir='ltr'>ὁ</span> <span class='ocrx_word' id='word_1_760' title='bbox 1731 5463 1893 5539; x_wconf 88' lang='grc' dir='ltr'>νόμος</span> <span class='ocrx_word' id='word_1_761' title='bbox 1935 5478 2054 5530; x_wconf 82' lang='grc' dir='ltr'>τοϊς</span> <span class='ocrx_word' id='word_1_762' title='bbox 2084 5489 2217 5545; x_wconf 86' lang='grc' dir='ltr'>γαμ.</span> <span class='ocrx_word' id='word_1_763' title='bbox 2303 5465 2370 5517; x_wconf 77' lang='grc' dir='ltr'>9ι</span> <span class='ocrx_word' id='word_1_764' title='bbox 2396 5467 2638 5548; x_wconf 73' lang='grc' dir='ltr'>φανερός,</span> 
     </span>
    </p>
   </div>
   <div class='ocr_carea' id='block_1_108' title="bbox 1752 5590 2005 5662">
    <p class='ocr_par' dir='ltr' id='par_1_108' title="bbox 1752 5590 2005 5662">
     <span class='ocr_line' id='line_1_108' title="bbox 1752 5590 2005 5662; baseline 0.028 -7"><span class='ocrx_word' id='word_1_765' title='bbox 1752 5590 2005 5662; x_wconf 65' lang='grc' dir='ltr'><strong>ΝΟΤᾸὲ.</strong></span> 
     </span>
    </p>
   </div>
   <div class='ocr_carea' id='block_1_109' title="bbox 155 5727 3264 5887">
    <p class='ocr_par' dir='ltr' id='par_1_109' title="bbox 155 5727 3264 5887">
     <span class='ocr_line' id='line_1_109' title="bbox 155 5727 3264 5887; baseline -0.001 -84"><span class='ocrx_word' id='word_1_766' title='bbox 155 5735 651 5887; x_wconf 47' lang='grc' dir='ltr'><strong>Γῦωὲζὲῃέἓιγέρ</strong></span> <span class='ocrx_word' id='word_1_767' title='bbox 679 5755 799 5880; x_wconf 63' lang='lat' dir='ltr'><strong>gon</strong></span> <span class='ocrx_word' id='word_1_768' title='bbox 819 5755 1042 5803; x_wconf 77' lang='lat' dir='ltr'><strong>omnes.</strong></span> <span class='ocrx_word' id='word_1_769' title='bbox 1069 5734 1262 5800; x_wconf 91' lang='lat' dir='ltr'><strong>Instit.</strong></span> <span class='ocrx_word' id='word_1_770' title='bbox 1284 5734 1374 5798; x_wconf 84' lang='lat' dir='ltr'><strong>De</strong></span> <span class='ocrx_word' id='word_1_771' title='bbox 1392 5735 1565 5810; x_wconf 83' lang='lat' dir='ltr'><strong>nupt.</strong></span> <span class='ocrx_word' id='word_1_772' title='bbox 1591 5727 1830 5792; x_wconf 86' lang='lat' dir='ltr'><strong>Basilic.</strong></span> <span class='ocrx_word' id='word_1_773' title='bbox 1997 5734 2128 5816; x_wconf 88' lang='grc'><strong>(70)</strong></span> <span class='ocrx_word' id='word_1_774' title='bbox 2160 5735 2204 5799; x_wconf 95' lang='grc'><strong>1.</strong></span> <span class='ocrx_word' id='word_1_775' title='bbox 2240 5735 2337 5801; x_wconf 80' lang='grc'><strong>14.</strong></span> <span class='ocrx_word' id='word_1_776' title='bbox 2369 5734 2710 5816; x_wconf 73' lang='lat' dir='ltr'><strong>§Servtles.</strong></span> <span class='ocrx_word' id='word_1_777' title='bbox 2747 5737 2819 5800; x_wconf 93' lang='lat' dir='ltr'><strong>D.</strong></span> <span class='ocrx_word' id='word_1_778' title='bbox 2851 5739 2926 5804; x_wconf 82' lang='lat' dir='ltr'><strong>de</strong></span> <span class='ocrx_word' id='word_1_779' title='bbox 2954 5741 3059 5804; x_wconf 74' lang='lat' dir='ltr'><strong>rit.</strong></span> <span class='ocrx_word' id='word_1_780' title='bbox 3089 5746 3264 5823; x_wconf 78' lang='lat' dir='ltr'><strong>nupt.</strong></span> 
     </span>
     <span class='ocr_line' id='line_1_110' title="bbox 181 5844 740 5887; baseline -0.007 -1"><span class='ocrx_word' id='word_1_781' title='bbox 181 5844 204 5886; x_wconf 76' lang='grc' dir='ltr'><strong>ι</strong></span> <span class='ocrx_word' id='word_1_782' title='bbox 261 5867 278 5882; x_wconf 87' lang='lat'><strong><em>.</em></strong></span> <span class='ocrx_word' id='word_1_783' title='bbox 517 5865 534 5887; x_wconf 82' lang='lat'><strong>,</strong></span> <span class='ocrx_word' id='word_1_784' title='bbox 640 5863 653 5878; x_wconf 83' lang='lat'><em>.</em></span> <span class='ocrx_word' id='word_1_785' title='bbox 685 5883 690 5887; x_wconf 59' lang='grc'><strong>,</strong></span> <span class='ocrx_word' id='word_1_786' title='bbox 728 5869 740 5882; x_wconf 94' lang='grc'><strong>.</strong></span> 
     </span>
    </p>
   </div>
   <div class='ocr_carea' id='block_1_110' title="bbox 181 5844 740 5897">
    <p class='ocr_par' dir='ltr' id='par_1_110' title="bbox 181 5844 740 5897">
     <span class='ocr_line' id='line_1_111' title="bbox 181 5844 740 5897; baseline 0 -15"><span class='ocrx_word' id='word_1_787' title='bbox 181 5844 278 5887; x_wconf 76' lang='grc' dir='ltr'>ιι).</span> <span class='ocrx_word' id='word_1_788' title='bbox 322 5844 534 5894; x_wconf 73' lang='grc' dir='ltr'>ιινιιι,</span> <span class='ocrx_word' id='word_1_789' title='bbox 567 5844 653 5880; x_wconf 76' lang='grc' dir='ltr'>ιιι.</span> <span class='ocrx_word' id='word_1_790' title='bbox 679 5844 740 5897; x_wconf 61' lang='grc' dir='ltr'><strong>ᾗ).</strong></span> 
     </span>
    </p>
   </div>
  </div>
