4120 6426
513 405 661 472 1231
1879 403 1911 464 Ι
1917 399 2011 464 US
2049 399 2170 462 CA1

2253 397 2497 464 NIGUM
3730 385 3893 454 1232

513 555 585 600 ac
615 537 691 600 de
727 535 842 599 hoc
871 532 1113 617 quidem
1163 533 1364 598 nullus
1407 535 1580 598 nobis
1636 541 1726 596 est
1782 551 2004 595 sermo.
2035 532 2162 596 Nec

2253 533 2360 610 περὶ
2389 535 2449 590 οὖ
2475 532 2634 610 λόγος
2683 532 2822 606 ἡμῖν
2851 528 3038 592 οὐδείς.
3086 529 3214 588 Οὔτε
3242 530 3342 608 γὰρ
3385 531 3456 591 εἱς
3500 527 3704 605 γαμικὰ
3759 546 3896 617 συν-

515 625 677 690 enim
731 623 825 686 vel
881 613 1112 687 ratione
1169 631 1536 688 contractum
1597 620 2115 685 matrimonialium
2143 668 2158 699 ,

2253 620 2583 700 ιλλάγματα,
2643 619 2758 678 οὔτε
2789 623 2894 695 μὴν
2926 621 2997 684 εἷς
3047 617 3404 698 κληρονομίαν
3455 617 3506 672 ἒν
3561 628 3680 677 τοῖς
3711 613 3896 669 τοιού-

511 715 601 778 vel
655 713 1085 788 successionis,
1166 713 1353 776 ullum
1409 713 1468 774 in
1525 711 1740 774 talibus
1770 720 1858 773 est
1888 709 2158 771 dubium.

2253 733 2353 776 τοις
2384 711 2520 768 ἐστὶν
2565 706 2983 790 ἀμφισϐήτησις.
3043 709 3188 774 Φησὶ
3221 706 3392 763 δὲκαὶ
3422 710 3450 763 6
3507 706 3668 790 νύμος
3705 720 3719 733 ⁸
3780 701 3895 768 Τὴν

514 803 707 866 Etiam
737 803 830 864 lex
863 802 951 864 ait
977 786 1105 882 (Ἠ)
1131 819 1145 863 :
1171 803 1360 880 Vulgo
1412 803 1715 881 quaesitam
1749 816 2016 861 sororem
2049 813 2162 858 ne-

2253 799 2304 856 ἒκ
2333 801 2572 879 πορνείας
2600 786 2831 878 ἀδελφὴν
2859 795 3021 862 οὐδεὶς
3052 794 3330 873 λαμϐάνει.
3367 798 3487 871 Καὶ,
3551 786 3610 849 Ὀ
3665 792 3891 871 πορνεύ-

525 891 796 954 moducit
812 889 1261 964 uxorem.ltem,
1279 889 1697 963 Quiscortatus
1719 896 1809 950 est
1825 888 2020 967 aliqua
2033 903 2167 947 cum

2253 910 2342 952 σας
2375 890 2507 964 μετά
2536 909 2674 952 τινος
2705 887 2972 964 γυναικὸς,
3007 887 3049 941 εἰ
3082 887 3178 960 μὲν
3222 884 3331 940 ἔστι
3364 884 3560 964 φανερὰ
3586 884 3621 950 ἡ
3649 882 3888 959 πορνεία,

517 979 796 1057 muliere,
831 979 1128 1061 siquidem
1161 979 1441 1042 scortatio
1472 977 1784 1040 manifesta
1822 966 1936 1049 est,
1956 985 2019 1035 ut
2050 993 2160 1036 no-

2253 978 2342 1045 τὴν
2375 977 2472 1052 μὲν
2501 977 2758 1054 μητρυιὰν
2788 977 2950 1042 αὐτῆς
3007 973 3265 1031 κωλύεται
3308 971 3518 1050 λαϐεῖν,
3549 969 3805 1047 λαμϐάνει
3837 966 3893 1023 δὲ

515 1089 756 1134 vercam
787 1071 920 1150 ejus
950 1069 1172 1132 ducere
1194 1068 1656 1150 prohibetur,ita
1679 1066 1979 1130 sobrinam
2008 1065 2156 1145 ejus

2253 1066 2340 1133 τὴν
2382 1063 2716 1146 διεξαδέλφην
2759 1068 2945 1132 αὐτῆς.

516 1159 655 1223 dem
688 1159 911 1222 ducere
939 1164 1154 1239 potest.

1136 1253 1228 1314 De
1256 1250 1568 1330 afﬁnitate.

2653 1266 2676 1298 α
2714 1245 2836 1321 Περὶ
2862 1249 2968 1298 τῶν
2999 1240 3049 1308 ἐξ
3079 1242 3412 1322 ἀγχιστείας.
3451 1264 3480 1295 »

595 1346 895 1409 Hactenus
922 1345 1151 1407 dictum
1176 1345 1253 1406 de
1281 1339 2163 1424 consanguinitate.Affinitatis

2325 1343 2422 1400 Καὶ
2465 1340 2597 1408 αὕτη
2630 1342 2727 1418 μὲν
2757 1343 2791 1408 ἡ
2835 1343 2939 1396 τῶν
2991 1339 3042 1406 ἐξ
3100 1340 3355 1414 α’ίματος.
3403 1342 3516 1396 Τῶν
3561 1337 3606 1393 δ’
3639 1334 3691 1401 ἐξ
3723 1335 3900 1414 ἀγχι-

515 1435 716 1490 autem
760 1425 992 1488 ratione
1017 1424 1206 1504 magis
1237 1433 1374 1486 sunt
1403 1426 1477 1486 ad
1513 1420 1943 1486 inveniendum
1963 1420 2158 1484 variae.

2253 1431 2441 1510 στείας,
2503 1429 2856 1508 ποικιλωτέρα
2899 1431 2933 1496 ἡ
2989 1428 3211 1508 εὕρεσις.
3260 1426 3352 1484 Ἐν
3399 1427 3602 1489 τούτοις
3659 1425 3758 1502 γὰρ
3788 1424 3899 1499 βα-

516 1514 668 1578 Nam
727 1515 788 1576 in
821 1514 914 1576 bis
965 1513 1251 1594 graduum
1311 1514 1695 1595 quantitatem
1744 1512 1989 1574 omnino
2043 1528 2164 1571 non

2253 1520 2392 1593 Βμῶν
2431 1519 2706 1584 ποσότητα
2750 1518 2936 1588 ζητεῖν
2967 1516 3070 1576 οὔδ’
3099 1517 3236 1579 ὅλως
3268 1529 3382 1580 τοῖς
3414 1514 3666 1578 παλαιοῖς
3699 1511 3900 1577 ἔδοξεν·

517 1603 902 1685 quaerendam
935 1621 1091 1677 esse,
1123 1601 1311 1664 visum
1345 1611 1434 1664 est
1464 1602 1716 1683 priscis;
1750 1601 1855 1663 sed
1905 1597 2163 1679 nuptias,

2253 1607 2385 1664 ἀλλὰ
2411 1608 2476 1663 τὰ
2532 1606 2902 1686 συγκεχυμένα
2931 1607 3064 1662 κατὰ
3093 1607 3190 1672 τὴν
3218 1615 3310 1664 τοῦ
3351 1604 3532 1683 γένους
3589 1602 3778 1668 κλῆσιν
3810 1603 3909 1656 καὶ

517 1710 646 1772 quae
676 1691 1086 1754 confusionem
1108 1688 1559 1753 introducerent
1579 1691 1638 1751 in
1661 1688 2168 1771 appellationege-

2253 1696 2462 1774 ἀπρεπῆ
2501 1695 2674 1772 ῥητῶς
2733 1693 3088 1769 κωλύσαντες,
3128 1696 3193 1749 τὰ
3235 1693 3396 1750 λοιπὰ
3439 1691 3742 1770 ἀνέγκλητα
3775 1688 3910 1744 εἴα-

518 1781 704 1858 neris,
736 1797 938 1861 quaeve
967 1778 1283 1842 inhonesta
1313 1787 1537 1857 essent,
1585 1779 1808 1841 diserte
1859 1784 2164 1849 vetantes;

2253 1807 2369 1842 σαν.
2415 1787 2474 1844 Οἱ
2517 1782 2571 1840 δὲ
2642 1785 2888 1862 νεώτεροι
2944 1784 3031 1839 καὶ
3073 1783 3302 1858 βαθμοὺς
3345 1784 3526 1844 αὐτοῖς
3579 1779 3906 1856 ἐπενόησαν,

515 1869 776 1950 reliquas
805 1867 1054 1931 minime
1079 1869 1482 1949 reprehensas
1512 1868 1906 1948 reliquerunt.
1940 1863 2169 1926 Recen-

2253 1873 2336 1928 καὶ
2369 1871 2436 1927 τὰ
2465 1871 2595 1948 ὑπὲρ
2635 1872 2726 1928 τὸν
2782 1870 2933 1928 ἕκτον
2975 1872 3197 1946 βαθμὸν,
3257 1866 3557 1948 προϐαίνειν
3615 1865 3902 1926 δεδώκασι,

518 1959 701 2020 tiores
724 1975 867 2019 vero
899 1957 1078 2020 etiam
1126 1958 1344 2036 gradus
1402 1959 1461 2019 in
1513 1957 1606 2018 his
1645 1956 2075 2034 excogitarunt,
2111 1959 2170 2015 et

2255 1961 2432 2019 Καίτοι
2489 1960 2662 2036 ῥητῶς
2705 1961 3006 2038 εὑρίσκομεν
3063 1959 3150 2016 καί
3205 1957 3354 2014 ἕκτον
3414 1955 3907 2036 συγκεχωρημένον

519 2063 652 2126 quae
681 2045 927 2125 gradum
945 2052 1176 2106 sextum
1204 2045 1795 2121 excederent,locum
1826 2042 2052 2105 habere
2074 2059 2162 2101 vo-

2253 2051 2338 2106 καὶ
2391 2046 2613 2124 ἕϐδομον
2667 2047 3055 2124 κεκωλυμένον.
3117 2048 3218 2104 Τὸν
3269 2047 3366 2122 μὲν
3438 2049 3510 2110 ὡς
3567 2046 3902 2124 ἀσύγχυτον,

521 2125 784 2197 luerunt.
817 2133 996 2214 Atqui
1037 2132 1261 2194 diserte
1291 2134 1626 2196 invenimus
1655 2133 1903 2212 gradum
1941 2139 2168 2192 sextum

2253 2140 2342 2195 τὸν
2387 2136 2441 2194 δὲ
2511 2140 2584 2201 ὡς
2643 2136 3061 2217 συγκεχυμένον,
3140 2125 3315 2191 ιὨστε
3371 2137 3430 2192 οὗ
3497 2135 3609 2214 χρὴ
3667 2134 3908 2210 βαθμοὺς

522 2221 908 2302 permissum,
942 2228 1002 2282 et
1019 2221 1335 2301 septimum
1362 2221 1722 2303 prohibitum
1751 2239 1764 2283 :
1788 2220 1978 2294 illum,
2002 2218 2165 2279 velut

522 2319 825 2390 expertem
856 2309 1263 2388 confusionis;
1296 2311 1476 2388 hunc,
1502 2319 1780 2391 tanquam
1829 2305 2165 2371 confusioni

521 2396 1001 2471 obnoxium.Quo
1031 2398 1118 2471 ﬁt,
1143 2405 1209 2460 ut
1235 2398 1296 2458 in
1330 2399 1424 2461 his
1452 2399 1668 2479 gradus
1700 2398 1946 2460 minime
1970 2395 2162 2456 intro-

519 2486 780 2549 ducendi
810 2486 966 2566 sint;
1007 2485 1112 2547 sed
1143 2489 1300 2567 quod
1327 2488 1550 2550 diserte
1581 2489 1674 2549 lex
1701 2486 1906 2566 vetuit,
1926 2484 2162 2563 fugien-

522 2575 666 2638 dum
699 2595 712 2636 ε
741 2574 898 2656 quod
929 2593 1048 2636 non
1100 2576 1302 2653 vetuit,
1339 2576 1796 2639 admittendum.
1831 2573 2025 2636 Vetuit
2055 2591 2165 2633 au-

523 2671 644 2725 tem
677 2663 872 2744 prisca
900 2661 993 2725 lex
1020 2663 1146 2745 (72)
1172 2664 1618 2746 prapinquiora.
1654 2663 1802 2728 Sunt
1845 2663 2008 2725 enim
2039 2662 2168 2741 ejus

524 2752 656 2814 haec
675 2750 896 2813 verba:
933 2750 1152 2815 Socrus
1182 2761 1272 2816 est
1300 2754 1499 2816 uxoris
1515 2773 1664 2817 mea
1695 2762 1904 2830 mater,
1939 2761 1997 2813 et
2012 2751 2162 2824 avia,

526 2848 585 2901 et
613 2840 874 2921 proavia.
907 2840 1166 2914 Quarum
1199 2843 1422 2905 nullam
1452 2843 1625 2906 duco.
1651 2843 1847 2906 Nurus
1873 2842 2048 2904 etiam
2080 2839 2165 2902 di-

527 2928 700 3006 citur,
728 2947 876 2990 uxor
896 2928 1028 3005 filii,
1068 2936 1128 2990 et
1152 2931 1408 3012 nepotis,
1441 2940 1496 2993 et
1523 2929 2168 3013 pronepotis.Privigna

525 3035 761 3099 quoque
793 3016 1033 3099 dicitur,
1065 3035 1136 3080 cx
1165 3018 1283 3080 alio
1333 3028 1468 3082 nata
1509 3021 1720 3082 marito
1770 3017 1975 3082 uxoris
2023 3035 2168 3078 mea:

526 3105 673 3188 ﬁlia,
704 3113 764 3167 et
790 3105 1009 3188 neptis,
1035 3114 1092 3167 et
1112 3107 1709 3188 proneptis.Quarum
1733 3109 1952 3170 nullam
1987 3106 2162 3168 duco.

2246 2227 2585 2306 παρεισάγειν
2616 2228 2687 2291 εἷς
2718 2234 2879 2306 ταῦτα
2911 2242 2926 2257 ·
2967 2223 3085 2281 ἀλλ’
3118 2227 3146 2281 ὃ
3175 2225 3271 2299 μὲν
3296 2227 3324 2280 6
3355 2224 3514 2300 νόμος
3545 2224 3722 2301 ῥητῶς
3755 2221 3907 2278 ἐκώ-

2246 2301 2393 2390 λυσε,
2444 2301 2651 2394 φεύγειν
2677 2314 2762 2376 95.
2809 2301 2872 2372 ”Ο
2915 2313 2967 2370 δὲ
3014 2315 3091 2390 μὴ
3147 2312 3402 2388 ἐκώλυσε,
3477 2310 3906 2391 παραδέχεσθαι,

2247 2403 2511 2462 Ἐκώλυσε
2583 2402 2637 2459 δὲ
2695 2407 2722 2460 6
2780 2404 2876 2478 μὲν
2921 2401 3266 2481 παλαιότερος
3327 2403 3486 2478 νόμος
3531 2403 3596 2457 τὰ
3638 2400 3912 2480 προσεχέ-

2248 2515 2404 2573 στερα
2432 2495 2519 2550 καὶ
2549 2492 2825 2571 ἐγγύτερα.
2873 2493 3012 2559 Φησὶ
3041 2493 3140 2570 γάρ
3175 2510 3191 2524 ·
3230 2493 3454 2570 [Ιενθερά
3503 2490 3642 2546 ἐστιν
3699 2492 3733 2557 ἡ
3783 2492 3906 2564 μή-

2245 2605 2371 2663 τηρ,
2415 2584 2503 2638 καὶ
2546 2584 2580 2650 ἡ
2639 2584 2859 2662 μάμμη,
2920 2583 3008 2638 καὶ
3050 2583 3085 2649 ἡ
3143 2581 3444 2660 προμάμμη
3506 2583 3602 2648 τῆς
3659 2579 3908 2657 γαμετῆς

2247 2694 2370 2747 μου.
2433 2672 2530 2728 Καὶ
2585 2669 2827 2745 οὒδεμίαν
2885 2672 3057 2726 αὐτῶν
3113 2667 3392 2744 λαμϐάνω,
3443 2670 3540 2727 Καὶ
3584 2669 3759 2748 νύμφη
3805 2665 3907 2723 λέ-

2247 2778 2419 2836 γεται,
2452 2759 2487 2824 ἡ
2538 2755 2631 2812 τοῦ
2671 2755 2780 2813 υἱοῦ
2834 2758 2920 2812 καὶ
2977 2763 3067 2812 τοῦ
3106 2755 3324 2834 ἐγγόνου
3367 2757 3454 2812 καὶ
3495 2758 3531 2824 ἡ
3563 2765 3654 2814 τοῦ
3695 2775 3907 2833 προεγ-

2247 2846 2404 2923 γᾴνου
2447 2846 2677 2923 γαμετή.
2714 2846 2810 2902 Καὶ
2838 2845 3076 2924 προγόνη
3106 2844 3342 2922 λέγεται,
3400 2847 3435 2913 ἡ
3506 2844 3556 2910 ἐξ
3601 2843 3762 2900 ἄλλου
3804 2847 3908 2900 θυ-

2248 2934 2441 3012 γάτηρ,
2473 2935 2560 2990 καὶ
2617 2933 2840 3012 ὲγγόνη,
2898 2935 2986 2990 καὶ
3041 2934 3338 3012 προεγγόνη
3369 2938 3467 3000 τῆς
3500 2938 3740 3011 γαμετῆς
3775 2954 3908 3008 μου.

2253 3023 2350 3080 Καὶ
2392 3019 2635 3098 οὐδεμίαν
2698 3024 2870 3078 αὒτῶν
2924 3020 3200 3097 λαμϐάνω.
3275 3021 3400 3080 0-5δέ
3488 3023 3586 3080 τὴν
3645 3024 3909 3102 μητρυιάν

2252 3134 2379 3187 μου,
2435 3112 2596 3167 εἶκαὶ
2641 3109 2841 3177 πολλὰς
2886 3109 3048 3191 ἔσχεν
3099 3114 3127 3168 6
3181 3113 3356 3190 πατήρ
3387 3133 3507 3187 μου.
3547 3110 3766 3178 Ἐπειδὴ
3800 3135 3910 3184 μη-

524 3177 668 3256 Nec
701 3195 845 3256 item
873 3177 1212 3257 'noverc-am
1273 3177 1494 3273 meam,
1549 3197 1715 3276 licet}
1752 3197 1950 3278 plures
2003 3201 2170 3276 pater

2253 3199 2417 3279 τέρων
2491 3199 2675 3280 ἔχουσι
2730 3199 2896 3266 τάξιν,
2958 3201 3087 3258 Οὔτε
3157 3201 3407 3276 μητυυιὰ,
3467 3203 3559 3257 τὸν
3617 3201 3906 3278 γενόμενον

526 3301 696 3346 meus
725 3283 1023 3345 habuerit.
1055 3284 1342 3356 Quoniam
1376 3294 1627 3348 matrum
1679 3286 1810 3348 loco
1861 3293 2017 3347 sunt.
2049 3282 2172 3345 Nec

528 3390 786 3434 noverca
804 3371 975 3434 nubit
1004 3373 1081 3443 ei,
1115 3373 1217 3454 qui
1249 3373 1711 3455 privignaxmeae
1749 3375 1995 3436 maritus
2038 3373 2168 3435 fuit.

529 3459 651 3524 Nec
682 3461 861 3522 tiliam
895 3461 1162 3524 mulieris
1194 3463 1370 3539 duco,
1399 3483 1530 3545 quae
1553 3483 1648 3526 me
1665 3463 1928 3541 divertit,
1963 3482 2034 3524 ex
2056 3461 2172 3524 alio

529 3549 742 3611 marito
774 3559 906 3631 post
935 3549 1249 3614 divortium
1279 3560 1674 3633 procreatam.
1709 3551 1931 3614 Tomus
1974 3559 2173 3614 autem

528 3637 777 3701 Sisinnii
809 3638 934 3719 (73)
965 3639 1266 3720 prohibet,
1299 3660 1376 3704 ne
1415 3643 1531 3704 duo
1585 3643 1795 3704 fratres
1846 3641 2087 3704 amitam
2119 3646 2177 3701 et

528 3726 797 3814 ejusdem
829 3727 1024 3789 fratris
1049 3728 1230 3791 filiam
1250 3729 1467 3792 ducant
1488 3749 1806 3814 uxores,ac
1827 3730 1952 3792 vice
1981 3747 2170 3791 versa.

527 3813 822 3878 Praeterea
849 3816 1053 3893 vetuit,
1084 3836 1160 3879 ne
1189 3818 1306 3880 duo
1340 3819 1550 3882 fratres
1579 3813 1797 3882 ducant
1831 3819 1975 3880 duas
2027 3836 2174 3879 con-

528 3904 820 3968 sobrinas.
874 3903 940 3966 In
972 3924 1227 3986 quorum
1282 3908 1474 3988 primo
1521 3909 1784 3990 quintus,
1819 3909 1876 3970 in
1916 3907 2179 3969 secundo

528 4000 729 4054 sextus
758 3993 974 4070 gradus
997 4003 1316 4074 spectatur.
1347 3995 1528 4076 Igitur
1556 3997 1634 4058 ad
1665 3997 1936 4078 quintum
1988 4011 2180 4075 usque

529 4081 778 4158 gradum
808 4081 1127 4161 prohibitae
1155 4093 1293 4145 sunt
1344 4083 1419 4147 ob
1469 4085 1812 4148 afﬁnitatem
1848 4084 2091 4166 nuptiae,
2122 4082 2173 4143 si

530 4169 770 4249 quidem
803 4169 864 4230 in
888 4170 982 4231 his
1010 4171 1186 4232 etiam
1219 4174 1574 4235 numerandi
1599 4184 1736 4235 sunt
1763 4175 2000 4254 gradus.
2034 4171 2174 4244 Quae

528 4275 670 4318 vero
703 4257 853 4319 sexti
881 4259 1102 4337 gradus
1131 4271 1291 4334 sunt,
1327 4261 1376 4322 si
1410 4262 1571 4323 nulla
1594 4263 1947 4325 interveniat
1973 4261 2177 4323 confu-

528 4344 618 4432 sio
649 4345 808 4407 circa
826 4347 1064 4425 generis
1093 4350 1547 4429 appellationes,
1583 4371 1702 4412 non
1761 4351 2170 4432 prohibentur.

2255 3287 2410 3367 ἄνδρα
2481 3293 2580 3356 τῆς
2649 3296 2915 3369 προγονῆς
2975 3313 3098 3366 μου,
3156 3289 3284 3348 Οὐδὲ
3348 3290 3448 3357 τὴν
3488 3290 3745 3369 θυγατέρα
3803 3296 3905 3357 τῆς

2255 3378 2670 3458 ἀποζευχθείσης
2715 3401 2804 3452 μοι
2861 3380 3132 3458 γυναικὸς,
3177 3379 3276 3446 τὴν
3329 3380 3463 3453 μετᾶ
3493 3379 3591 3446 τὴν
3634 3377 3912 3450 ἆπόζευξιν

2254 3470 2538 3546 τεχθετσαν
2596 3466 2648 3532 ἐξ
2691 3466 2867 3546 ἑτέρου
2922 3465 3128 3547 ἀνδρός.
3186 3459 3242 3525 ιΟ
3287 3465 3340 3523 δὲ
3383 3475 3478 3525 τοῦ
3521 3468 3782 3526 Σισιννίου
3808 3470 3912 3525 τό-

2257 3578 2380 3631 μος,
2467 3553 2555 3612 δύο
2623 3553 2875 3635 ἀδελφοὺς
2943 3555 3174 3635 ἐκώλυσε
3250 3554 3536 3631 λαμϐάνειν
3604 3559 3743 3614 θείαν
3821 3560 3914 3614 καὶ

2256 3644 2506 3723 ἀνεψιὰν,
2539 3645 2625 3700 καὶ
2668 3643 2950 3707 ἀνάπαλιν,
2985 3627 3095 3703 νΕτι
3138 3643 3193 3700 δὲ
3246 3643 3334 3700 δύο
3379 3643 3631 3725 ἀδελφοὺς
3676 3644 3913 3702 ἐκώλυσε

2257 3729 2544 3808 λαμϐάνειν
2608 3730 2695 3789 δύο
2753 3732 3207 3814 πρωτεξάδελφας.
3280 3734 3651 3813 Ἐνθεωρεῖται
3721 3733 3775 3790 δὲ
3835 3743 3916 3810 τῷ

2259 3823 2354 3897 μὲν
2386 3822 2580 3901 πρώτῳ
2641 3824 2668 3878 6
2725 3822 2989 3898 πέμπτος,
3046 3829 3123 3897 τῷ
3150 3821 3206 3879 δὲ
3259 3822 3481 3903 δευτέρῳ
3537 3827 3565 3879 6
3608 3823 3760 3887 ἕκτος
3797 3825 3910 3901 βα-

2256 3911 2410 3986 θμός,
2446 3911 2647 3991 Μέχρις
2709 3911 2797 3968 οὖν
2840 3919 2931 3968 τοῦ
2989 3913 3233 3987 πέμπτου
3273 3912 3476 3988 βαθμοῦ
3531 3913 3706 3979 πάντη
3754 3914 3816 3967 τὸ
3861 3912 3916 3978 ἐξ

2259 3999 2569 4078 ἀγχιστείας
2626 3998 2945 4060 κεκώλυται.
3005 4002 3064 4058 Εἰ
3122 3999 3207 4057 δεῖ
3257 4000 3354 4056 κᾶν
3396 4001 3602 4064 τούτοις
3676 4002 3913 4076 βαθμοὺς

2254 4086 2518 4165 ἀριθμεῖν,
2567 4087 2642 4144 Τὰ
2671 4085 2724 4143 δὲ
2774 4094 2867 4144 τοῦ
2907 4087 3061 4148 ἕκτου
3102 4090 3325 4166 βαθμοῦ,
3389 4089 3432 4145 εἰ
3489 4089 3586 4164 μὲν
3639 4091 3733 4145 οὐκ
3791 4088 3912 4170 ἔχει

2254 4176 2515 4255 σύγχυσιν
2544 4177 2756 4255 περὶτὰ
2809 4183 2900 4233 τοῦ
2960 4177 3143 4256 γένους
3200 4178 3458 4257 ὀνόματα,
3519 4177 3578 4234 οὒ
3619 4176 3907 4238 κωλύεται.

2256 4265 2314 4321 Εἰ
2343 4262 2397 4320 δέ
2439 4286 2518 4327 τις
2577 4267 2758 4343 ὁρᾶται
2811 4266 3091 4346 σύγχυσις,
3141 4263 3399 4346 εἴργεται.
3451 4267 3548 4324 Καὶ
3591 4263 3657 4334 δὴ
3686 4268 3775 4323 τὸν
3806 4268 3910 4342 μὲν

2254 4351 2306 4418 ἐξ
2354 4353 2468 4417 ἐνος
2525 4355 2613 4409 καὶ
2667 4353 2822 4410 πέντε
2878 4356 3094 4431 βαθμῶν
3135 4357 3417 4434 γενόμενον
3475 4356 3648 4434 γάμον
3702 4357 3751 4412 οἱ
3806 4358 3907 4431 μὲν

529 4431 636 4496 Sin
665 4442 930 4533 emergat
974 4436 1169 4517 aliqua
1197 4437 1487 4512 confusio,
1525 4431 1815 4502 vetantur.
1849 4439 1964 4502 Eas
1997 4438 2170 4500 etiam

2259 4440 2408 4498 ἄλλοι
2465 4442 2658 4504 πάντες
2689 4441 3000 4501 κωλύουσιν.
3053 4434 3110 4502 Ὀ
3150 4431 3213 4499 δέ
3256 4466 3316 4523 γε
3363 4431 3748 4511 Θεσσαλονίκης
3800 4452 3908 4500 Μι-

529 4523 788 4603 nuptias,
814 4543 946 4604 qua:
975 4526 1402 4588 contrahuntur
1433 4546 1502 4590 ex
1535 4548 1652 4590 uno
1675 4538 1731 4590 et
1755 4529 2017 4609 quinque
2049 4546 2174 4606 gra-

529 4611 732 4688 dibus,
771 4631 981 4676 omnes
1011 4613 1111 4676 alii
1133 4615 1472 4696 prohibent.
1506 4620 1587 4680 At
1618 4637 1755 4681 vero
1784 4617 2172 4680 Thessaloni-

530 4701 728 4762 censis
760 4702 1006 4764 antistes
1027 4703 1129 4764 ille
1146 4705 1399 4766 Michael
1423 4704 1748 4782 Chumnus,
1762 4726 1866 4768 sua
1881 4705 2174 4768 sententia

531 4792 871 4868 pronuntiat
901 4792 1150 4854 minime
1171 4793 1676 4876 vetitas.Exempli
1703 4795 1911 4876 gratia,
1933 4795 1984 4856 si
2007 4802 2173 4875 pater

533 4884 590 4938 et
619 4878 798 4952 ﬁlius,
849 4879 951 4958 qui
1003 4881 1192 4960 primo
1235 4890 1372 4943 sunt
1429 4884 1633 4961 gradu,
1670 4885 1923 4964 copulati
1948 4884 2168 4946 fuerint

533 4966 732 5026 amitae
764 4985 978 5048 parvae,
1011 4987 1080 5030 ac
1106 4968 1306 5031 fratris
1330 4972 1460 5050 ejus
1481 4973 1616 5034 filim
1646 4993 1776 5054 quae
1795 4973 1977 5050 gradu
1995 4971 2173 5055 quin-

533 5060 590 5114 to
621 5073 686 5116 se
717 5056 1086 5135 contingunt.
1118 5057 1225 5120 Sin
1253 5061 1471 5139 gradus
1502 5080 1573 5124 ex
1621 5063 1900 5125 afﬁnitate
1949 5072 2172 5142 sextus,

533 5158 650 5220 quo
681 5143 756 5205 de
803 5145 1106 5226 queritur,
1141 5165 1211 5210 ex
1255 5148 1490 5212 duobus
1525 5159 1584 5214 et
1623 5159 1874 5231 quatuor
1902 5159 2169 5226 constat;

2257 4529 2408 4610 χαηλ
2436 4531 2464 4587 ὁ
2495 4531 2754 4607 Γούμενος
2783 4529 2849 4580 96
2878 4531 2932 4587 ἐν
2975 4531 3087 4606 ἰδίῳ
3114 4533 3416 4613 ψηφίσματι
3463 4531 3732 4590 ἀκώλυτον
3762 4533 3906 4590 ἀπο-

2255 4619 2445 4698 φαίνει.
2481 4623 2612 4676 Οῖον
2641 4621 2684 4674 εἰ
2728 4621 2900 4699 πατὴρ
2955 4623 3042 4677 καὶ
3085 4623 3194 4684 υἱὸς
3236 4622 3445 4700 πρώτου
3489 4624 3634 4685 ὄντες
3677 4623 3904 4698 βαθμοῦ.

2255 4711 2563 4788 συναφθετεν
2621 4715 2781 4788 μικρᾷ
2833 4711 2944 4781 θείᾳ
3025 4711 3120 4766 καὶ
3187 4710 3401 4790 ἀνεψιᾷ,
3462 4711 3675 4786 πέμπου
3731 4710 3910 4778 οὔσαις

2255 4798 2478 4872 βαθμοῦ.
2515 4798 2572 4853 Εἰ
2615 4795 2668 4852 δὲ
2714 4800 2741 4854 6
2769 4799 3090 4874 ζητούμενος
3147 4799 3298 4864 ἕκτος
3331 4798 3383 4864 ἐξ
3439 4798 3754 4878 ἀγχιστείας
3803 4802 3910 4876 βα-

2256 4887 2387 4960 θμὸς
2445 4884 2504 4940 ἐκ
2545 4883 2632 4942 δύο
2663 4886 2956 4965 σύγκειται,
3001 4889 3088 4942 καὶ
3128 4887 3418 4967 τέσσάιρων³
3465 4889 3508 4943 εἰ
3553 4888 3650 4962 μὲν
3708 4887 3908 4965 γίνεται

2259 4975 2536 5053 σύγχυσις,
2583 4977 2611 5030 6
2655 4972 2890 5054 δεύτερος
2931 4975 3255 5038 κεκώλυται,
3315 4979 3388 5034 Οὐ
3435 4977 3532 5054 γὰρ
3576 4975 3792 5033 δυνατὸν
3823 4976 3911 5034 δύο

2297 5065 2312 5086 ,
2397 5059 2479 5117 κιλ
2676 5061 2698 5080 ιι
2763 5065 2778 5084 κ
3036 5070 3061 5080 -
3393 5063 3414 5087 ν
3460 5063 3506 5098 λλ
3618 5066 3664 5098 κ-
3774 5065 3787 5086 ι
3886 5069 3901 5088 κ

2258 5079 2446 5120 αυταοε
2483 5085 2610 5141 ιρους
2671 5082 2780 5118 ουσι
2838 5068 3154 5144 συναφθηναι
3210 5063 3687 5145 πρωτεςαοιλφαις,
3754 5068 3790 5132 ὴ
3852 5090 3912 5124 το

2257 5149 2542 5210 ἀνάπαλιν.
2629 5151 2864 5208 Γίνονται
2919 5153 3019 5232 γὰρ
3074 5154 3188 5210 ἀντὶ
3241 5153 3577 5234 αὒταδέλφων
3661 5155 3915 5235 σύγγαμ-

1860 5309 2113 5376 νἈΡιΙλΕ
2155 5305 2587 5377 LECTIONES.

611 5403 679 5457 9b
704 5421 914 5486 φυγεῖν.
996 5409 1062 5460 96
1092 5419 1321 5489 Χῦμνος.

2081 5539 2328 5606 ΝΟΤιΕ.

615 5628 744 5718 (1Q
771 5628 812 5718 l_.
848 5631 949 5718 5_4_.
978 5631 1051 5718 D_.
1083 5633 1176 5697 De
1202 5637 1286 5698 rit
1313 5644 1488 5718 πυρί.

616 5709 751 5792 (79)
787 5709 829 5774 l.
876 5711 972 5774 14.
1003 5713 1220 5794 Itaque
1246 5709 1471 5782 socrus.
1502 5717 1573 5780 D.
1610 5720 1696 5781 De
1724 5721 1824 5786 rit.
1857 5736 2030 5807 nupt.

2345 5647 2476 5730 ('73)
2503 5648 2916 5730 Promulgatus
2947 5669 3103 5713 anno
3126 5651 3196 5713 A.
3220 5649 3293 5715 Ο.
3327 5651 3395 5716 C.
3426 5652 3607 5718 6499.
