4120 6416
266 429 416 495 1233

1584 417 2165 491 GRIECO-ROMAN
2173 422 2282 485 ΠΜ
2295 468 2310 484 .

3481 421 3633 487 1234

249 560 389 643 ϐροι,
420 564 507 620 καὶ
549 563 865 643 συγχέονται
908 563 1142 619 ἐντεῦθεν
1170 562 1236 620 τὰ
1275 584 1372 629 της
1431 557 1733 637 συγγενείας
1776 554 1901 613 ὀνό-

1987 551 2902 643 siquidemrsitconfusio,nuptiaz
2931 555 3293 635 posteriores
3307 554 3635 643 prohiben-

251 673 419 727 ματα.
451 654 594 720 Φησὶ
622 652 677 708 δὲ
709 654 737 709 6
765 652 901 731 ἱερὸς
927 652 1017 708 καὶ
1067 649 1231 728 μέγας
1278 646 1550 712 Βασίλειος
1585 658 1637 681 ·’
1662 643 1750 703 Ἐν
1821 646 1908 707 οἷς

251 744 319 801 τὰ
360 754 451 804 τοῦ
503 743 689 824 γένους
736 744 972 819 ὀνόματα
1029 741 1366 823 συγχέονται,
1427 740 1481 796 ἐν
1523 739 1727 800 τούτοις
1758 737 1786 791 6
1815 733 1910 812 γά-

253 855 353 909 μος
385 823 654 908 ἀθέμιτος.
690 834 748 891 Εἰ
776 831 831 888 δὲ
863 832 922 888 οὒ
978 832 1177 910 γίνεται
1234 830 1516 909 σύγχυσις,
1580 826 1669 884 καὶ
1697 827 1725 881 6
1754 823 1908 886 ἕκτος

253 920 524 986 ἀκώλυτός
584 925 721 983 ἔστι,
769 921 991 977 Πάππον
1051 920 1152 999 γὰρ
1205 919 1293 975 καὶ
1348 916 1590 996 ἔγγονον,
1637 910 1907 999 ἀκώλυτον

254 1011 573 1088 σοναφθῆναι
619 1006 829 1088 μεγάλῃ
870 1008 981 1080 θείᾳ
1024 1008 1113 1063 καὶ
1167 1006 1360 1082 ἀνεψιᾷ
1396 1023 1414 1041 ·
1474 1003 1629 1062 ἕκτου
1687 1001 1787 1080 γὰρ
1819 998 1909 1055 καὶ

255 1102 411 1154 τοῢτο
438 1098 664 1174 βαθμοῦ.

1992 648 2051 702 tu
2059 641 2162 703 r.N
2169 660 2262 703 am
2277 642 2407 705 ﬁeri
2419 643 2716 725 nequit,ut
2738 643 2857 706 duo
2878 643 3147 723 germani
3166 643 3383 706 fratres
3402 642 3637 707 duabus

1991 732 2364 796 consobrinis
2383 735 2868 816 copulentur,aut
2900 735 3028 797 vice
3051 752 3244 798 versa.
3265 734 3445 799 Fiunt
3473 734 3637 797 enim

1990 820 2121 882 loco
2149 821 2423 897 fratrum,
2452 823 2775 903 congeneri
2803 824 2893 886 vel
2924 823 3298 906 coafﬁnes;et
3312 825 3426 886 hoc
3457 821 3635 886 modo

1991 909 2234 972 nomina
2254 912 2619 991 cognationis
2642 911 3213 975 confunduntur.Ait
3236 920 3430 975 autem
3455 930 3635 975 sanc-

1991 1004 2084 1059 tus
2113 1008 2171 1060 et
2201 1019 2454 1079 magnus
2487 1000 2590 1064 ille
2617 1000 2908 1065 Basilius:
2935 1002 3001 1065 In
3022 999 3237 1082 quibus
3257 1001 3493 1081 generis
3522 1019 3633 1083 ap-

1992 1086 2887 1165 pellationesconfunduntur,in
2903 1089 2996 1152 his
3008 1089 3228 1153 illicita;
3240 1089 3630 1171 suntnuptim.

256 1183 360 1247 Sin
382 1173 648 1247 confusio
667 1184 829 1247 nulla
842 1184 944 1260 sit,
965 1184 1144 1247 etiam
1159 1190 1359 1245 sextus
1372 1200 1491 1245 non
1504 1177 1878 1262 prohibetur.
1896 1173 2129 1256 Quippe
2139 1187 2514 1257 nonvetatur,
2530 1179 2998 1261 quominusavus
3010 1186 3268 1261 etnepos
3284 1178 3638 1261 copulentur

256 1291 391 1335 cum
422 1275 601 1337 amita
633 1292 864 1355 magna,
900 1281 959 1335 et
981 1271 1253 1354 ejusdem
1274 1290 1343 1334 ex
1385 1271 1571 1333 fratre
1612 1274 1835 1349 nepte;
1867 1280 2005 1326 nam
2023 1264 2135 1326 hoc
2158 1285 2393 1348 quoque
2415 1268 2564 1329 sexti
2577 1268 2914 1348 gradusest,
2935 1275 2994 1330 at
3012 1267 3379 1330 confusionis
3397 1284 3634 1349 expers.

337 1361 488 1421 Ἀλλ’
541 1363 681 1421 ’ἐστιν
750 1365 1074 1445 ἀσύγχυτον,
1169 1361 1335 1423 Πάλιν
1418 1362 1521 1441 γὰρ
1591 1360 1726 1436 μετὰ
1783 1356 1903 1420 τοὺς

254 1451 455 1529 γάμους
512 1453 735 1513 πάππου
814 1454 925 1511 καὶ.
982 1451 1202 1531 ἐγγόνοο
1283 1450 1614 1521 ἆποσώζουσι
1684 1446 1899 1508 τόπους.

253 1544 363 1609 Τὴν
404 1543 504 1621 γὰρ
561 1541 804 1623 μεγάλην
852 1542 993 1600 θείαν
1033 1543 1121 1599 καὶ
1176 1542 1265 1597 τὸν
1338 1541 1516 1619 μάγαν
1566 1542 1734 1611 θετον,
1782 1534 1903 1604 ἢτοι

251 1639 343 1691 τοῦ
393 1632 614 1689 πάππου
658 1633 756 1700 τὴν
812 1630 1044 1712 ἀδελφὴν
1096 1632 1185 1688 καὶ
1227 1632 1318 1687 τὸν
1369 1626 1618 1709 ἀδελφὸν,
1674 1627 1901 1702 μάμμην

250 1720 339 1776 καὶ
385 1720 605 1780 πάππον
664 1724 710 1778 οἱ
778 1720 966 1778 πολλοὶ
1020 1720 1356 1796 ὀνομάζουσι,
1421 1718 1519 1774 Διὰ
1572 1721 1726 1773 τοῦτο
1784 1713 1901 1771 οὔτε

250 1808 359 1865 ἀπὸ
384 1818 477 1869 τοῦ
521 1810 682 1887 νόμου
709 1812 770 1867 τὸ
826 1811 992 1888 παρὸν
1038 1806 1329 1865 κεκώλυται
1385 1808 1625 1884 ζήτημα,
1683 1804 1772 1860 καὶ
1825 1808 1903 1876 τῷ

2069 1357 2295 1419 Rursus
2326 1358 2486 1420 enim
2510 1358 2763 1438 peractis
2793 1356 3015 1439 nuptiis
3045 1360 3132 1419 avi
3157 1364 3216 1420 et
3246 1356 3480 1438 nepotis
3501 1357 3635 1419 loca

1987 1454 2244 1508 servant.
2277 1445 2508 1529 Quippe
2534 1464 2806 1525 magnam
2835 1445 3078 1509 amitam
3111 1453 3171 1508 et
3198 1454 3476 1527 patruum
3504 1464 3636 1508 ma-

1986 1555 2191 1614 gnum,
2225 1538 2339 1601 hoc
2365 1548 2478 1618 est,
2511 1538 2602 1601 avi
2641 1555 2911 1601 sororem
2964 1544 3024 1600 et
3065 1537 3331 1612 fratrem,
3366 1535 3637 1618 plerique

1984 1623 2175 1687 aviam
2195 1635 2254 1688 et
2270 1645 2440 1689 avum
2465 1626 2781 1689 nominare
2800 1624 3255 1691 solent.Idcirco
3276 1643 3387 1689 nec
3404 1623 3637 1704 legibus

1985 1713 2083 1776 hic
2112 1733 2283 1779 casus
2332 1724 2422 1779 est
2451 1716 2810 1799 prohibitus,
2862 1722 2920 1777 et
2948 1732 2982 1776 a
3016 1722 3175 1777 tomo
3214 1714 3463 1779 Sisinnii
3493 1732 3633 1796 per-

1985 1803 2262 1886 mittitur,
2295 1825 2405 1868 ceu
2452 1804 2700 1867 minime
2728 1803 2940 1867 vetitus
2973 1822 2988 1867 :
3027 1822 3165 1867 cum
3195 1803 3343 1866 illud
3374 1803 3629 1866 alterum

254 1898 401 1973 νόμῳ
427 1897 492 1948 97
520 1913 769 1980 παρεῖται
799 1906 892 1956 τοῦ
936 1898 1167 1955 Σισινίου
1223 1898 1296 1962 ὡς
1340 1893 1629 1953 ἀκώλυτον.
1691 1890 1901 1950 Ἐκεῖνο

1987 1890 2451 1980 sitprohibitum
2474 1893 2639 1956 velut
2685 1891 3005 1956 obnoxium
3048 1890 3406 1955 confusioni.
3434 1890 3540 1955 Sin
3563 1909 3636 1954 ex

251 1986 306 2042 δὲ
360 1988 434 2052 ὡς
491 1989 751 2069 σύγχυσιν
811 1988 928 2068 ἔχω
954 1986 1021 2037 98
1073 1984 1390 2047 κεκώλυται.
1436 1985 1496 2041 Εἰ
1543 1980 1598 2039 δὲ
1643 1982 1703 2039 ὲκ
1743 1987 1901 2060 τριῶν

249 2076 476 2135 ἐστικαὶ
516 2083 698 2158 τριῶν,
732 2080 776 2134 εί
832 2078 929 2154 μὲν
979 2080 1075 2134 οὒκ
1122 2076 1244 2156 ἔχει
1288 2075 1571 2154 σύγχυσιν,
1628 2069 1899 2158 ἀκώλυτόν

251 2164 420 2226 ἐστιν.
467 2155 597 2225 Οἳον
627 2165 752 2223 ὅταν
805 2167 903 2244 μὲν
961 2169 1104 2231 θεῖος
1158 2155 1248 2221 καὶ
1311 2163 1527 2238 ἀνεψιὸς
1568 2159 1706 2217 θείαν
1764 2155 1902 2234 λάϐῃ

251 2259 341 2311 καὶ
382 2255 625 2331 ἀνεψιὰν,
689 2252 899 2331 οὐδεμία
970 2255 1169 2333 γίνεται
1226 2252 1504 2332 σύγχυσις.
1564 2246 1729 2304 Πάλιν
1801 2245 1901 2324 γὰρ

253 2344 390 2400 θείου
460 2346 549 2401 καὶ
605 2344 821 2420 ἀνεψιοῦ
877 2343 1100 2414 σώζουσι
1171 2340 1357 2398 τόπον.
1433 2338 1531 2396 Διὰ
1584 2342 1740 2393 τοῦτο
1812 2335 1901 2390 καὶ

251 2431 523 2489 ἀκώλυτον
552 2434 693 2490 εἶναι
736 2433 1089 2505 παντάπασιν,
1141 2429 1178 2499 ἥ
1223 2452 1281 2487 τε
1333 2437 1426 2488 τοῦ
1465 2424 1710 2506 ῥηθέντος
1739 2422 1902 2498 νόμου

251 2521 457 2593 σιωπὴ,
516 2526 575 2580 οὗ
630 2522 739 2597 μὴν
781 2520 917 2577 ἀλλὰ
968 2524 1066 2578 καὶ
1134 2520 1462 2597 θεσπίσματα
1518 2512 1765 2592 βασιλικὰ
1815 2517 1901 2572 καὶ

249 2608 463 2689 πράξεις
506 2609 775 2667 συνοδικαὶ
830 2616 988 2667 πᾶσιν
1034 2610 1341 2689 αἷγώρισαν.
1400 2595 1576 2663 εὈταν
1631 2601 1686 2659 δὲ
1731 2604 1759 2658 6
1803 2599 1901 2676 μὲν

248 2703 394 2764 θεῖος
449 2696 731 2778 προλαϐὼν
782 2697 912 2778 ἔσχε
954 2699 1052 2766 τὴν
1084 2698 1326 2772 ἀνεψιὰν,
1360 2698 1389 2752 6
1444 2692 1500 2750 δὲ
1528 2693 1744 2767 ἀνεψιὸς
1773 2689 1900 2767 βού-

251 2785 412 2854 ληται
469 2792 779 2854 συνοικῆσαι
835 2792 904 2863 τῇ
944 2787 1077 2861 θείᾳ,
1122 2787 1183 2842 τὸ
1239 2781 1609 2862 ἐπιγενόμενον
1665 2778 1749 2835 διὰ
1801 2778 1900 2846 τὴν

1985 1979 2174 2042 tribus
2232 1989 2288 2043 et
2349 1982 2540 2044 tribus
2595 1989 2846 2062 constat,
2906 1981 3202 2063 siquidem
3257 1980 3629 2044 confusionis

1985 2087 2200 2149 expers
2224 2085 2334 2147 est,
2361 2090 2477 2133 non
2510 2078 2757 2133 velatur.
2781 2069 2966 2134 Verbi
2993 2071 3202 2149 gratia,
3235 2088 3371 2133 cum
3389 2077 3632 2151 patruus

1984 2166 2043 2219 et
2073 2159 2269 2221 fratris
2301 2160 2431 2241 ejus
2461 2160 2642 2233 ﬁlius,
2676 2158 2917 2221 amitam
2968 2160 3217 2234 ducunt,
3250 2165 3311 2221 et
3358 2157 3629 2239 ejusdem

1983 2246 2180 2310 fratris
2213 2250 2435 2326 tiliam;
2468 2248 2627 2311 nulla
2657 2248 2722 2310 ﬁt
2751 2247 3040 2312 confusio.
3074 2247 3302 2310 Rursus
3332 2249 3493 2310 enim
3519 2265 3627 2328 pa-

1985 2339 2184 2399 truiet
2211 2338 2409 2400 fratris
2457 2338 2565 2400 ﬁlii
2622 2338 2817 2399 locum
2864 2344 3125 2400 servant.
3162 2339 3489 2414 Propterea
3518 2338 3631 2399 hoc

1984 2425 2159 2505 plane
2215 2446 2331 2488 non
2385 2425 2710 2506 prohiberi,
2764 2444 2884 2486 non
2933 2425 3110 2487 modo
3162 2423 3311 2504 legis
3354 2422 3633 2486 indicata;

1982 2514 2307 2590 silentium,
2342 2514 2448 2578 sed
2473 2515 2649 2578 etiam
2674 2514 3007 2595 principum
3035 2513 3397 2588 sanctiones,
3423 2521 3482 2575 et
3498 2521 3633 2575 acta

1982 2604 2286 2684 synodalia
2310 2605 2540 2666 cunctis
2568 2603 2994 2682 signiﬁcarunt.
3050 2603 3130 2665 At
3158 2620 3323 2677 vero,
3354 2621 3488 2664 cum
3522 2619 3629 2682 pa-

1984 2700 2150 2754 truus
2176 2694 2302 2773 jam
2352 2699 2526 2755 antea
2573 2693 2769 2754 fratris
2816 2691 3000 2755 habet
3045 2692 3253 2766 ﬁliam,
3311 2691 3628 2773 patruique

1982 2781 2180 2843 fratris
2208 2782 2368 2845 ﬁlius
2406 2800 2540 2844 cum
2571 2782 2700 2862 ejus
2740 2781 3009 2844 mulieris
3036 2780 3216 2842 amita
3243 2779 3407 2843 coire
3424 2780 3548 2842 vult
3567 2780 3631 2841 in

249 2878 509 2957 σύγχυσιν
566 2875 885 2934 κεκώλυται.
931 2876 1168 2933 Γίνονται
1210 2874 1309 2953 γὰρ
1363 2875 1437 2936 ὡς
1498 2870 1604 2927 ἀπὸ
1646 2875 1752 2926 τῶν
1808 2868 1901 2923 νό-

1989 2870 2456 2944 matrimonium;
2487 2870 2848 2951 posteriores
2876 2869 2968 2931 hae
2995 2869 3218 2950 nuptiae
3263 2867 3634 2931 confusionis

248 2987 391 3041 μων,
440 2969 468 3021 6
512 2965 610 3041 μὲν
665 2968 809 3028 θεῖος
841 2965 1079 3041 ἀνεψιὸς.
1139 2965 1167 3019 6
1223 2960 1279 3018 δὲ
1321 2961 1539 3035 ἀνεψιὸς
1590 2962 1759 3023 θεῖος.
1807 2958 1901 3015 Καὶ

1989 2977 2164 3020 causa
2193 2958 2608 3039 prohibentur.
2633 2958 2864 3039 Quippe
2886 2957 3042 3021 velut
3070 2958 3198 3039 ipso
3219 2957 3359 3038 jure
3387 2964 3632 3038 patruus

247 3052 362 3111 ἔστι
419 3061 573 3111 τοῦτο
630 3054 803 3134 σαφὴς
846 3059 951 3110 τῶν
1008 3053 1283 3128 ὀνομάτων
1337 3058 1430 3109 τοῦ
1467 3046 1648 3126 γένους
1692 3048 1901 3126 σὺγχυ-

1990 3049 2053 3110 ﬁt
2076 3048 2272 3110 fratris
2297 3048 2543 3125 ﬁlius,et
2566 3048 2762 3111 fratris
2785 3047 2940 3110 ﬁlius
2961 3048 3027 3110 ﬁt
3053 3055 3297 3129 patruus
3322 3064 3336 3109 :
3361 3046 3632 3128 adeoque

244 3165 355 3207 σις,
420 3142 588 3199 Ἀλλᾶ
642 3144 732 3200 καὶ
787 3145 815 3198 6
874 3142 1065 3222 μέχρις
1134 3138 1356 3216 ἑϐδόμου
1425 3139 1625 3216 βαθμοῦ
1680 3136 1900 3214 θεωρού-

1988 3137 2297 3200 manifesta
2323 3138 2563 3219 generis
2583 3136 3047 3220 appellationum
3077 3137 3205 3198 haec
3226 3135 3495 3198 confusio
3514 3142 3628 3201 est.

245 3255 409 3308 μενος
454 3230 505 3297 ἐξ
563 3231 874 3311 ἀγχιστείας
936 3232 1133 3310 γάμος,
1193 3230 1236 3285 εἰ
1292 3229 1389 3305 μὲν
1448 3225 1500 3292 ἐξ
1531 3227 1646 3290 ἑνὸς
1690 3223 1783 3292 εἴη
1813 3225 1899 3280 καὶ

1987 3225 2136 3299 Quin
2169 3227 2344 3290 etiam
2376 3226 2819 3289 matrimonium
2862 3226 3018 3288 inter
3046 3224 3279 3299 afﬁnes,
3311 3223 3385 3286 ad
3437 3223 3630 3306 septi-

244 3322 324 3398 ἓξ,
401 3318 718 3381 κεκώλυται.
792 3322 865 3379 Οὔ
938 3322 1038 3399 γὰρ
1089 3321 1206 3376 οἷόν
1262 3339 1319 3375 τε
1376 3315 1576 3395 πατέρα
1632 3316 1720 3372 καὶ
1788 3314 1898 3371 υἱὸν

243 3408 638 3490 εισεξαδέλφαις
710 3411 1027 3491 συναφθῆναι
1110 3406 1269 3465 δυσί·
1328 3408 1559 3486 γίνονται
1628 3406 1728 3483 γὰρ
1786 3403 1899 3459 ἀντὶ

240 3502 447 3579 πατρὸς
479 3500 567 3555 καὶ
594 3502 703 3556 υἱοῦ
733 3496 1081 3578 σύγγαμϐροι,
1118 3499 1174 3556 EI
1232 3495 1286 3552 δὲ
1342 3495 1403 3552 ἐκ
1443 3494 1531 3553 δύο
1573 3495 1660 3550 καὶ
1714 3492 1893 3566 πέντε,

244 3587 516 3667 μηδαμῶς
552 3603 565 3619 °
628 3587 740 3643 εἴτε
788 3589 888 3668 γὰρ
943 3588 1160 3649 πάππος
1214 3586 1303 3642 καὶ
1342 3584 1584 3664 ἔγγονος,
1656 3580 1769 3638 εἴτε
1811 3579 1899 3637 δύο

241 3676 562 3758 αὒτάδελφοι
648 3679 954 3757 συναφθεϊεν
1026 3679 1187 3753 μικρᾷ
1267 3674 1378 3745 θείᾳ
1432 3673 1521 3729 καὶ
1577 3670 1793 3745 ἀνεψιᾷ,
1870 3670 1899 3725 6

239 3768 485 3846 δεύτερος
543 3767 718 3845 γάμος
775 3765 1102 3844 ἀνέγκλητός
1160 3762 1324 3824 ἐστιν,
1384 3763 1442 3819 Εἰ
1496 3758 1553 3817 δὲ
1622 3759 1683 3816 ἐκ
1742 3759 1898 3837 τριῶν

240 3861 333 3916 καὶ
395 3857 684 3935 τεσσάρων,
732 3853 890 3911 πάλιν
948 3855 991 3910 εἰ
1036 3852 1130 3929 μέν
1186 3855 1326 3908 εστιν
1382 3849 1704 3929 ἀσύγχυτον,
1763 3868 1897 3925 συγ-

1985 3334 2146 3379 mum
2179 3334 2368 3397 usque
2396 3315 2647 3395 gradum
2679 3333 2814 3378 sese
2849 3314 3181 3395 porrigens,
3217 3313 3269 3375 si
3299 3319 3531 3375 constet
3560 3331 3632 3375 ex

1982 3423 2101 3466 uno
2132 3413 2190 3466 et
2218 3423 2342 3477 sex,
2379 3402 2753 3486 prohibetur,
2786 3405 2933 3466 Nam
2965 3402 3098 3465 ﬁeri
3125 3401 3353 3482 nequit,
3378 3408 3443 3464 ut
3464 3409 3631 3483 pater

1982 3502 2039 3554 et
2070 3493 2223 3555 filius
2252 3492 2480 3556 duabus
2510 3490 2771 3555 sobrinis
2816 3493 3192 3572 copulentur.
3229 3491 3419 3554 Patris
3470 3492 3630 3554 enim

1983 3590 2039 3644 et
2074 3581 2181 3643 ﬁlii
2208 3581 2362 3657 loco,
2396 3582 2545 3642 fiunt
2574 3581 2897 3659 congeneri
2929 3579 3016 3642 vel
3049 3578 3353 3643 coaﬁines.
3388 3578 3632 3661 Nequa-

1981 3689 2157 3751 quam
2188 3671 2300 3732 hoc
2330 3668 2624 3746 usuvenit,
2658 3669 2708 3731 si
2738 3687 2810 3731 ex
2842 3667 3073 3730 duobus
3103 3674 3163 3730 et
3182 3666 3448 3748 quinque
3478 3685 3630 3730 con-

1982 3766 2116 3820 stet.
2147 3758 2294 3821 Nam
2334 3758 2457 3820 sive
2482 3776 2623 3820 avus
2655 3765 2715 3819 et
2745 3775 2957 3838 nepos,
3020 3758 3143 3819 sive
3190 3754 3308 3817 duo
3361 3755 3632 3836 germani

1980 3847 2192 3910 fratres
2222 3846 2483 3929 copulati
2515 3846 2741 3927 fuerint
2761 3865 2893 3908 cum
2918 3844 3098 3907 amita
3124 3861 3321 3927 parva,
3348 3855 3409 3909 et
3430 3844 3633 3909 fratris

1981 3937 2109 4017 ejus
2144 3936 2287 4010 ﬁlia,
2343 3935 2621 3999 secundae
2680 3935 2903 4017 nuptiae
2957 3932 3101 3997 vitio
3158 3941 3386 3997 carent.
3424 3931 3530 3997 Sin
3560 3953 3632 3998 ex

238 3946 581 4027 κεχώρηται,
644 3952 801 4008 Θεϊος
870 3944 969 4023 γὰρ
1026 3944 1113 3998 καὶ
1192 3940 1433 4027 ἀνεψιος,
1506 3936 1596 3994 δύο
1658 3934 1896 4027 πρωτεξ-

1982 4025 2170 4087 tribus
2201 4034 2257 4087 et
2287 4034 2559 4107 quatuor,
2593 4043 2799 4087 rursus
2829 4022 3125 4106 siquidem
3167 4021 3439 4086 confusio
3470 4022 3633 4085 nulla

235 4022 477 4114 αδέλιρας
532 4031 817 4095 ἀκωλύτως
848 4022 1192 4107 λαμϐάνοντι.
1250 4029 1305 4085 Εἰ
1347 4025 1402 4083 δὲ
1453 4026 1712 4106 σύγχυσιν
1754 4022 1898 4105 ἔχων

237 4110 459 4204 ὁρᾶται,
492 4122 551 4177 οὔ
578 4118 711 4187 δῆτα
731 4136 746 4151 ·
780 4119 997 4182 πάππος
1028 4118 1128 4197 γὰρ
1155 4118 1243 4175 καὶ
1270 4114 1572 4194 δισέγγονος
1598 4111 1684 4171 δύο
1712 4136 1895 4193 πρωτ-

1987 4115 2317 4204 intervenit,
2371 4113 2749 4204 permittitur.
2789 4115 3036 4204 l'atruus
3095 4110 3287 4204 enim,
3319 4118 3398 4204 et
3432 4110 3633 4204 fratris

235 4198 537 4290 εξαδέλφας
569 4206 754 4265 λαϐεῖν
787 4206 1055 4287 εἴργονται
1090 4225 1102 4236 '
1135 4206 1228 4261 ’ίνα
1251 4205 1328 4281 μὴ
1356 4207 1443 4260 καὶ
1474 4206 1614 4260 οὗτοι
1645 4203 1893 4289 σύγγαμ-

1987 4204 2111 4282 ejus
2140 4202 2321 4283 ﬁlius,
2352 4205 2503 4265 duas
2530 4200 2919 4290 consobrinas
2963 4200 3113 4264 citra
3162 4198 3628 4290 prohibitionem

233 4300 357 4381 ϐροι
405 4288 724 4377 λογισοετῖεν.
789 4293 937 4353 Ἀλλ’
996 4299 1023 4353 6
1090 4295 1185 4372 μὲν
1236 4290 1538 4373 προλαϐὼν,
1585 4290 1732 4381 μένει
1776 4288 1892 4381 ἀκί-

1987 4292 2225 4354 ducunt.
2254 4290 2384 4381 Non
2412 4291 2583 4372 item,
2616 4290 2667 4353 si
2696 4289 2963 4353 confusio
3018 4289 3306 4381 quaedam
3340 4298 3626 4381 emergat.

233 4377 406 4457 νὴτος
440 4404 454 4417 ’
530 4384 790 4443 κωλύεται
873 4383 929 4441 δὲ
1011 4387 1040 4441 6
1109 4382 1502 4461 ἐπιγενόμενος,
1574 4379 1612 4449 ἢ
1697 4378 1896 4459 προϐὰς

1987 4382 2141 4443 Avus
2192 4380 2353 4443 enim
2399 4387 2458 4442 et
2508 4398 2826 4462 pronepos,
2878 4399 2913 4442 a
2965 4378 3346 4442 matrimonio
3377 4377 3627 4441 duarum

235 4478 531 4535 διασπᾶται
558 4491 571 4504 '
636 4475 701 4530 τὰ
757 4472 810 4529 δὲ
852 4474 981 4553 ὑπὲρ
1023 4474 1113 4529 τὸν
1172 4469 1393 4546 ἕϐδομον
1451 4468 1503 4535 ἐξ
1558 4468 1891 4548 ἀγχιστείας,

1987 4468 2474 4532 consobrinarum
2499 4478 2800 4541 arcentur,
2816 4487 2892 4531 ne
2904 4466 3228 4547 congeneri
3241 4467 3330 4529 vel
3345 4466 3629 4530 coafﬁnes

238 4563 776 4644 ἀπολυπραγμόνητά
804 4564 901 4618 εἱσι
953 4563 1041 4619 καὶ
1084 4559 1352 4639 ἀκώλυτα,
1409 4557 1587 4637 ὥσπερ
1616 4556 1669 4612 ἐν
1697 4570 1814 4621 τοῖς
1844 4557 1898 4625 ἐξ

1987 4559 2336 4621 habeantur.
2376 4558 2668 4622 Nimirum
2716 4558 2880 4639 prius
2909 4563 3299 4644 contractum
3311 4555 3627 4644 matrimo-

238 4642 482 4731 α”ματος
512 4652 577 4707 τὰ
603 4650 731 4730 ὑπὲρ
754 4651 845 4706 τὸν
875 4648 1081 4728 ὄγδοον.
1116 4651 1189 4707 Οὔ
1217 4647 1393 4711 καλῶς
1413 4646 1467 4703 δέ
1494 4669 1631 4703 τισιν
1662 4645 1896 4725 εἴρηται,

1987 4647 2379 4718 nium,manet
2411 4646 2721 4707 immotum
2754 4662 2770 4708 :
2805 4644 3104 4725 posterius
3133 4642 3504 4724 prohibetur,
3541 4644 3629 4707 vel

236 4743 326 4801 ὅτι
358 4742 427 4798 τὰ
457 4739 799 4817 εὑρισκόμενα
854 4736 907 4803 ἐξ
961 4737 1273 4818 ἀγχιστείας
1324 4736 1476 4792 ἕκτου
1530 4737 1753 4815 βαθμοῦ,
1811 4734 1899 4791 ὅτε

1987 4737 2167 4815 sijam
2195 4734 2571 4814 processerit,
2607 4734 2909 4797 dirimitur
2965 4733 3108 4806 Quae
3137 4750 3274 4795 vero
3308 4732 3628 4795 matrimo-

237 4834 345 4909 μὲν
397 4828 570 4896 ἑξίσης
622 4830 771 4903 είτὶν,
817 4829 890 4892 ὡς
930 4826 982 4893 ἐξ
1039 4826 1285 4906 ἐκατέρου
1333 4825 1520 4904 μέρους
1565 4838 1710 4903 τρεῖς
1755 4826 1897 4881 εἶναι

1987 4825 2080 4884 nia
2123 4824 2368 4901 gradum
2416 4822 2718 4885 afﬁnitatis
2756 4823 3072 4904 septimum
3122 4819 3437 4897 excedunt,
3470 4820 3533 4883 in
3563 4840 3635 4885 ea

237 4919 506 4999 βαθμοὺς,
566 4916 812 4973 ἆκώλυεά
866 4918 964 4972 εἶσι
999 4932 1014 4946 ’
1069 4914 1434 4990 κεκωλυμένα,
1492 4912 1567 4984 δὲ,
1642 4912 1729 4969 ὅτε
1774 4915 1896 4972 εἶσὶν

1987 4912 2218 4974 curiose
2250 4931 2369 4973 non
2408 4911 2835 4987 inquirendum
2861 4919 2970 4987 est,
3004 4928 3117 4999 nec
3160 4909 3453 4999 faciunda;
3483 4930 3630 4999 pro-

236 4997 404 5067 ἄνισα
437 5025 455 5043 ·
494 4997 589 5062 νέκ
643 5006 742 5083 γὰρ
796 5012 903 5061 τῶν
970 5003 1262 5085 είρημένων
1315 5001 1563 5081 ἀνωτέρω
1617 4998 1893 5077 δέδεικται,

1987 5000 2509 5076 hibitiones,Sicuti
2540 5000 2669 5063 fieri
2689 4999 2955 5062 videmus
2978 5010 3038 5063 et
3065 4997 3129 5060 in
3161 4998 3259 5075 iis,
3275 4997 3376 5079 qui
3395 4998 3629 5061 ratione

237 5099 322 5175 μὴ
352 5097 416 5152 τὸ
445 5094 565 5151 ἴσον
606 5095 695 5150 καὶ
722 5096 782 5150 τὸ
840 5092 1040 5166 ἄνισον,
1073 5091 1209 5149 ἀλλὰ
1238 5093 1298 5149 τὸ
1359 5089 1753 5169 συγκεχυμένον
1811 5094 1899 5149 καὶ

1987 5090 2507 5171 consanguinitatis
2537 5098 2803 5153 octavum
2836 5088 3152 5153 excedunt.
3186 5089 3480 5151 Caeterum
3513 5106 3632 5153 non

232 5186 569 5263 ἀσύγχυτον,
600 5183 635 5250 ἢ
664 5182 894 5263 ἀφιέναι,
929 5182 966 5251 ἢ
1000 5182 1269 5260 ἀπείργειν
1312 5181 1373 5236 τὸ
1405 5177 1771 5257 συνάλλαγμα.

1987 5187 2144 5242 recte
2173 5180 2451 5243 traditum
2481 5198 2516 5241 a
2548 5178 2846 5241 nonnullis
2903 5186 3013 5255 est,
3070 5175 3452 5239 matrimonia
3482 5178 3638 5241 sexti

236 5290 315 5337 ex
349 5271 636 5335 afﬁnitate
666 5270 907 5352 gradus,
942 5289 1077 5332 cum
1109 5286 1282 5351 pares
1311 5268 1593 5348 utrinque
1624 5267 1842 5347 gradus
1899 5269 2142 5345 habent,
2192 5288 2312 5331 non
2371 5267 2716 5351 prohiberi:
2777 5286 2913 5332 cum
2963 5267 3247 5348 impares,
3302 5266 3634 5348 prohiberi.

235 5361 571 5427 Ostensum
600 5367 690 5422 est
719 5359 884 5422 enim
917 5377 993 5423 ex
1018 5359 1298 5421 indicatis
1330 5356 1627 5438 superius,
1666 5375 1785 5421 non
1816 5358 2215 5441 aequalitatem
2270 5365 2331 5420 et
2376 5357 2867 5440 inaequalitatem,
2924 5357 3028 5421 sed
3074 5355 3510 5436 confusionem,
3578 5364 3640 5422 et

240 5448 624 5515 confusionis
654 5447 1010 5525 absentiam,
1045 5448 1133 5511 vel
1165 5447 1534 5529 permittere,
1567 5445 1658 5507 Vel
1691 5445 1983 5529 impedire
2014 5454 2404 5510 contractum.

1586 5606 1841 5671 VARIE
1885 5605 2319 5672 LECTIONES.

327 5716 395 5767 97
426 5725 501 5792 τῷ
529 5719 698 5794 τόμῳ.
784 5716 848 5766 98
876 5716 1027 5796 ἕχον,
