4120 6430
521 381 676 452 1935

597 517 904 583 Eumdem
933 538 1059 585 non
1088 521 1296 585 debere
1323 521 1477 585 duas
1506 521 1786 585 sobrinus
1816 519 2058 582 ducere.

600 695 909 759 Prohibuit
931 699 1110 762 etiam
1142 698 1433 779 Ecclesia,
1467 716 1546 763 ne
1576 717 1730 760 unus
1760 706 1819 760 et
1839 697 1999 760 idem
2025 698 2170 760 duas

517 785 788 848 sobrinas
819 785 996 849 ducat
1033 806 1270 851 uxores.
1295 787 1424 850 Non
1459 787 1618 850 enim
1649 787 1748 850 hic
1779 787 2065 868 septimus
2097 805 2169 848 ex

515 873 824 950 afﬁnitate,
858 894 969 939 ceu
1001 876 1274 958 plerique
1305 884 1532 956 putant,
1579 877 1800 956 gradus
1847 874 2163 954 colligitur,

517 961 621 1025 sed
653 971 852 1026 sextus
891 982 905 1027 :
952 973 1290 1047 propterea,
1315 965 1472 1045 quod
1507 964 1753 1026 maritus
1784 971 1840 1026 et
1871 982 2018 1025 uxor
2046 981 2166 1026 uno

518 1051 704 1128 gradu
726 1052 1022 1115 contineri
1051 1053 1365 1118 ducantur.
1409 1052 1534 1116 Hoc
1565 1054 1724 1116 enim
1757 1071 1890 1115 cum
1922 1051 1983 1113 in
2013 1070 2164 1114 con-

516 1140 897 1204 sultationem
927 1142 1190 1205 venisset
1234 1151 1505 1224 tempore
1533 1141 1759 1204 Nicolai
1790 1141 2162 1222 patriarcha),

517 1229 881 1311 prohibitum
907 1250 942 1295 a
970 1232 1241 1294 Ecclesia
1271 1232 1378 1294 fuit
1411 1250 1425 1296 :
1459 1232 1752 1313 simulque
1802 1231 2169 1311 promulgata

517 1318 631 1379 fuit
660 1320 886 1381 sanctio
914 1319 1059 1382 clari
1092 1320 1378 1401 principis
1409 1320 1723 1394 Manuelis,
1757 1338 1887 1401 quae
1933 1322 2162 1397 statuit,

516 1424 594 1468 ne
615 1406 730 1470 tale
754 1407 896 1488 quid
927 1427 1188 1490 unquam
1221 1410 1341 1472 tiat.
1373 1407 1490 1473 Sed
1523 1428 1639 1491 qua
1663 1411 1738 1472 de
1767 1427 1945 1472 causa
1992 1409 2077 1484 ﬁt,
2104 1416 2168 1471 ut

514 1493 674 1556 inter
715 1495 947 1572 afﬁnes,
996 1499 1086 1560 vel
1134 1498 1252 1560 duo
1301 1498 1533 1561 diversa
1589 1517 1808 1578 genera
1856 1507 2166 1562 contractae

513 1582 755 1663 nuptiae,
790 1584 980 1663 gradu
1010 1586 1230 1666 sptimo
1247 1585 1451 1649 liberae
1475 1587 1623 1649 sint?
1642 1586 1807 1659 Quod
1845 1605 2024 1648 unum
2049 1595 2162 1664 est,

513 1671 606 1733 vel
632 1680 726 1733 est
755 1681 991 1756 natura,
1024 1675 1115 1737 vel
1145 1676 1540 1756 arrogatione.
1573 1675 1791 1738 Natura
1831 1695 2013 1738 unum
2049 1685 2158 1752 est,

1888 389 1918 451 J
1925 386 2018 450 US
2059 384 2529 452 CANONICUM.

2351 509 2446 544 “ﬂ,
2580 521 2593 544 ν
2675 520 2753 544 δέ..
2819 523 2861 544 ,x
2968 519 3076 544 H94,
3181 517 3257 544 λι-
3329 516 3566 544 ειη-μμ-
3617 513 3758 544 1:..2.’

2185 529 2228 576 Α
2254 542 2282 576 σ
2351 513 2482 580 (Ὀτι
2546 521 2604 579 οὒ
2669 520 2753 578 δεῖ
2813 523 2903 578 τὸν
2962 519 3116 576 αὐτὸν
3176 517 3266 575 δύο
3326 516 3566 596 δευτέρας
3615 513 3911 595 ὲξαδέλφας

3743 378 3912 442 1236

2944 606 3153 666 λαϐεῖν.
3187 630 3214 663 ι

2333 697 2642 758 Κεκώλυκεν
2713 700 2748 766 ἡ
2818 695 3109 764 Ἐκκλησία
3163 697 3251 752 καὶ
3306 695 3397 752 τὸν
3457 694 3614 751 αὐτὸν
3655 695 3745 749 καὶ
3815 691 3913 748 ἕνα

2251 785 2338 846 δύο
2393 786 2634 866 δευτέρας
2690 784 2971 867 ὲξαδέλφας
3028 782 3339 860 λαμϐάνειν,
3399 784 3473 841 Οὖ
3529 782 3628 859 γὰρ
3681 778 3910 856 ἕϐδομος

2251 875 2302 941 ἐξ
2359 875 2694 956 ἀγχιστείας,
2737 878 2810 938 ὡς
2858 874 3064 933 οἴονταί
3110 894 3271 953 τινες,
3326 872 3603 948 συνάγεται
3673 871 3907 949 βαθμὸς,

2251 963 2368 1022 ἀλλ’
2400 965 2574 1029 ἕκτος,
2637 966 2736 1022 Διὰ
2791 965 2852 1021 τὸ
2909 965 3024 1030 ἐνὸς
3083 964 3284 1039 βαθμοῦ
3334 960 3627 1038 λογίζεσθαι
3666 960 3756 1016 τὸν
3802 959 3905 1014 ἅν-

2248 1053 2341 1135 δρα
2390 1055 2522 1130 μετά
2561 1055 2660 1121 τῆς
2718 1053 2988 1132 γυναικός.
3035 1061 3199 1111 Τοῦτο
3245 1051 3344 1130 γὰρ
3396 1049 3620 1121 ζητηθέν
3665 1049 3750 1105 ἐπὶ
3792 1053 3905 1104 τῶν

2247 1145 2460 1223 ἡμερῶν
2501 1153 2594 1202 τοῦ
2636 1145 2966 1223 πατριάρχου
2997 1139 3279 1220 Νικολάου,
3330 1137 3567 1204 ἐκωλύθη
3613 1139 3755 1217 παρά
3797 1136 3902 1204 τῆς

2249 1231 2570 1300 Ἐκκλησίας
2606 1275 2620 1292 .
2672 1229 2873 1311 προῦϐη
2931 1229 2985 1286 δὲ
3029 1231 3117 1286 καὶ
3157 1229 3422 1304 θέσπισμα
3478 1236 3572 1285 τοῦ
3628 1225 3680 1283 ἒν
3732 1226 3903 1302 βασι-

2249 1320 2422 1380 λεῦσιν
2481 1319 2718 1396 ἀοιδίμου
2784 1319 3057 1399 Μανουὴλ,
3109 1319 3187 1394 μὴ
3260 1317 3490 1396 γίνεσθαί
3543 1338 3670 1372 ποτε
3740 1322 3904 1372 τοῦτο

2249 1408 2624 1488 διοριζόμενον.
2663 1411 2810 1467 Διατί
2855 1407 2910 1465 δὲ
2965 1409 3032 1465 τὰ
3086 1407 3136 1474 ἐξ
3197 1407 3505 1486 ἀγχιστείας
3555 1402 3718 1483 ἤγουν
3775 1425 3905 1481 τρι-

2246 1500 2450 1576 γενείας
2477 1497 2592 1572 98⁸,
2652 1499 2724 1563 εἷς
2767 1499 2858 1554 τὸν
2918 1494 3138 1573 ἕϐδομον
3193 1494 3371 1551 λύεται
3414 1493 3613 1570 βαθμόν
3648 1512 3664 1574 ς
3711 1493 3783 1551 Τὸ
3817 1494 3902 1566 ἓν,

2247 1587 2282 1656 ἢ
2340 1589 2489 1668 φύσει
2547 1587 2709 1662 ἐστιν,
2756 1587 2792 1655 ἢ
2848 1586 2986 1643 θέσει
3021 1603 3035 1618 ⁸
3099 1586 3187 1642 καὶ
3231 1585 3379 1664 φύσει
3410 1583 3530 1658 μὲν,
3577 1584 3649 1647 ὡς
3681 1585 3762 1647 εἷς
3795 1580 3896 1637 ἅν-

2243 1680 2448 1756 θρωπος
2477 1694 2493 1710 ·
2541 1677 2676 1734 θέσει
2715 1675 2790 1751 δὲ,
2838 1678 2911 1742 ὡς
2969 1679 2997 1733 ὁ
3044 1675 3178 1754 ἀνὴρ
3221 1674 3356 1750 μετὰ
3396 1677 3495 1740 τῆς
3538 1672 3761 1747 νομίμου
3808 1693 3906 1748 γυ-

512 1759 680 1822 verbi
711 1761 921 1840 gratia,
950 1781 1105 1827 unus
1136 1765 1336 1827 homo.
1364 1764 1560 1828 Unum
1593 1765 2061 1844 arrogatione,ut
2077 1765 2158 1828 vir

2246 1767 2447 1842 να·κὸς,
2493 1769 2581 1831 οὓς
2612 1766 2800 1846 σχέσις
2829 1765 3006 1832 ἥνωσε
3061 1765 3148 1820 καὶ
3207 1765 3456 1844 συνάφεια
3513 1761 3762 1846 σαρκικῇ,
3819 1762 3900 1824 ὡς

512 1855 574 1911 et
603 1868 753 1911 uxor
779 1850 1064 1930 legitima,
1098 1872 1246 1934 quos
1273 1854 1459 1916 univit
1482 1853 1716 1916 aﬂ‘ectio
1738 1864 1797 1915 et
1818 1855 2161 1934 conjunctio

511 1937 788 2016 carnalis,
823 1940 1000 2003 sicuti
1031 1943 1424 2024 prescriptum
1458 1943 1709 2022 legimus
1740 1963 1754 2004 :
1790 1942 1862 2004 Et
1892 1952 2066 2005 erunt
2100 1944 2162 2006 hi

513 2025 631 2112 duo
680 2026 742 2088 in
793 2047 1034 2092 carnem
1080 2049 1286 2093 unam.
1334 2034 1539 2113 Itaque
1596 2051 1732 2094 cum
1785 2032 2162 2096 necessitudo

512 2115 746 2178 exsistit
774 2135 846 2178 ex
873 2120 1181 2202 sanguine,
1218 2127 1277 2182 et
1308 2138 1378 2182 ex
1410 2121 1621 2183 eodem
1647 2139 1868 2201 genere
1918 2130 2162 2184 natura—

515 2202 590 2265 lis
619 2213 711 2267 est
741 2208 1122 2270 necessitudo
1171 2216 1230 2271 et
1271 2209 1514 2272 unitas:
1551 2229 1684 2272 cum
1726 2230 1796 2273 ex
1854 2211 2160 2287 afﬁnitate,

511 2310 580 2354 ac
612 2292 845 2357 duobus
873 2297 1218 2376 generibus,
1251 2301 1627 2379 arrogatione
1672 2301 1736 2363 ﬁt
1763 2300 1959 2363 unitas
2005 2301 2164 2362 inter

514 2398 622 2469 eos
651 2391 709 2443 et
737 2385 1138 2462 necessitudo,
1193 2406 1227 2450 a
1274 2389 1795 2469 consanguinitatis
1827 2391 2162 2452 necessitu—

511 2467 654 2530 dine
684 2471 940 2536 diversa.
972 2476 1300 2556 Propterea
1351 2467 1818 2539 mox‘inferiore
1850 2477 2057 2558 gradu,
2104 2485 2164 2540 et

509 2570 648 2646 ante
677 2567 970 2638 octavum,
1004 2564 1349 2644 hujusmodi
1373 2566 1752 2628 necessitudo
1779 2575 1837 2629 et
1866 2569 2161 2646 conjunc-

512 2645 593 2707 tio
632 2647 900 2714 solvitur.
929 2650 1194 2723 Quorum
1226 2654 1386 2715 enim
1410 2655 1668 2717 strictior
1685 2665 1773 2717 est
1793 2645 2159 2735 conjunctio,

2243 1853 2478 1935 εῗρηται,
2523 1856 2612 1912 καὶ
2671 1853 2874 1912 ἔσονται
2931 1855 2978 1910 οἱ
3007 1851 3096 1908 δύο
3151 1853 3225 1915 είς
3282 1852 3448 1931 σάρκα
3493 1850 3638 1925 μίαν,
3714 1839 3900 1906 Ὀταν

2245 1944 2342 2019 μὲν
2373 1942 2459 1998 οὖν
2487 1943 2538 2008 ἐξ
2592 1943 2821 2019 α’ίματος
2863 1942 2900 2018 ᾖ
2957 1943 2992 2010 ἡ
3049 1941 3308 2005 οἰκείωσις
3366 1941 3452 1996 καὶ
3494 1938 3673 2019 γένους
3745 1939 3896 2008 ἐνὸς,

2243 2032 2305 2087 τὸ
2363 2031 2559 2088 οἰκεῖόν
2601 2053 2658 2089 τε
2716 2033 2802 2088 καὶ
2852 2033 3020 2103 τὸὲν,
3078 2029 3225 2108 φύσει
3279 2029 3442 2089 ἐστιν.
3503 2017 3677 2084 υΟταν
3728 2023 3785 2081 δὲ
3843 2023 3902 2089 ἐξ

2245 2119 2554 2198 ἀγχιστείας
2596 2124 2683 2178 καὶ
2739 2119 2826 2179 δύο
2895 2126 3085 2200 γενῶν,
3145 2120 3282 2176 θέσει
3325 2121 3386 2176 τὸ
3438 2121 3515 2193 ἓν,
3569 2119 3657 2174 καὶ
3714 2119 3748 2184 ἡ
3809 2118 3858 2172 οἷ
3885 2150 3900 2161 -

2245 2210 2458 2277 κειότης
2492 2211 2700 2286 αὐτοῖς,
2745 2212 2804 2267 οὐ
2857 2211 2993 2266 κατὰ
3047 2209 3147 2276 τὴν
3205 2208 3255 2275 ἐξ
3306 2207 3536 2278 αἵματος
3567 2207 3900 2272 οἰκειότητα.

2249 2300 2342 2356 Διὸ
2384 2301 2471 2356 καὶ
2500 2307 2577 2374 τῷ
2605 2297 2958 2366 ὒποϐεϐηκὸτι
2989 2299 3198 2375 βαθμῷ,
3234 2299 3320 2354 καὶ
3378 2298 3479 2375 πρὸ
3535 2298 3627 2352 τοῦ
3682 2292 3899 2372 ὀγδόου,

2246 2387 2391 2451 εὐθὺς
2421 2390 2455 2456 ἡ
2484 2390 2700 2457 τοιαύτη
2731 2389 2994 2454 οἰκειότης
3024 2409 3080 2442 τε
3110 2389 3196 2443 καὶ
3227 2386 3416 2450 ἕνωσις
3447 2385 3646 2442 λύεται.
3694 2384 3770 2441 Τὰ
3795 2384 3904 2460 γὰρ

2247 2474 2446 2554 μᾶλλον
2477 2478 2574 2544 τὴν
2594 2477 2780 2534 ἕνωσιν
2807 2477 3029 2556 ἔχοντα,
3054 2475 3297 2540 πλείονος
3327 2476 3526 2540 καὶτῆς
3549 2472 3900 2533 ἀποστάσεως

2245 2569 2376 2646 πρὸς
2407 2568 2506 2635 τὴν
2536 2567 2768 2625 διάλυσιν
2797 2567 2997 2625 δέονται
3034 2587 3048 2603 °
3110 2567 3288 2645 ὥσπερ
3336 2567 3401 2621 τά
3427 2567 3589 2632 ἧττον
3616 2561 3896 2640 ἡνωμένα,

2245 2655 2520 2722 ἐλάττονος
2530 2699 2544 2715 .

511 2752 584 2797 ea
641 2738 883 2817 majoris
943 2741 1122 2804 etiam
1181 2742 1452 2823 indigent
1504 2744 1798 2807 intervalli
1855 2746 1928 2806 ad
1988 2747 2125 2822 hoc,
2177 2753 2243 2807 ut
2298 2745 2608 2826 exspiret:
2683 2744 2856 2807 sicuti
2943 2743 3220 2821 minoris,
3281 2760 3413 2827 quae
3473 2740 3672 2803 minus
3725 2739 3896 2801 unita

511 2831 675 2885 sunL

572 2913 663 3003 De
691 2919 1107 2982 matrimoniis
1137 2937 1214 2983 ea:
1242 2919 1439 2983 tribus
1470 2921 1732 2985 diversis
1757 2921 2094 3003 generibus.

597 2999 974 3067 Matrimonia
1001 3025 1072 3068 ex
1101 3007 1292 3070 tribus
1315 3008 1572 3071 diversis
1600 2999 1944 3090 generibus,
1974 3009 2162 3091 perti-

2673 2943 2697 2980 ι
2732 2924 2860 3002 Περὶ
2888 2929 2994 2980 τῶν
3024 2923 3082 2979 ἐκ
3113 2921 3421 3002 τριγενείας.
3461 2946 3488 2978 ι

2326 3014 2402 3071 Τὰ
2443 3011 2486 3069 δ’
2533 3012 2594 3070 ἐκ
2662 3013 2949 3092 τριγενείας
3007 3013 3211 3090 γαμικά
3269 3012 3576 3089 ζητήματα,
3629 3011 3726 3066 εἰσὶ
3796 3011 3899 3084 μὲν

511 3099 667 3185 nent.
685 3099 746 3154 et
773 3092 903 3185 ipsa
946 3113 1181 3185 quoque
1233 3097 1308 3160 ad
1362 3097 1624 3160 rationes
1675 3099 1980 3162 afﬁnitatis
2013 3120 2026 3160 :
2057 3100 2158 3162 sed

2246 3103 2333 3158 καὶ
2361 3109 2522 3158 ταῦτα
2551 3100 2602 3166 ἐξ
2652 3101 2985 3181 ἀγχιστείας,
3035 3099 3171 3156 ἀλλά
3225 3105 3292 3176 τῇ
3361 3107 3452 3157 τού
3494 3099 3669 3178 τρίτου
3711 3097 3896 3176 γένους

512 3178 670 3270 tertii
698 3183 938 3270 generis
965 3184 1323 3261 interventu,
1349 3186 1580 3248 facilius
1605 3187 1794 3250 libera
1811 3189 2158 3268 ﬁunt,quam

2246 3189 2510 3270 ἐπιπλοῷ,
2555 3178 2763 3266 ῥᾷον
2816 3190 2881 3246 τὰ
2944 3178 3004 3245 ἐκ
3070 3187 3159 3245 δύο
3215 3187 3663 3266 συμπεπλεγμένα
3726 3187 3899 3264 γενῶν

511 3284 583 3327 ex
612 3268 846 3331 duobus
873 3290 1168 3336 connexa.
1217 3273 1451 3355 Quippe
1509 3273 1664 3336 sicut
1715 3275 1840 3337 haec
1883 3274 2162 3353 gradibus

513 3355 746 3420 duobus
776 3358 1062 3423 inferiora
1092 3370 1230 3424 sunt
1260 3363 1580 3425 contractis
1627 3382 1698 3426 ex
1733 3362 2157 3442 consanguini-

509 3451 648 3519 tate,
674 3466 804 3527 quae
833 3450 1015 3528 gradu
1066 3458 1269 3514 octavo
1299 3450 1488 3514 libera
1518 3452 1689 3529 ﬁunt,
1723 3472 1856 3515 cum
1889 3471 1996 3533 per
2021 3451 2151 3514 afﬁ-

508 3533 751 3597 nitatem
781 3555 849 3599 ex
882 3537 1116 3600 duobus
1181 3549 1485 3603 contracta
1534 3540 1859 3621 generibus
1884 3560 2156 3602 nonnun-

509 3641 685 3704 quam
715 3625 902 3704 gradu
933 3635 1096 3690 sexto
1130 3628 1317 3692 libere
1346 3629 1766 3711 permittantur
1793 3647 1806 3692 :
1841 3629 1922 3690 ita
1949 3648 2156 3691 rursus

509 3732 580 3776 ex
606 3714 798 3778 tribus
828 3719 1144 3782 constituta
1171 3720 1514 3799 generibus,
1551 3721 1726 3782 etiam
1760 3721 1990 3783 duobus
2015 3739 2156 3800 gra-

507 3802 682 3866 dibus
701 3804 1005 3884 inferiora,
1043 3828 1222 3890 quam
1266 3829 1399 3892 quae
1440 3809 1672 3871 duobus
1716 3829 1787 3872 ex
1832 3811 2156 3889 genetibus

507 3896 1179 3978 constant,principium
1211 3899 1272 3960 in
1304 3898 1717 3980 permissionis
1737 3898 1797 3959 in
1819 3907 2025 3979 quarto
2042 3909 2155 3960 sta-

508 3982 613 4043 tim
646 3985 837 4062 gradu
857 3997 1340 4069 consequuntur:
1378 3989 1522 4050 licet
1549 3987 1612 4049 in
1639 3986 1730 4049 his
1754 3988 1938 4049 multo
1970 3988 2156 4066 magis

501 4070 794 4150 graduum,
822 4073 1058 4136 vitanda
1086 4077 1468 4158 computatio,
1496 4076 1598 4138 sed
1641 4076 2053 4157 quaerendum,
2080 4095 2154 4138 an

505 4159 749 4224 disertis
778 4163 1031 4226 verbisa
1059 4163 1188 4243 lege
1221 4163 1516 4246 prohibita
1558 4164 1696 4226 sint.
1733 4164 1980 4226 Maxime
2016 4183 2154 4227 vero

2245 3277 2478 3339 λύονται.
2527 3270 2746 3356 υΩσπερ
2791 3279 2892 3357 γὰρ
2945 3285 3108 3334 ταῦτα
3151 3275 3260 3334 δυσὶ
3311 3279 3540 3354 βαθμοῖς
3596 3273 3898 3342 ὑποϐέϐηκε

2243 3373 2348 3423 τῶν
2405 3366 2457 3432 ἐξ
2507 3366 2736 3443 αἵματος
2771 3366 2858 3446 (τὰ
2887 3366 2983 3442 μὲν
3012 3367 3110 3445 γὰρ
3141 3367 3212 3430 εἰς
3242 3367 3334 3422 τὸν
3377 3363 3584 3444 ὄγδοον,
3628 3365 3692 3421 τὰ
3734 3361 3780 3419 δ’
3843 3364 3900 3431 ἐξ

2243 3455 2552 3536 ἀγχιστείας
2609 3455 2670 3512 ἐκ
2725 3454 2866 3515 δυοῖν
2937 3468 3114 3532 γενοῖν
3189 3452 3295 3511 ἔσθ’
3372 3453 3459 3510 ὅτε
3515 3455 3602 3510 καὶ
3671 3454 3746 3515 εἷς
3801 3455 3897 3508 τὸν

2239 3543 2391 3602 ἕκτον
2433 3543 2696 3624 λύονται),
2758 3545 2896 3601 οὕτω
2953 3541 3113 3600 πάλιν
3169 3545 3233 3604 τὰ
3289 3541 3340 3609 ἐξ
3395 3543 3680 3622 τριγενείας
3751 3539 3899 3597 δυσὶν

2236 3631 2651 3693 ὕποϐιϐασθέντα
2705 3635 2933 3710 βαθμοῖς
2996 3638 3101 3688 τῶν
3146 3630 3208 3688 ἐκ
3247 3629 3337 3689 δύο
3379 3638 3572 3710 γενῶν,
3628 3631 3726 3697 τὴν
3797 3629 3900 3708 ἀρ-

2237 3721 2349 3800 χὴν
2405 3721 2500 3789 τῆς
2557 3719 2754 3787 λύσεως
2797 3722 2933 3777 κατὰ
2974 3725 3080 3776 τῶν
3121 3719 3370 3799 τέταρτον
3426 3719 3569 3783 εὐθὺς
3628 3715 3893 3792 λαμϐάνει

2237 3812 2462 3886 βαθμὸν,
2547 3811 2590 3866 εἰ
2658 3811 2746 3866 καὶ
2803 3808 2986 3884 πολλῷ
3039 3807 3242 3883 μᾶλλον
3298 3810 3370 3874 εἷς
3441 3817 3603 3866 ταῦτα
3655 3807 3891 3883 βαθμοὺς

2237 3895 2522 3973 λαμϐάνειν
2567 3901 2630 3956 οὖ
2669 3897 2774 3970 δεῖ,
2809 3897 2945 3954 ἀλλὰ
2995 3906 3203 3978 ζητεῖν,
3258 3900 3302 3954 εἰ
3344 3898 3439 3953 οὐκ
3481 3895 3716 3962 ἐκωλύθη
3746 3899 3894 3974 παρα

2236 3994 2328 4043 τοῦ
2353 3987 2513 4062 νόμου
2543 3993 2717 4066 ρητῶς
2742 4003 2757 4019 ⁶
2791 4001 2906 4050 τοῖς
2931 3985 2984 4042 δὲ
3011 3985 3241 4062 μάλιστα
3270 3984 3560 4050 ἀκωλύτοις
3592 3987 3619 4040 ὁ
3642 3984 3892 4062 τέταρτος

2239 4075 2555 4132 ἒπακολυθεῖ
2581 4077 2806 4152 βαθμὺς,
2840 4081 2956 4133 οἷον
2986 4074 3039 4132 δὲ
3070 4075 3155 4132 ἐπὶ
3184 4082 3276 4132 τοῦ
3329 4076 3659 4154 πατριάρχου
3705 4080 3891 4142 Στυπῆ

2237 4163 2530 4243 ἀποῤῥηθέν
2551 4187 2605 4221 τε
2623 4163 2688 4215 99
2716 4168 2848 4242 ὁμοῦ
2877 4167 2964 4222 καὶ
2993 4164 3162 4228 λυθέν,

505 4247 924 4329 probibitionis
989 4256 1254 4334 expertia
1300 4253 1572 4335 sequitur
1618 4261 1862 4334 quartus
1891 4254 2131 4331 gradus.
2168 4252 2517 4333 Cujusmodi
2547 4253 2831 4335 quiddam
2864 4264 2979 4329 est,
3017 4253 3174 4335 quod
3200 4251 3310 4315 sub
3338 4250 3672 4332 patriarcha
3701 4251 3891 4332 Stupa

501 4344 774 4400 vocatum
807 4339 867 4400 in
902 4340 1149 4403 dubium
1182 4341 1314 4420 fuit,
1348 4353 1408 4405 et
1437 4361 1545 4423 per
1568 4343 1924 4404 sententiam
1959 4343 2349 4405 declaratum.

575 4425 830 4526 Quidam
865 4430 1025 4492 enim
1070 4431 1488 4494 Constantinus
1539 4449 1783 4494 uxorem
1824 4431 1990 4493 duxit
2017 4431 2145 4493 An-

2315 4441 2712 4498 Κωνσταντῖνος
2761 4435 2860 4513 γάρ
2903 4455 2980 4498 τις
3037 4431 3236 4526 ἔλαϐεν
3281 4435 3352 4497 εἰς
3402 4444 3628 4509 γυναῖκα
3667 4427 3882 4485 Θεοδώ-

497 4535 663 4596 nam,
693 4517 993 4582 Theodori
1021 4520 1332 4600 cujusdam
1369 4539 1636 4583 sororem
1670 4538 2037 4598 germanam.
2066 4519 2148 4582 Ea

500 4615 756 4684 mortua,
792 4606 1168 4671 matrimonio
1192 4609 1455 4672 secundo
1479 4609 1648 4671 duxit.
1667 4608 1926 4685 Irenam,
1946 4609 2079 4688 conj
2091 4629 2152 4670 u-

493 4695 584 4775 gis
605 4695 904 4759 Theodori
936 4715 1232 4761 sororem.
1266 4697 1392 4772 Quo
1414 4697 1615 4774 fiebat,
1640 4706 1706 4759 ut
1732 4697 2149 4761 Constantinus

491 4793 554 4848 et
583 4787 780 4849 afﬁnis
812 4796 972 4850 esset
993 4786 1318 4862 Theodori,
1355 4795 1413 4848 et
1444 4786 1736 4849 coat‘ﬁnis.
1772 4785 1920 4849 Sunt
1948 4796 2148 4849 autem

491 4873 554 4936 in
577 4875 691 4936 hoc
721 4876 948 4957 gradus
973 4883 1248 4958 quatuor.
1285 4875 1634 4938 Theodorus
1666 4874 1826 4937 enim
1858 4884 1916 4937 et
1946 4877 2141 4947 Anna,

492 4963 680 5044 gradu
710 4965 974 5027 secundo
1006 4984 1070 5027 se
1095 4965 1476 5045 contingunt.
1509 4963 1658 5026 Item
1707 4982 1856 5026 uxor
1884 4963 2148 5026 Thodori

489 5061 548 5115 et
577 5051 782 5130 Irena,
815 5053 1006 5133 gradu
1055 5053 1342 5128 secundo,
1395 5052 1496 5134 qui
1551 5053 1736 5132 gradu
1774 5052 1952 5115 simul
2010 5059 2148 5114 sunt

489 5149 773 5222 quatuor.
807 5141 1038 5224 Quippe
1068 5143 1161 5204 lex
1194 5141 1311 5204 duo
1343 5141 1622 5202 duntaxat
1648 5159 1720 5203 ex
1751 5141 1927 5204 trium
1958 5159 2144 5222 gene-

485 5246 620 5292 rum
673 5229 1067 5292 matrimoniis
1111 5229 1440 5312 prohibuit,
1489 5248 1620 5312 quae
1658 5229 1834 5292 unius
1863 5230 2144 5291 duntaxat

2245 5232 2512 5310 τριγενείας
2595 5231 2879 5313 ἐκώλυσεν,

2230 4542 2319 4595 ρου
2406 4521 2546 4586 τινὸς
2628 4521 2953 4602 αὒτκδέλφην
3041 4518 3240 4579 Ἄνναν.
3341 4521 3607 4586 Θανούσης
3676 4518 3884 4586 ἐκείνης

2230 4606 2414 4665 ἔλαϐεν
2472 4611 2545 4673 εἷς
2603 4607 2840 4691 δεύτερον
2921 4611 3241 4670 συνοικέσιον
3300 4612 3396 4678 τὴν
3454 4618 3548 4668 τοῦ
3613 4606 3884 4686 Θεοδώρου

2229 4697 2649 4780 γυναικαδέλφην
2736 4702 2984 4778 Εἰρήνην.
3074 4691 3166 4764 Ὠς
3251 4691 3489 4777 γενέσθαι
3573 4698 3662 4753 τὸν
3725 4706 3884 4755 Κων-

2233 4801 2511 4844 σταντῖνον
2572 4790 2660 4844 καὶ
2725 4786 2959 4866 γαμϐρὸν
3009 4800 3100 4848 τοῦ
3170 4786 3438 4866 Θεοδώρου
3493 4787 3580 4842 καὶ
3635 4807 3881 4863 συγγαμ-

2231 4873 2377 4956 ϐρον.
2438 4878 2547 4933 Εἰσὶ
2600 4875 2654 4931 δὲ
2697 4865 2752 4931 ἐν
2813 4878 2988 4963 ’τούτῳ
3042 4879 3231 4955 βαθμοὶ
3273 4865 3546 4954 τέσσαρες,
3611 4865 3667 4963 ις)
3742 4875 3880 4928 Θεό-

2229 4949 2391 5042 δωρος
2451 4966 2550 5044 γὰρ
2592 4965 2678 5021 καὶ
2733 4968 2767 5033 ἡ
2813 4949 2994 5042 Ἄννα,
3042 4949 3245 5043 βαθμοῦ
3315 4949 3574 5042 δευτέρου,
3623 4953 3706 5027 Ἠ,
3745 4963 3879 5038 γυνὴ

2227 5061 2321 5135 τοῦ
2403 5053 2670 5134 Θεοδώρου
2752 5057 2840 5112 καὶ
2922 5057 2957 5124 ἡ
3044 5057 3263 5135 Εἰρήνη,
3348 5055 3551 5130 βαθμοῦ
3619 5049 3876 5128 δευτέρου.

2232 5131 2395 5218 Ὀμοῦ
2451 5131 2721 5222 τέσσαρες.
2786 5135 2842 5202 ιΟ
2902 5146 2998 5220 μὲν
3057 5131 3155 5222 γάρ
3225 5143 3390 5218 τόμος
3456 5139 3545 5196 δύο
3610 5139 3746 5215 μόνα
3817 5138 3878 5194 ἐκ

2966 5233 2998 5287 ἃ
3081 5235 3168 5289 καὶ
3254 5233 3368 5295 ἐνὸς
3439 5230 3602 5306 μόνου
3670 5229 3876 5303 βαθμοῦ

488 5317 707 5399 gradus
732 5326 891 5396 sunt,
926 5338 1043 5381 non
1076 5318 1336 5401 plurium
1363 5337 1376 5382 :
1403 5319 1706 5395 videlicet,
1735 5319 1892 5400 quod
1923 5319 2144 5381 ducere

2245 5321 2570 5400 ῖυγχάνουσι,
2625 5322 2712 5378 καὶ
2767 5323 2825 5378 οὒ
2882 5320 3148 5385 πλείονος.
3209 5325 3360 5394 Οἶον,
3414 5319 3494 5374 ὅτι
3540 5320 3601 5375 οὐ
3650 5314 3874 5392 δύναμαι

489 5426 610 5471 non
640 5426 883 5491 possum
905 5426 1060 5485 eam,
1093 5427 1230 5490 qua;
1258 5409 1555 5492 quondam
1594 5407 1846 5490 privigni
1887 5409 2005 5470 mei
2034 5407 2143 5470 fuit

2245 5407 2408 5466 aestv
2466 5410 2564 5478 τὴν
2616 5409 2746 5467 ποτὲ
2803 5423 3029 5488 γυναῖκα
3083 5420 3176 5469 τοῦ
3244 5409 3502 5490 προγόνου
3570 5428 3691 5482 μου,
3767 5403 3875 5462 οὐδ’

1657 5571 1772 5648 ἰῇ
1802 5566 2062 5632 νΑΒυΕ
2106 5565 2546 5639 LECTIONES.

555 5675 656 5730 98"
689 5677 966 5755 διγινιίας,
1055 5678 1120 5730 99
1148 5677 1410 5756 ἀπορηθεν
1438 5698 1518 5740 τε,
