4120 6454
347 391 494 459 1237

1657 397 2349 463 ΕΒιΕΟΟ-ΗΟΜΑΝΗΜ
2361 447 2376 464 .

3557 403 3710 469 1238

333 526 368 591 ἡ
426 527 654 606 μητρυιὰ
682 524 867 584 λαϐεῖν
908 528 996 584 τὸν
1038 529 1169 586 ποτὲ
1211 528 1368 609 ἄνδρα
1425 535 1523 598 τῆς
1566 528 1833 610 προγύνης
1889 531 1959 588 αὖ

2061 547 2210 593 uxor
2237 531 2386 614 (74);
2418 550 2530 595 nec
2559 535 2614 594 ei
2663 548 2917 597 noverca
2961 533 3211 610 nubere,
3258 537 3362 617 qui
3415 535 3712 616 privignae

331 614 452 682 τῆς.
513 616 622 674 Κάν
675 616 881 682 τούτοις
952 619 1051 696 γὰρ
1121 618 1380 698 τριγένειά
1450 618 1613 678 ἐστιν.
1661 616 1811 675 Ἀλλ’
1864 617 1977 674 ἐπεὶ

329 705 357 759 6
427 704 685 783 πρόγονος
743 707 830 762 καὶ
876 708 911 774 ἡ
971 708 1206 786 προγόνη
1264 710 1374 768 υἱοῦ
1427 709 1464 776 ἢ
1510 709 1761 787 θυγατρὸς
1816 706 1977 786 λόγον

329 790 584 872 ἐπέχουσι
653 795 783 872 πρὸς
855 797 945 852 τὸν
1011 798 1256 876 πατρωὸν
1311 797 1346 865 ἢ
1407 797 1505 865 τὴν
1565 796 1841 875 μητρυιὰν,
1889 798 1977 852 καὶ

327 883 363 948 ἡ
408 882 540 958 γυνὴ
570 882 606 950 ἢ
635 885 664 939 6
692 882 826 962 ἀνὴρ
875 885 1060 959 αὐτῆς,
1110 886 1317 964 νύμφης
1369 885 1406 954 ἢ
1475 881 1732 963 γαμϐρου,
1785 884 1973 959 ἀθέμι-

330 992 395 1025 τα
437 971 502 1026 τὰ
531 978 746 1028 τοιαῦτα
795 973 1118 1053 τυγχάνουσι
1176 972 1494 1034 συνοικέσια.
1555 973 1630 1031 Τὰ
1684 973 1783 1051 γὰρ
1840 969 1974 1050 ἄκρα

329 1056 415 1116 δύο
458 1061 611 1139 γένη,
671 1066 699 1120 6
743 1063 876 1143 ἀνὴρ
929 1064 1016 1120 καὶ
1073 1065 1106 1132 ἡ
1149 1065 1305 1143 γυνὴ,
1363 1064 1565 1141 βαθμὸν
1613 1064 1708 1119 οὒκ
1756 1062 1970 1143 ἔχουσιν

328 1147 445 1205 οὔτε
511 1154 641 1222 πρὸς
699 1150 929 1227 ἄλληλα,
994 1152 1110 1210 οὔτε
1181 1155 1311 1232 πρὸς
1355 1155 1414 1209 τὸ
1454 1151 1613 1226 μέσον
1657 1151 1830 1230 γένος.
1864 1152 1972 1218 Τὴν

325 1239 425 1315 γὰρ
501 1239 685 1321 ἀνδρὸς
763 1243 898 1317 μετὰ
978 1244 1224 1320 γυναικὸς
1295 1243 1578 1323 συνάφειαν
1646 1242 1720 1304 εἷς
1771 1241 1974 1318 βαθμὸν

321 1327 417 1383 οὒκ
484 1330 784 1408 εἰσάγομεν,
857 1329 976 1387 ἀλλ’
1035 1333 1088 1389 ἓν
1147 1331 1244 1407 μέν
1301 1331 1444 1388 εἶναι
1501 1330 1822 1409 λαγιζόμεθα
1851 1331 1977 1386 ταύ-

321 1436 444 1488 την,
503 1417 591 1475 ὅτε
652 1419 769 1478 καθ’
840 1421 1030 1488 ἑαντὴν
1100 1424 1381 1500 καθορᾶται
1436 1421 1542 1489 (καὶ
1615 1421 1714 1498 γὰρ
1783 1421 1817 1488 ἡ
1883 1429 1976 1479 τοῦ

319 1502 545 1586 ἀδελφοῦ
567 1531 668 1581 μου
695 1509 826 1587 γυνὴ
880 1507 964 1565 διὰ
1003 1511 1103 1578 τὴν
1159 1511 1293 1589 πρὸς
1352 1509 1508 1568 αὒτὸν
1567 1508 1730 1588 ἄκραν
1759 1507 1972 1588 ἕνωσιν,

319 1591 558 1675 δευτέρου
631 1599 730 1672 μού
799 1597 909 1656 ἐστι
982 1600 1203 1675 βαθμοῦ,
1291 1601 1508 1678 ίσχναῐς
1579 1597 1832 1660 ἐπινοίαις
1887 1595 1971 1653 διὰ

315 1684 416 1752 τὴν
473 1686 695 1756 ἐντολὴν
746 1687 1050 1768 ἐνουμένη)⁶
1105 1688 1194 1746 ὅτε
1243 1687 1297 1744 δὲ
1353 1690 1484 1766 πρὸς
1538 1687 1714 1766 ἕτερον
1770 1708 1970 1765 συγγε-

319 1774 463 1856 νικὸν
507 1777 670 1843 αὐτῆς
713 1777 996 1856 πρόσωπον
1027 1780 1055 1834 6
1084 1779 1284 1854 βαθμὸς
1335 1785 1577 1849 ζητεῖται
1629 1777 1733 1856 οὔχ
1776 1775 1964 1838 οὕτως.

323 1852 384 1919 Ἠ
444 1864 542 1944 γὰρ
583 1850 783 1946 ἀδελφῆ
837 1865 930 1934 τῆς
976 1850 1206 1947 νύμφης,
1268 1871 1396 1946 πρὸς
1457 1866 1552 1942 μὲν
1628 1850 1792 1933 αὒτνὴν
1850 1850 2031 1921 δευ-Β

317 1951 466 2030 τέρου
522 1952 631 2010 ἐστὶ
673 1956 874 2031 βαθμου
910 1976 925 1993 ·
985 1957 1114 2034 πρὸς
1173 1955 1269 2030 ἐμὲ
1320 1954 1399 2035 δὲ,
1454 1955 1728 2034 τετάρτου,
1783 1956 1883 2012 Καὶ
1937 1955 1970 2021 ἡ

319 2040 482 2108 αὖτῆς
545 2043 654 2099 θεία
711 2045 838 2122 πρὸς
898 2045 1100 2112 ἐκείνην
1160 2047 1256 2120 μὲν
1313 2046 1512 2123 τρίτου,
1588 2046 1718 2124 πρὸς
1773 2043 1868 2119 ἐμὲ
1917 2040 1972 2099 δὲ

317 2130 582 2204 πέμπτου.
661 2133 757 2191 Καὶ
838 2133 924 2190 ἐπὶ
993 2141 1098 2191 τῶν
1162 2133 1338 2191 ἄλλων
1409 2136 1630 2210 ὁμοίως.
1690 2139 1806 2191 Τῶν
1878 2133 1972 2190 οὐκ

314 2218 677 2299 ἐνδεχομένων
733 2245 831 2302 γαρ
902 2223 1066 2297 ἐστιν,
1144 2225 1320 2303 ὥσπερ
1403 2225 1493 2280 τὸν
1565 2221 1746 2301 ἄνδρα,
1832 2220 1969 2279 οὕτω

313 2306 378 2375 δὴ
433 2311 519 2365 καὶ
561 2312 653 2366 τὸν
712 2313 897 2369 τούτου
951 2311 1173 2392 ἀδελφὸν
1225 2313 1392 2388 σάρκα
1435 2311 1729 2389 λογίζεσθαι
1760 2307 1781 2350 ¹
1844 2313 1966 2385 μίαν

313 2400 447 2472 μετὰ
475 2404 571 2466 τῆς
634 2401 861 2482 νύμφης,
924 2404 1009 2460 καὶ
1065 2400 1130 2458 δι’
1176 2401 1407 2467 ἐπινοίας
1464 2401 1694 2458 ἐπίνοιαν
1738 2401 1964 2475 συνάψαι

309 2489 452 2566 παρὰ
490 2489 591 2557 τὴν
644 2497 736 2546 τοῦ
795 2491 961 2565 νόμου
1015 2489 1257 2567 δύναμιν.
1319 2494 1379 2548 Οἱ
1438 2492 1537 2570 γὰρ
1584 2489 1644 2546 ἐκ
1713 2488 1962 2568 πλαγίου,

312 2581 522 2654 πρῶτον
577 2579 776 2655 βαθμὸν
833 2584 926 2639 οὐκ
996 2578 1238 2660 ἔχουσιν,
1313 2578 1433 2636 ἀλλ’
1490 2580 1552 2636 ἐκ
1592 2588 1685 2638 τοῦ
1726 2577 1965 2656 δευτέρου

310 2665 590 2745 ἄρχονται.
627 2659 684 2726 Ὀ
717 2669 814 2744 μὶν
860 2668 946 2725 οὗν
1003 2659 1163 2745 νόμος
1206 2659 1272 2726 τὰ
1316 2669 1376 2724 ἐκ
1418 2669 1700 2747 τριγενείας
1757 2667 1966 2746 πρώτου

312 2756 515 2830 βαθμοῦ
596 2756 911 2820 κεκώλυσιν,
981 2758 1159 2838 ὥσπερ
1245 2757 1456 2836 εἴρηται
1493 2773 1505 2787 ⁰
1595 2759 1631 2824 ἡ
1716 2753 1772 2810 δὲ
1841 2777 1964 2834 κρα-

318 2851 479 2900 τοῦσα
548 2847 792 2915 συνήθεια
843 2848 932 2902 καὶ
997 2847 1064 2903 τὰ
1140 2848 1281 2924 παρὰ
1333 2847 1495 2903 ταῦτα
1550 2846 1640 2901 καὶ
1693 2844 1821 2922 ὑπὲρ
1876 2845 1967 2900 τὸν

318 2939 527 3010 πρῶτον
576 2935 776 3009 βαθμὸν
832 2934 890 2990 ἐκ
945 2937 1232 3014 τριγενείας
1289 2935 1436 3009 ὄντα,
1483 2932 1727 2990 ἀκώλυτα
1796 2931 1912 3011 ἔχει
1947 2948 1961 2962 ⁸

314 3025 452 3092 οἷον,
515 3021 645 3102 ἔσχε
702 3045 782 3088 τις
840 3037 1090 3102 γυναῖκα,
1152 3024 1337 3101 Χρόνῳ
1405 3023 1461 3079 δὲ
1517 3022 1728 3100 ὕστερον
1761 3020 1964 3087 ἐκείνης

309 3111 591 3180 θανούσης,
637 3111 736 3178 τὴν
783 3125 1011 3190 γυναϊλια
1069 3122 1162 3170 τοῦ
1201 3114 1339 3169 θείου
1396 3114 1557 3178 αὐτῆς
1610 3112 1682 3173 εἷς
1727 3107 1962 3189 δεύτερον

305 3196 462 3255 ἔλαϐε
534 3176 878 3262 συνοικέσιὸν.
937 3179 1128 3266 ἸΑλλος
1182 3202 1282 3268 τὴν
1350 3202 1618 3279 προγόνην
1688 3206 1782 3256 τοῦ
1852 3176 1951 3278 γυ-
1981 3176 2020 3226 C

305 3285 650 3367 ναικαδέλφου
707 3293 863 3347 αύτοῦ
916 3287 1122 3350 ἔλαϐεν.
1196 3289 1289 3348 Ἐν
1343 3290 1546 3355 τούτοις
1609 3289 1708 3367 γὰρ
1766 3289 1954 3365 βαθμοὶ

306 3375 403 3449 μὲν
448 3375 816 3456 ἀναφαίνονται
861 3390 1030 3454 τρεῖς,
1093 3379 1314 3435 Λύονται
1378 3375 1432 3433 δὲ
1488 3376 1634 3453 ὅμως
1675 3377 1811 3433 κατὰ
1855 3377 1954 3442 τὴν

304 3467 598 3535 συνήθειαν,
689 3457 752 3523 Ἠ
837 3465 1015 3542 μέντοι
1097 3465 1354 3548 ἀκρίϐεια,
1440 3467 1618 3545 ὥσπερ
1702 3464 1950 3541 εἴπομεν,

301 3554 394 3609 τὸν
463 3553 707 3634 τέταρτον
765 3556 819 3612 ἐν
889 3557 1093 3620 τούτοις
1145 3558 1344 3634 βαθμὸν
1397 3557 1640 3618 ἀπαιτεῖ.
1691 3564 1787 3611 Δεῖ
1854 3555 1953 3632 γὰρ

302 3643 402 3710 τὴν
429 3644 730 3712 οἰκειότητα
786 3651 885 3714 τῆς
943 3645 1256 3726 ἀγχιστείας
1299 3649 1690 3724 πλαγιασθῆναι
1737 3645 1951 3722 μικρὸν,

299 3732 389 3788 καὶ
416 3742 704 3798 τηνικαῦτα
747 3735 891 3791 ἔσται
926 3737 1138 3810 θεμιτὸς
1196 3738 1224 3792 6
1280 3736 1476 3813 γάμος.
1536 3738 1690 3813 Οἷον,
1736 3731 1817 3789 ὅτι
1859 3731 1952 3787 τοῦ

299 3820 710 3903 γυναικαδέλφου
776 3847 876 3899 μο›
962 3826 997 3892 ἡ
1094 3824 1226 3901 γυνὴ
1312 3829 1594 3902 προσεχῶς
1689 3821 1962 3903 ᾠκείωται.

297 3912 430 3988 πρὸς
500 3913 561 3967 τὸ
614 3912 774 3986 μέσον
822 3914 992 3992 γένος,
1056 3913 1234 3992 ὥσπερ
1265 3914 1418 3990 κάγὼ
1475 3914 1607 3991 πρὸς
1651 3912 1833 3971 αυτὸν.
1891 3900 1948 3967 Ὀ

327 4000 354 4021 τ
464 4001 477 4022 ‹
539 4000 559 4032 ,ε
598 4023 618 4034 ⁸,
792 4001 845 4020 ἐκ
949 4004 963 4022 κ
1096 4000 1145 4024 λι
1467 4001 1478 4021 ι
1737 3999 1753 4030 ι

293 4021 382 4056 ουν
455 4023 712 4080 τιμετιρος
782 4002 1007 4083 αοελφος
1091 4017 1300 4058 ουναται
1385 4023 1583 4068 ταυτην
1652 3999 1947 4075 ἀμέμπτως

294 4085 480 4144 λαϐεῖν
535 4089 781 4154 θάνοντος
825 4098 917 4148 τοῦ
965 4088 1378 4170 γυναικαδέλφου
1429 4112 1552 4167 μου,
1611 4089 1647 4157 ἢ
1703 4089 1810 4165 ἐγὼ
1851 4089 1950 4146 τὴν

289 4175 494 4244 ἐκείνης
547 4176 756 4252 λαϐεῖν,
812 4179 975 4247 αυτὴν
1017 4178 1045 4221 3
1101 4178 1155 4234 δὲ
1211 4179 1270 4235 ού
1311 4178 1460 4253 θέμις
1516 4177 1725 4239 λαϐεῖν.
1783 4175 1948 4232 Πάλιν

292 4262 477 4321 ἔλαϐον
533 4267 605 4328 εἷς
644 4267 742 4335 τὴν
811 4266 1042 4348 ἀδελφήν
1100 4289 1200 4342 μου
1259 4266 1519 4346 γαμϐρὸν,
1573 4269 1633 4324 οὗ
1701 4267 1799 4332 τὴν
1860 4263 1944 4320 ἐπ’

292 4352 501 4434 ἀδελφῷ
556 4377 686 4411 ποτε
737 4356 943 4436 νύμφην
1004 4358 1157 4421 αὒτὸς
1217 4353 1401 4412 ἔλαϐεν
1449 4354 1500 4404 3'
1559 4356 1632 4418 εἷς
1690 4367 1939 4432 γυναῖκα,

291 4442 386 4498 καὶ
443 4443 582 4499 ἔστιν
647 4445 939 4508 ἀκώλυτον,
1016 4443 1165 4502 Ἐπεὶ
1239 4447 1328 4502 καὶ
1410 4446 1656 4522 τετάρτου
1741 4444 1942 4520 βαθμοῦ

2057 618 2245 700 ipsius
2275 620 2520 684 maritus
2571 622 2698 684 fuit.
2735 619 2880 684 Nam
2911 625 2970 684 in
3020 625 3113 686 his
3141 643 3382 707 quoque
3413 625 3588 688 trium
3644 627 3711 688 ﬁt

2058 725 2343 784 generum
2364 709 2853 791 conjunctio.Sed
2877 712 3014 792 quia
3024 714 3327 795 privignus
3344 722 3402 776 et
3414 714 3703 795 privigne,

2058 796 2166 858 ﬁlii
2191 798 2282 860 vel
2332 799 2471 862 ﬁliae
2515 799 2644 862 loco
2693 808 2852 882 sunt,
2888 819 3029 879 erga
3069 803 3340 866 vitricum
3387 802 3480 865 vel
3503 821 3711 866 nover-

2057 903 2212 963 cam;
2256 896 2433 968 atque
2483 889 2698 954 horum
2747 890 2836 952 vel
2885 909 3055 965 uxor,
3086 891 3178 954 vel
3209 892 3477 966 maritus,
3510 892 3705 955 vicem

2058 993 2243 1038 nurus
2271 985 2370 1038 aut
2389 979 2595 1056 generi
2627 977 2932 1055 obtinent;
2965 979 3173 1043 illicita
3201 990 3336 1042 sunt
3361 979 3709 1060 hujusmodi

2057 1064 2462 1130 matrimonia.
2507 1065 2653 1128 Nam
2684 1085 2918 1131 summa
2948 1067 3048 1131 illa
3071 1069 3187 1131 duo
3216 1087 3462 1150 genera,
3510 1069 3598 1132 vir
3646 1076 3710 1132 et

2055 1171 2225 1234 uxor,
2259 1155 2507 1234 gradum
2541 1155 2770 1218 nullum
2825 1155 3069 1238 habent,
3105 1176 3218 1220 nec
3270 1157 3430 1220 inter
3473 1176 3560 1232 se,
3593 1175 3708 1220 nec

2057 1259 2196 1321 erga
2226 1261 2416 1322 genus
2434 1243 2883 1309 intermedium.
2900 1244 3130 1328 Quippe
3151 1247 3262 1309 viri
3282 1265 3416 1308 cum
3449 1245 3706 1310 muliere

2057 1331 2543 1411 conjunctionem
2576 1333 2649 1395 ad
2678 1333 2927 1413 gradum
2987 1353 3104 1396 non
3180 1334 3543 1410 referimus;
3597 1335 3706 1399 sed

2058 1438 2240 1481 unum
2272 1421 2413 1501 quid
2439 1439 2571 1484 esse
2601 1421 2876 1485 ducimus
2906 1422 3080 1504 hanc,
3110 1423 3348 1504 quando
3374 1423 3704 1487 secundum

2055 1507 2312 1589 seipsam
2340 1509 2752 1574 consideratur
2783 1530 2796 1575 :
2835 1512 3057 1593 (fratris
3089 1512 3248 1574 enim
3309 1513 3428 1574 mei
3458 1512 3702 1594 conjux,

2055 1606 2297 1679 propter
2322 1599 2610 1662 unionem
2640 1619 2774 1662 cum
2813 1619 2884 1663 eo
2917 1619 3236 1678 summam,
3261 1601 3528 1665 secundo
3551 1619 3587 1662 a
3607 1619 3704 1664 me

2053 1689 2235 1767 gradu
2266 1697 2378 1764 est,
2404 1709 2520 1770 quo
2541 1709 2676 1752 cum
2709 1690 3028 1753 subtilibus
3063 1708 3208 1753 sane
3241 1690 3572 1754 rationibus
3595 1690 3700 1760 di-

2052 1776 2172 1838 vini
2194 1777 2460 1839 mandati
2491 1786 2765 1858 respectu
2795 1779 3194 1859 conjungitur)
3227 1798 3361 1841 cum
3399 1787 3600 1842 autem
3626 1779 3703 1841 ad

2059 1864 2233 1926 aliam
2267 1866 2382 1946 ipsi
2410 1875 2715 1946 cognatam
2749 1885 3062 1948 personam
3094 1867 3311 1946 gradus
3359 1868 3700 1949 inquiritur,

2057 1973 2177 2016 non
2200 1953 2282 2016 ita
2311 1974 2410 2017 res
2440 1955 2640 2020 habet.
2665 1955 2812 2019 Nam
2851 1956 3071 2019 fratrize
3099 1974 3289 2034 soror,
3320 1974 3460 2036 erga
3482 1955 3700 2039 ipsam,

2057 2043 2296 2124 quidem
2356 2044 2606 2107 secundi
2649 2044 2867 2124 gradus
2915 2053 3042 2110 est:
3099 2064 3240 2125 erga
3293 2064 3420 2120 me,
3479 2045 3695 2126 quarti.

2055 2133 2336 2212 Ejusdem
2364 2132 2545 2194 amita
2572 2133 2790 2212 gradus
2817 2151 2958 2210 erga
3001 2133 3190 2215 ipsam
3221 2141 3312 2195 est
3351 2133 3534 2213 tertii,
3561 2152 3701 2213 erga

2054 2238 2151 2281 me
2179 2220 2803 2301 quinti.t.‘.onsimiliter
2823 2229 2880 2282 et
2909 2221 2972 2283 in
3001 2221 3396 2303 aliis.Quippe
3426 2221 3560 2284 ﬁeri
3587 2240 3699 2284 ne—

2049 2312 2175 2389 quit
2203 2316 2289 2382 ut,
2323 2309 2825 2388 quemadmodum
2879 2312 3147 2385 maritus,
3181 2309 3266 2372 sic
3296 2310 3473 2372 etiam
3512 2309 3696 2372 frater

2051 2397 2180 2475 ejus
2209 2414 2314 2476 pro
2355 2414 2472 2458 una
2521 2415 2700 2458 carne
2729 2397 3014 2459 habeatur
3043 2416 3179 2460 cum
3228 2397 3454 2470 fratria,
3489 2405 3548 2460 et
3586 2415 3698 2476 per

2050 2484 2467 2565 cogitationem
2500 2493 2714 2566 praeter
2743 2496 3003 2549 mentem
3035 2486 3184 2566 legis
3220 2486 3335 2549 alia
3364 2485 3513 2548 ratio
3541 2504 3692 2548 con-

2042 2575 2348 2654 jungatur.
2382 2574 2491 2647 Qui
2539 2575 2700 2636 enim
2750 2593 2822 2636 ex
2872 2583 3206 2638 transverso
3237 2583 3395 2652 sunt,
3432 2574 3689 2655 primum

2049 2663 2294 2743 gradum
2323 2683 2441 2725 non
2474 2664 2720 2740 habent,
2748 2664 2852 2727 sed
2875 2683 2908 2725 a
2939 2665 3205 2728 secundo
3235 2665 3548 2746 incipiunt.
3579 2667 3697 2727 Lex

2049 2754 2252 2832 igitur,
2286 2754 2368 2815 uti
2416 2753 2694 2828 diximus,
2743 2753 3120 2817 matrimonia
3169 2753 3345 2815 trium
3404 2768 3690 2833 generum

2052 2843 2333 2905 duntaxat
2375 2861 2445 2904 ea
2491 2841 2821 2923 prohibuit,
2871 2861 3004 2924 quae
3047 2842 3224 2924 primi
3281 2842 3498 2922 gradus
3527 2850 3690 2906 sunt.

2052 2931 2312 3013 Recepta
2369 2950 2511 2994 vero
2555 2931 2920 2994 consuetudo
2963 2950 3067 3012 pro
3125 2950 3244 2994 non
3288 2931 3482 2993 vetitis
3515 2930 3695 2993 habet

2048 3040 2412 3103 quaeounque
2463 3028 2675 3101 praeter
2707 3022 2834 3083 haec
2867 3029 3026 3102 sunt,
3061 3029 3121 3084 et
3151 3020 3407 3102 primum
3437 3019 3690 3099 gradum

2046 3111 2366 3174 excedunt.
2401 3108 2581 3172 Verbi
2611 3109 2798 3189 gratia
2829 3126 2842 3172 :
2879 3109 3132 3182 Quidam
3159 3126 3405 3171 uxorem
3457 3107 3686 3170 habuit.

2045 3199 2338 3280 Deinceps
2377 3199 2478 3260 illa
2507 3198 2813 3272 defuncta,
2846 3199 3158 3279 conjugem
3193 3197 3388 3276 patrui
3419 3196 3693 3260 mulieris

2037 3289 2301 3350 secundo
2319 3287 2698 3349 matrimonio
2721 3286 3341 3350 duxituxorem.Alius
3363 3285 3690 3366 privignam

2035 3377 2232 3440 fratris
2259 3378 2459 3439 uxoris
2487 3395 2610 3439 suae
2639 3377 2828 3442 duxit.
2865 3376 2931 3439 In
2953 3377 3046 3440 his
3079 3377 3240 3440 enim
3273 3384 3398 3438 tres
3440 3375 3686 3457 quidem

2035 3466 2254 3545 gradus
2282 3473 2614 3545 emergunt,
2649 3465 2756 3527 sed
2789 3465 3202 3527 nihihominus
3230 3463 3420 3528 libere
3451 3463 3694 3546 permit-

2038 3562 2243 3616 tuntur
2293 3555 2526 3618 ratione
2576 3553 3048 3616 consuetudinis.
3082 3553 3146 3617 Si
3177 3562 3376 3617 tamen
3418 3559 3692 3617 accurate

2034 3662 2162 3706 rem
2194 3643 2673 3717 consideremus,
2717 3641 2934 3721 gradus
2982 3642 3044 3704 in
3075 3643 3191 3720 his,
3247 3660 3359 3706 ceu
3401 3640 3688 3721 diximus,

2037 3741 2279 3812 quartus
2320 3730 2667 3813 requiritur.
2717 3731 2950 3812 Quippe
2998 3729 3502 3793 necessitudinem
3550 3728 3689 3789 afﬁ-

2033 3821 2235 3884 nitatis
2254 3821 2315 3883 in
2349 3829 2751 3882 transversum
2786 3819 3061 3881 nonnihil
3081 3817 3690 3899 oportetextendi,at-

2033 3929 2148 3992 que
2181 3914 2260 3973 ita
2290 3910 2524 3971 licitum
2576 3909 2690 3970 erit
2737 3908 3206 3970 matrimonium.
3239 3906 3424 3970 Verbi
3465 3907 3680 3988 gratia,

2032 4001 2246 4079 conjux
2271 3998 2469 4061 fratris
2494 3997 2694 4060 uxoris
2713 4015 2863 4059 mere
2881 3997 3213 4078 propinqua
3235 3995 3682 4059 necessitudine

2029 4089 2300 4168 jungitur
2323 4086 2680 4149 intermedio
2703 4086 2936 4165 generi,
2965 4086 3193 4148 sicutet
3212 4105 3318 4165 ego
3350 4085 3491 4166 ipsi.
3514 4084 3684 4148 Hanc

2033 4177 2213 4238 frater
2245 4193 2435 4250 meus,
2464 4173 2742 4238 defuncto
2774 4174 3046 4254 conjugis
3074 4192 3225 4236 meae
3247 4174 3684 4250 fratre,ducere

2030 4265 2178 4327 citra
2209 4264 2743 4345 reprehensionem
2775 4270 2989 4344 potest,
3022 4263 3112 4325 vel
3143 4263 3330 4343 ipsius
3368 4281 3477 4342 ego
3507 4281 3682 4324 soro-

2026 4377 2153 4420 rem
2183 4380 2199 4435 ;
2231 4356 2337 4418 sed
2369 4375 2486 4418 non
2516 4356 2600 4417 fas
2625 4365 2734 4430 est,
2770 4363 2834 4416 ut
2863 4355 2991 4435 ipsa
3024 4355 3168 4417 mihi
3213 4353 3420 4418 nubat.
3455 4354 3684 4418 Rursus

2026 4447 2261 4508 aﬂinem
2305 4452 2558 4507 nanctus
2588 4463 2744 4517 sum,
2798 4443 3022 4505 sororis
3053 4463 3200 4505 mea}
3231 4445 3461 4518 virum;
3508 4445 3682 4524 cujus

291 4531 604 4612 εὕρίσλεται,
675 4535 761 4590 καὶ
830 4535 1145 4612 μακρύνεται
1203 4537 1389 4613 μικρὸν
1437 4536 1524 4592 καὶ
1593 4537 1692 4597 τῆς
1740 4532 1940 4588 οἰκειό-

2042 4535 2312 4614 'ratriam,
2366 4533 2533 4596 fratri
2583 4533 2812 4596 scilicet
2860 4533 3048 4612 ipsius
3080 4533 3378 4613 quondam
3409 4540 3678 4615 nuptam,

287 4643 450 4686 τητος
510 4630 604 4678 τοῦ
657 4621 819 4697 μέσου
871 4623 1074 4700 γένους.
1136 4625 1207 4682 Τὸ
1262 4625 1360 4701 γὰρ
1406 4625 1532 4701 πρὸς
1579 4623 1704 4678 αὐτὸ
1765 4643 1937 4699 προσ-

285 4716 429 4789 εχῶς
458 4711 849 4784 συναπτόμενον
906 4712 1212 4791 πρόσωπον,
1247 4714 1281 4779 ἡ
1311 4711 1512 4788 ἀδελφή
1572 4733 1672 4785 μου
1727 4709 1870 4766 ἐστιν
1919 4728 1931 4740 ·

282 4798 392 4876 ἐγὼ
416 4795 470 4853 δὲ
514 4797 574 4854 ἐκ
628 4797 877 4878 πλαγίου,
936 4802 1024 4859 καὶ
1067 4803 1254 4880 μικρὸν
1309 4800 1552 4880 ἀποτέρω
1605 4806 1698 4855 τοῦ
1745 4797 1930 4874 μέσου.

282 4886 447 4943 Πάλιν
481 4885 565 4943 ἐπὶ
619 4894 687 4965 τῇ
742 4890 954 4968 θυγατρὶ
998 4889 1211 4968 ἐγένετό
1260 4913 1350 4965 μοι
1420 4888 1682 4969 γαμϐρός.
1737 4889 1935 4946 Τούτου

278 4977 378 5043 τὴν
420 4976 550 5032 ποτὲ
595 4977 690 5050 μὲν
719 4977 926 5056 νύμφην
954 4977 1039 5034 ἐπ’
1073 4977 1284 5058 ἀδελφῷ
1342 4976 1527 5035 λαϐεῖν
1585 4999 1651 5054 με
1706 4979 1778 5040 εἷς
1835 4999 1933 5055 γυ-

276 5067 554 5125 ναῖκα,οὗ
605 5064 778 5144 θέμις,
868 5066 940 5128 ὡς
1012 5073 1296 5145 προσεχῶς
1342 5065 1745 5140 συναπτομένην
1800 5067 1931 5144 πρὸς

277 5156 339 5209 τὸ
382 5153 544 5228 μέσον
575 5152 725 5232 γένος
759 5171 774 5187 ⁸
808 5155 905 5221 τὴν
937 5152 990 5209 δὲ
1041 5155 1202 5223 αὐτῆς
1267 5153 1492 5233 [λαϐεῖν]
1539 5153 1794 5234 ἀδελφὴν,
1841 5157 1934 5211 οὒκ

276 5241 521 5316 ἀθέμιτον
555 5261 569 5276 ⁸
657 5241 793 5298 ἀλλὰ
861 5245 948 5299 καὶ
1041 5242 1275 5324 γαμϐρὸς
1358 5247 1446 5300 καὶ
1519 5241 1932 5324 γυναικάδελφος

277 5331 639 5410 χηρεύσαντες
697 5332 836 5387 θείαν
904 5335 993 5388 καὶ
1053 5332 1274 5408 ἀνεψιὰν
1331 5331 1570 5408 οὐδαμῶς
1627 5330 1933 5408 λαμϐάνου-

1926 5411 1950 5428 κ

2026 4642 2268 4685 uxorem
2317 4621 2446 4703 ipse
2488 4622 2665 4701 duco,
2695 4621 2844 4683 citra
2871 4620 3354 4702 prohibitionem.
3388 4620 3680 4693 Quoniam

2023 4722 2080 4775 et
2110 4711 2308 4793 quarti
2360 4711 2579 4792 gradus
2623 4729 2756 4772 esse
2809 4710 3306 4791 deprehenditur,
3341 4717 3400 4771 et
3441 4710 3678 4788 longius

2019 4801 2320 4880 aliquanto
2352 4807 2690 4862 removetur
2714 4818 2748 4859 a
2770 4798 3214 4862 necessitudine
3235 4799 3472 4878 generis
3496 4799 3680 4861 inter-

2020 4889 2376 4961 medii.Quze
2402 4889 2561 4950 enim
2599 4907 2852 4968 persona
2882 4907 3066 4970 prope
3096 4908 3232 4951 cum
3256 4888 3386 4970 ipso
3417 4890 3677 4969 conjun-

2017 4979 2374 5058 gitur,soror
2405 4995 2536 5039 mea
2564 4988 2688 5040 est:
2727 4978 2853 5058 ipse
2873 4996 3015 5040 vero
3037 4996 3170 5041 sum
3200 4995 3271 5040 ex
3305 4984 3664 5058 transverso,

2019 5075 2075 5129 et
2108 5067 2282 5148 paulo
2306 5069 2592 5128 remotior
2620 5065 2694 5129 ab
2726 5066 3086 5130 intermedia
3116 5083 3390 5147 persona.
3413 5068 3668 5128 Rursum

2018 5165 2229 5218 nactus
2281 5174 2415 5218 sum
2463 5172 2775 5234 generum,
2813 5154 3089 5218 maritum
3141 5154 3518 5236 ﬁliaezcujus
3548 5155 3670 5218 fra-

2019 5248 2214 5317 triam,
2251 5251 2496 5326 nuptam
2529 5243 2759 5306 scilicet
2812 5243 3111 5325 quondam
3141 5243 3270 5325 ejus
3299 5244 3489 5320 fratri,
3521 5244 3670 5308 mihi

2019 5333 2262 5414 quidem
2298 5352 2416 5396 non
2463 5332 2548 5395 fas
2595 5341 2684 5396 est
2712 5351 2956 5398 uxorem
2989 5333 3234 5410 ducere,
3278 5332 3458 5398 veluti
3485 5353 3673 5417 prape

1586 5497 1842 5562 VABIE
1887 5499 2208 5567 LECTION
2215 5501 2328 5566 ES.

346 5604 362 5646 ί
398 5603 726 5684 λογίσασθαι.
813 5605 840 5648 9
869 5606 1084 5675 ἐκηίνης
1121 5605 1375 5686 ἀδελφήν.
1414 5607 1614 5676 Αὗτήν,

1697 5605 1750 5650 9⁸
1787 5606 2001 5671 ἔλαϐον,

1827 5712 2082 5782 NOTIE.

351 5817 477 5900 ('74)
515 5817 556 5882 l.
589 5817 686 5882 15.
720 5819 787 5885 D.
828 5821 918 5885 De
943 5828 1047 5886 rit.
1074 5829 1245 5903 πυρί.
