4120 6424
408 374 560 441 1245
1756 376 2470 446 GRIECO-ROMANUM.
3638 360 3789 434 1246

400 511 755 595 φυλάττεσθαιΔ
802 515 936 594 χρή.
999 512 1118 571 Ἐπὶ
1176 511 1231 569 δὲ
1283 517 1389 569 τῶν
1448 510 1547 579 ἔξω
1602 514 1930 593 συγγενείας,
2002 538 2032 572 τ

2120 511 2377 577 .bitione
2407 522 2639 579 carent.
2700 514 2765 579 In
2822 515 3104 580 atlinitate
3149 513 3450 595 triumque
3503 520 3791 591 generum

401 590 675 682 εὐπρεπές.
740 590 961 660 Ἠνῂοὗν
1035 601 1357 682 παρανόμως
1432 590 1765 682 γαμηθεῖσα,
1841 590 2036 662 δύνατα

2140 603 2544 687 copulatione,
2577 623 2710 687 quae
2737 604 2957 667 diserte
2989 603 3284 686 prohibita
3320 590 3484 675 sunt,
3515 590 3608 660 vel
3637 611 3788 658 con-

401 687 628 748 διαλύειν
678 691 772 748 τὸν
824 691 1020 769 γάμον,
1095 691 1185 747 καὶ
1265 693 1553 769 γαμεῖσθαι
1611 687 1759 767 ἄλλῳ
1814 691 2030 773 ὕστερον

2138 694 2436 758 fusionem
2467 695 2799 772 continent,
2859 696 3053 758 caveri
3082 694 3324 757 debent.
3385 691 3452 754 In
3500 689 3596 763 iis,
3655 702 3788 773 quae

395 782 457 839 Οἱ
508 776 565 836 δὲ
623 778 728 837 ἀπὸ
777 777 1160 855 κεκωλυμένων
1228 779 1418 859 γάμων
1473 778 1775 857 τικτόμενοι
1829 779 2050 862 παῖδες,

397 865 513 925 οὐδὲ
566 873 665 945 τῇς
733 874 838 926 τῶν
912 867 1075 925 νόθων
1156 866 1417 934 ἀξιοῦνται
1494 868 1867 950 προσεφορίας,
1934 868 2050 928 οωὲ

395 954 728 1036 διαδέχονται
783 955 919 1012 κατά
987 978 1105 1014 τινα
1158 957 1249 1013 τὸν
1309 954 1444 1013 ἴδιον
1512 949 1735 1037 πατέρα,
1796 949 1853 1016 (0
1917 960 2048 1038 πρὸς

392 1043 660 1125 ἐλευθέραν
731 1044 809 1119 μὴ
866 1043 1237 1120 ποιησαμένην
1288 1044 1451 1125 πόρον
1510 1045 1570 1102 ἐκ
1642 1052 1735 1103 τοῦ
1789 1046 2046 1123 σώματος

394 1133 540 1215 ἔχων
589 1134 888 1215 συνήθειαν,
935 1138 995 1194 οὗ
1040 1132 1346 1210 παλλακὴν,
1405 1132 1544 1191 ἀλλᾶ
1598 1135 1840 1214 γαμετὴν
1895 1134 2046 1217 ἔχειν

393 1221 564 1287 δοκεῖ,
627 1223 849 1280 Δύναται
911 1224 939 1279 ὁ
1008 1223 1277 1302 κουράτωρ
1332 1223 1558 1298 συνάψαι
1622 1223 1721 1291 τὴν
1777 1221 1907 1282 ἰδίαν
1950 1229 2046 1283 θυ-

390 1311 587 1391 γατέρα
640 1317 718 1386 τῷ
779 1310 1209 1391 κουρατευομένῳ
1289 1313 1378 1392 ὑπι
1430 1313 1610 1372 αὖτοῦ.
1686 1312 1787 1371 Τόν
1826 1311 1881 1369 δὲ
1936 1316 2046 1371 υἱὸν

391 1399 550 1460 αύτοῢ
605 1405 675 1476 τῇ
726 1399 1149 1478 κουρατευομένῃ
1211 1402 1270 1457 οὗ
1325 1397 1535 1457 δύναται
1606 1403 1775 1481 χωρὶς
1843 1401 2047 1480 βασιλι-

391 1492 493 1555 κῆς
587 1486 906 1554 κελεύσεως.
987 1487 1138 1547 Ἐπεὶ
1206 1488 1505 1563 ἀτιμοὺται.
1584 1489 1715 1547 Οὕτε
1785 1493 1814 1547 ὁ
1872 1492 2046 1572 πατὴρ

389 1582 485 1635 τοῦ
570 1576 856 1657 ἐπιτρόπου
952 1575 1266 1653 ἐπισκόπου,
1359 1576 1477 1634 οὔτε
1560 1580 1588 1635 ὁ
1646 1578 2044 1648 συνυπεξούσιος

390 1670 549 1725 αὐτοῦ
597 1664 817 1746 ἀδελφὸς
847 1664 1057 1723 δύναται
1100 1679 1297 1746 γαμεῖν
1351 1667 1452 1734 τὴν
1508 1667 1762 1748 ὀρφανήν.
1836 1672 1898 1726 Αἱ
1939 1676 2045 1728 τῶν

2136 793 2306 875 extra
2333 785 2748 865 cognationem
2779 785 2970 868 posita
2997 794 3155 861 sunt,
3206 780 3411 875 decori
3439 788 3499 842 et
3553 771 3787 875 honesti

2133 873 2407 937 habenda
2438 875 2610 938 ratio.
2647 866 2963 949 Caeterum,
3018 892 3149 955 quae
3199 870 3460 934 nefarias
3491 866 3789 955 contraxit

2134 963 2391 1043 nuptias,
2420 964 2649 1028 solvere
2681 952 3120 1026 matrimonium
3158 967 3369 1043 potest,
3397 966 3456 1021 et
3483 956 3586 1020 alii
3615 952 3783 1014 dein-

2129 1057 2271 1133 cdps
2295 1052 2544 1117 nubere.
2570 1052 2680 1126 Qui
2703 1063 2896 1115 autem
2926 1071 2999 1114 ex
3030 1049 3343 1133 prohibitis
3391 1044 3611 1128 nuptiis
3637 1058 3780 1123 pro-

2128 1149 2408 1204 creantur
2459 1142 2657 1217 liberi,
2742 1160 2852 1204 nec
2921 1140 3258 1222 Spuriorum
3319 1135 3780 1219 appellationem

2129 1239 2593 1311 consequuntur,
2628 1249 2740 1294 nec
2785 1230 2922 1291 ullis
2977 1230 3039 1291 in
3097 1228 3270 1290 bonis
3317 1225 3467 1308 patri
3495 1241 3604 1285 suo
3637 1237 3778 1281 suc-

2127 1318 2346 1381 cedunt
2370 1319 2521 1401 (93).
2555 1318 2666 1393 Qui
2699 1339 2833 1382 cum
2867 1318 3116 1381 muliere
3137 1316 3353 1391 libera,
3376 1323 3777 1396 quiecorpore

2127 1415 2414 1488 quaestum
2445 1427 2563 1469 non
2595 1407 2825 1482 fecerit,
2893 1403 3389 1469 consuetudinem
3422 1400 3775 1488 habet,pnou

2125 1486 2552 1571 concubinum,
2605 1497 2711 1559 sed
2765 1514 3009 1559 uxorem
3069 1494 3294 1557 habere
3342 1491 3575 1553 videtur
3626 1486 3774 1568 (94)-

2128 1582 2327 1647 Potest
2356 1594 2593 1648 curator
2624 1584 3002 1647 matrimonio
3043 1583 3323 1664 copulare
3375 1579 3555 1641 tiliam
3606 1592 3775 1636 suam

2126 1671 2204 1745 ei,
2239 1674 2407 1754 cujus
2436 1682 2671 1737 curator
2699 1684 2791 1737 est
2823 1675 2940 1755 (95)
2975 1693 2988 1734 :
3022 1680 3080 1734 at
3110 1671 3293 1735 filium
3324 1687 3498 1731 suum
3541 1682 3689 1755 cum‘
3708 1680 3779 1725 ea

391 1754 757 1831 πενθουμένων
804 1755 1030 1835 γαμεταὶ
1078 1754 1369 1813 κωλύονται
1418 1753 1472 1811 ἐν
1494 1762 1595 1850 ,τῷ
1640 1757 1874 1834 πενθίμῳ
1902 1758 2037 1839 χρό-

2128 1751 2426 1844 copulare,
2462 1765 2630 1844 cujus
2654 1751 2893 1841 negotia
2908 1763 3082 1842 gerit,
3137 1760 3362 1840 absque
3399 1759 3575 1850 jussu
3604 1751 3773 1835 prin-

390 1865 466 1917 νῳ
487 1929 502 1934 Δ
549 1847 835 1921 γαμεῖσθαι
867 1860 899 1929 ὐ
964 1845 1008 1901 εί
1085 1852 1169 1934 μὴ
1237 1844 1374 1934 κατὰ
1447 1842 1684 1902 κέλεσσιν
1756 1846 2037 1923 βασιλέως.

2128 1849 2278 1931 cipis
2299 1842 2420 1932 (96)
2454 1842 2681 1934 nequit.
2715 1855 2864 1916 Nam
2894 1851 3136 1913 infamia
3159 1858 3421 1911 notatur.
3453 1843 3575 1934 Nec
3608 1849 3778 1923 pater

390 1934 452 1989 Αἱ
481 1929 536 1989 δὲ
565 1937 670 1987 τῶν
703 1932 781 2008 μὴ
838 1930 1224 2010 πενθουμένων,
1284 1930 1401 1999 ἤτοι
1457 1938 1563 2021 τῶν
1621 1932 1706 1990 ἐπὶ
1733 1936 2037 1997 καθοσίώσει

2127 1929 2360 2017 tutoris,
2394 1929 2506 2004 nec
2549 1929 2737 2003 frater
2812 1940 2962 2021 ejus,
3031 1939 3132 2021 qui
3162 1938 3355 2000 adhuc
3388 1942 3478 1996 est
3506 1933 3568 1993 in
3601 1937 3773 2012 pote-

387 2018 896 2095 καταδικασθέντων,
968 2023 1027 2078 οὒ
1094 2019 1408 2083 κωλύονται.
1471 2012 1534 2078 Ἠ
1604 2021 1659 2079 ἐν
1699 2029 1777 2098 τῷ
1833 2028 2037 2082 πενθεῖν

2125 2036 2293 2104 state,
2326 2012 2606 2111 pupillam
2638 2012 2862 2092 ducere
2892 2012 3078 2111 potest
3115 2029 3267 2107 (9'1).
3290 2024 3516 2089 Uxores
3539 2038 3770 2099 eorum,

387 2111 477 2167 τὸν
761 2111 1083 2209 γεννήσασα,
1158 2109 1235 2166 ἔτι
1288 2107 1548 2167 κωλύεται
1602 2112 1759 2189 γάμῳ
1805 2111 2037 2192 προσελ-

2124 2116 2225 2197 qui
2256 2107 2592 2209 elugentur,
2642 2118 2807 2209 intra
2826 2107 3057 2209 tempus
3086 2115 3278 2179 luctus
3309 2114 3534 2209 nubere
3564 2117 3776 2209 vetan:

386 2202 522 2261 θεῖν.
558 2196 621 2257 Ἠ
668 2196 724 2255 δὲ
773 2198 827 2256 ἐν
883 2202 961 2275 τῷ
1018 2199 1253 2276 πενθίμῳ
1309 2200 1490 2279 χρόνῳ
1528 2207 1775 2270 τεκοῦσα,
1822 2206 1882 2261 οὗ
1933 2225 2038 2259 κω-

388 2288 590 2353 λύεται.
652 2291 801 2349 Κατὰ
856 2289 946 2348 δύο
988 2290 1087 2370 γὰρ
1140 2292 1308 2355 αἰτίας
1378 2293 1406 2347 ὁ
1487 2292 1737 2368 πένθιμος
1794 2294 2036 2363 ἐτυπώθη

390 2379 593 2458 καιρὸς,
668 2376 753 2435 διὰ
820 2380 881 2435 τὸ
939 2381 1017 2455 μὴ
1075 2380 1331 2460 σύγχυσιν
1385 2379 1616 2458 γίνεσθαι
1670 2385 1769 2448 τῆς
1844 2388 2032 2461 γονῆς,

387 2468 474 2524 καὶ
517 2464 601 2530 διὰ
650 2466 751 2535 τὴν
804 2465 1153 2547 ὀφειλομένην
1212 2466 1339 2525 αίδὼ
1378 2469 1467 2525 καὶ
1519 2469 1681 2546 τιμὴν
1718 2477 1795 2545 τῷ
1842 2469 2030 2551 ἀνδρί·

388 2557 439 2613 αἱ
465 2555 554 2613 οὗν
623 2568 870 2634 γυναῖκες
909 2557 1017 2614 τῶν
1084 2557 1161 2633 μὴ
1219 2556 1374 2624 ἀξίων
1441 2561 1766 2630 πενθεῖσθαι,
1838 2557 1923 2617 διὰ
1976 2562 2038 2617 τὸ

384 2645 457 2709 είς
527 2642 760 2721 δημόσια
808 2647 974 2726 τυχὸν
1022 2659 1329 2724 περιπεσεῖν
1376 2645 1707 2725 ἐγκλήματα,
1772 2648 1908 2723 μετὰ
1947 2650 2038 2706 τὸν

381 2733 542 2815 τόκον
601 2734 663 2791 οὗ
702 2732 995 2791 κωλύονται
1051 2736 1139 2791 καὶ
1182 2734 1238 2790 ἐν
1291 2741 1368 2811 τῷ
1433 2736 1669 2812 πενθίμῳ
1721 2741 2031 2815 γαμεῖσθαι,

386 2812 450 2879 'H
479 2823 582 2902 πρὸ
628 2828 723 2879 τσῦ
774 2825 1025 2900 πενθίμου
1087 2823 1282 2903 χρόνου
1360 2812 1810 2904 δευτερογαμθῧπ
1875 2827 2030 2904 ww"

381 2910 687 2992 ἀτιμοῦται,
720 2909 886 2988 μηδὲν
944 2911 1004 2968 ἐκ
1056 2921 1152 2970 τοῦ
1211 2912 1422 2991 πρώτου
1468 2913 1642 2991 γάμου
1670 2912 2026 2993 κερδαίνουσα,

381 3000 476 3057 καὶ
535 2998 690 3077 μεδὲν
745 2999 908 3058 πλέον
948 3009 1041 3059 τοῦ
1088 3000 1264 3078 τρίτου
1315 3000 1504 3081 μέρους
1529 3006 1629 3069 τῆς
1686 3000 1820 3066 ἰδίας
1850 3005 2028 3067 οὐσίας

2118 2210 2235 2279 tur,
2285 2205 2396 2267 nisi
2421 2207 2591 2287 jussu
2623 2206 2928 2288 principis.
2951 2197 3055 2268 Ἀι
3093 2222 3301 2267 eorum
3327 2202 3635 2281 conjuges,
3669 2197 3775 2288 qui

2118 2292 2309 2374 lugeri
2339 2286 2456 2357 non
2488 2286 2700 2371 solent,
2736 2286 2849 2358 hoc
2880 2303 2990 2369 est,
3025 2295 3126 2376 qui
3157 2290 3483 2372 majestatis
3506 2286 3770 2351 damnati

2087 2398 2096 2407 '
2119 2393 2279 2458 sunt,
2304 2403 2419 2445 non
2435 2385 2855 2465 prohibentur.
2877 2384 3018 2457 Quae
3036 2384 3230 2445 luctus
3244 2390 3515 2461 tempore
3531 2386 3768 2439 uterum

2120 2470 2293 2551 gerit,
2317 2472 2507 2534 adhuc
2524 2473 2872 2554 prohibetur
2913 2472 2989 2535 ad
3031 2472 3175 2534 alias
3219 2469 3474 2532 transire
3506 2466 3767 2548 nuptias.

2120 2559 2263 2633 Qua}.
2290 2580 2427 2623 vero
2459 2561 2616 2624 intra
2645 2571 2876 2644 tempus
2919 2563 3113 2623 luctus
3143 2566 3375 2642 partum
3404 2556 3612 2631 edidit,
3646 2572 3767 2616 non

2123 2649 2495 2730 prohibetur.
2528 2651 2673 2713 Nam
2701 2652 2852 2713 duas
2874 2650 2948 2712 ob
2971 2668 3176 2713 causas
3205 2647 3533 2728 legitimum
3572 2644 3766 2706 luctus

2121 2746 2355 2819 tempus
2385 2749 2475 2803 est
2518 2740 2923 2812 constitutum,
2966 2759 3042 2802 ne
3084 2738 3358 2800 videlicet
3386 2732 3635 2797 seminis
3665 2732 3765 2793 ﬁat

2117 2827 2410 2904 confusio,
2442 2847 2513 2892 ac
2544 2838 2783 2910 propter
2810 2828 3205 2891 reverentiam
3238 2834 3296 2888 et
3325 2826 3639 2903 honorem,
3665 2820 3766 2902 qui

2115 2916 2328 2978 marito
2384 2917 2654 2981 debetur.
2711 2917 2895 2997 Igitur
2942 2935 3150 2980 eorum
3206 2932 3442 2994 uxores,
3498 2911 3598 2993 qui
3648 2928 3765 2972 non

2117 3005 2282 3085 digni
2303 3013 2465 3080 sunt,
2486 3015 2549 3067 ut
2578 3006 2888 3087 legeantur
2918 3013 3233 3087 propterea
3260 3002 3416 3085 quod
3437 3001 3495 3063 in
3529 2999 3767 3087 publica
3854 3021 3860 3025 ‘

379 3086 554 3176 δοῦναι
610 3086 870 3166 δυναμένη
943 3092 1021 3164 τῷ
1102 3087 1325 3169 δευτέρῳ
1388 3078 1601 3169 ’ἀνδρὶ,
1661 3090 1749 3147 ὃτε
1836 3090 2031 3156 παῖδας

2120 3078 2267 3155 forte
2297 3078 2549 3156 crimina
2580 3078 2730 3176 lapsi
2755 3093 2873 3156 sint
2903 3078 3046 3171 (98);
3111 3100 3241 3174 post
3282 3078 3547 3171 'partum'
3580 3086 3762 3176 etiam

379 3174 585 3245 δηλαδὴ
616 3177 711 3235 οὒκ
752 3176 892 3258 ἔχει.
930 3176 1052 3235 Ἐὰν
1123 3179 1257 3253 μετὰ
1302 3178 1401 3245 τὴν
1428 3184 1522 3235 τοῦ
1563 3175 1748 3257 ανδρὸς
1779 3178 2032 3248 τελευτὴν

377 3268 497 3347 περὶ
562 3267 653 3323 τὸν
709 3264 983 3324 ἑνδέκατον
1051 3270 1195 3341 μῆνα
1267 3265 1398 3342 τέκῃ
1492 3268 1527 3335 ἡ
1599 3267 1733 3345 γυνὴ
1815 3269 2031 3348 πορνεία

377 3354 487 3413 ἐστί
514 3356 577 3412 τὸ
619 3356 860 3435 γεγονὸς,
913 3356 1002 3411 καὶ
1045 3367 1162 3420 τοῖς
1204 3356 1387 3418 αὐτοῖς
1445 3354 1728 3432 ἐπιτιμίοις
1758 3356 2026 3438 ἐνέχεται,

375 3446 463 3508 οἷς
522 3446 557 3512 ἡ
614 3445 730 3524 περὶ
798 3445 890 3501 τὸν
966 3442 1216 3521 πένθιμον
1290 3443 1482 3525 χρόνον
1551 3442 2024 3524 δευτερογαμοῦσα.

375 3532 701 3591 ἐκπίπτουσα
754 3530 998 3600 δηλονότι
1051 3538 1150 3601 τῆς
1207 3554 1263 3590 τε
1302 3533 1641 3613 προικώσεως
1702 3535 1902 3609 πάσης,
1939 3538 2026 3593 καὶ

377 3620 614 3701 ὰνδρώας
659 3621 714 3672 19
754 3622 1102 3687 ύωοστάσεως
1113 3669 1126 3683 ,

2115 3180 2271 3243 intra
2301 3191 2533 3264 tempus
2564 3174 2757 3247 luctus
2786 3182 3012 3247 nubere
3042 3201 3161 3244 non
3181 3178 3571 3262 prohibentur
3622 3174 3765 3248 Quae

2113 3280 2249 3333 ante
2280 3272 2507 3333 ﬁnitum
2571 3272 2764 3334 luctus
2800 3281 3034 3353 tempus
3091 3268 3386 3333 secundas
3422 3266 3493 3328 ad
3529 3265 3766 3345 nuptias

2114 3361 2387 3422 convolat
2412 3361 2649 3441 mulier,
2714 3362 2954 3422 infamia
3009 3367 3268 3434 notatur,
3313 3365 3370 3417 et
3428 3355 3655 3416 nullum
3687 3371 3761 3414 ex

2115 3448 2298 3530 priori
2320 3449 2697 3511 matrimonio
2736 3450 2962 3512 lucrum
2996 3449 3171 3530 capit,
3206 3465 3318 3509 nec
3340 3445 3499 3508 ultra
3527 3442 3761 3506 tertiam

2112 3546 2338 3618 partem
2429 3536 2767 3618 patrimonii
2836 3537 2927 3599 sui
2997 3536 3137 3599 dare
3213 3534 3477 3597 secnndo
3557 3530 3766 3618 marito

2111 3617 2326 3707 potest,
2350 3617 2499 3706 (99),
2533 3644 2668 3687 cum
2700 3625 2978 3687 videlicet
3001 3626 3225 3686 liberos
3257 3622 3448 3683 nullos
3472 3619 3670 3682 habet.
3697 3617 3761 3684 Si

377 3717 511 3790 post
537 3708 762 3773 obitum
799 3709 995 3774 mariti
1026 3708 1244 3771 mulier
1268 3707 1586 3772 undecimo
1619 3728 1825 3773 mense
1882 3720 2118 3793 partum
2170 3713 2453 3786 ediderit,
2504 3715 2720 3776 factum
2753 3715 2866 3776 hoc
2897 3732 3060 3777 mera
3089 3711 3367 3775 scortatio
3399 3718 3512 3785 est,
3546 3720 3606 3769 et
3634 3708 3764 3787 ipsa

376 3798 567 3878 poenis
596 3799 823 3863 eisdem
854 3805 1113 3879 tenetur,
1145 3796 1364 3879 quibus
1408 3815 1500 3874 ea,
1533 3816 1666 3878 quae
1700 3798 1857 3861 circa
1888 3809 2125 3882 tempus
2158 3803 2352 3865 luctus
2401 3803 2697 3865 secundas
2750 3802 3048 3865 contrahit
3076 3799 3310 3882 nuptias
3343 3820 3357 3860 :
3392 3797 3549 3880 quod
3582 3795 3762 3858 nimi-

338 3932 341 3935 -
374 3903 505 3948 rum
539 3894 654 3949 tam
686 3887 1008 3963 dotalibus,
1040 3904 1215 3968 quam
1248 3885 1526 3950 omnibus
1557 3886 1689 3949 aliis
1722 3889 1922 3953 mariti
1958 3889 2131 3953 bonis
2156 3891 2407 3954 excidat.

351 4028 362 4039 ,
461 3999 482 4030 ιι
519 3978 641 4055 Περὶ
668 3982 774 4034 τῶν
804 3975 1229 4054 βδελυσσομένων
1273 3976 1393 4038 τοὺς
1423 3974 1673 4052 ἐννόμους
1713 3978 1942 4057 γάμους,

2213 3981 2297 4044 De
2322 3980 2441 4056 his,
2473 3985 2582 4061 qui
2606 3979 3039 4043 abominantur
3066 3978 3366 4061 legitimas
3394 3977 3659 4056 nuptias,

710 4067 802 4122 τὸν
832 4069 1001 4139 οἶνον,
1048 4066 1114 4121 τὰ
1140 4063 1293 4145 κρέα,
1323 4065 1411 4145 καὶ
1439 4064 1612 4144 ἕτερα.
1650 4089 1677 4121 ι

2548 4070 2782 4141 vinum,
2817 4085 3051 4139 cantes,
3084 4075 3139 4131 et
3169 4069 3317 4130 alia.

455 4144 512 4211 Ὀ
548 4159 654 4210 τῶν
696 4155 859 4232 ἁγίων
910 4141 1221 4211 ἀποστόλων
1265 4141 1350 4209 να’
1395 4141 1570 4211 πανόν
1614 4170 1630 4187 ⁸
1672 4153 2019 4233 Ἐπίσκοπος,

2186 4158 2388 4222 Canon
2422 4175 2481 4219 LI
2531 4165 2871 4218 sanctorum
2919 4157 3322 4238 apostolorum
3362 4178 3373 4212 :
3408 4153 3757 4235 Episcopus,

370 4243 551 4322 φησὶν,
582 4242 620 4311 ἢ
650 4241 1018 4324 πρεσϐύτερος,
1077 4242 1114 4311 ἢ
1172 4240 1331 4305 ἃλλος
1387 4249 1480 4298 τοῦ
1535 4241 1762 4323 κλήρου,
1825 4245 1885 4300 οὗ
1913 4246 2023 4320 μὴν

2120 4247 2318 4326 inquit,
2348 4254 2448 4307 aut
2478 4244 2815 4327 presbyter,
2846 4254 2947 4306 aut
2975 4246 3126 4306 alius
3153 4243 3444 4326 quispiam
3475 4261 3541 4303 ex
3574 4242 3758 4315 clero,

368 4329 435 4387 δι’
512 4329 738 4399 ἄσκησιν
792 4334 882 4389 καὶ
935 4332 1265 4413 ἐγκράτειαν,
1312 4327 1432 4385 ἀλλ’
1490 4332 1564 4394 ὡς
1621 4330 1904 4408 βδελυκτὸν
1966 4332 2024 4382 15

2123 4334 2205 4415 lui
2236 4353 2353 4396 non
2379 4334 2820 4397 exercitationis
2851 4345 2915 4397 et
2955 4333 3338 4396 continentiae
3393 4349 3592 4404 causa,
3654 4330 3760 4393 sed

368 4420 706 4501 ἀπεχόμενος
764 4422 937 4501 γάμου
994 4442 1053 4480 τε
1110 4422 1196 4479 καὶ
1264 4426 1434 4499 κρεῶν
1489 4421 1578 4476 καὶ
1620 4419 1792 4492 οἴνου,
1850 4420 2025 4478 ἐπιλε-

2120 4422 2589 4499 abominationis,
2610 4422 2869 4485 abstinet
2888 4442 2921 4485 a
2944 4422 3344 4498 matrimonio,
3368 4431 3424 4484 et
3456 4419 3759 4493 carnibus,

367 4508 632 4586 λησμένος
691 4509 773 4567 ὅτι
832 4509 987 4590 ἄρσεν
1042 4513 1128 4568 καὶ
1182 4507 1316 4576 θῆλυ
1372 4507 1617 4577 ἐποίησεν
1668 4512 1697 4567 0’
1751 4512 1879 4577 Θεὸς
1932 4514 2025 4569 τὸν

2120 4519 2168 4573 et
2197 4513 2355 4585 vino,
2388 4514 2573 4575 Deum
2610 4512 2835 4574 oblitus
2867 4511 3170 4573 hominem
3196 4510 3408 4572 fecisse
3433 4508 3755 4570 masculum

367 4594 662 4677 ἄνθρωπον,
706 4600 794 4656 καὶ
838 4598 919 4656 ὅτι
984 4600 1156 4657 πάντα
1182 4599 1321 4655 κακὰ
1350 4595 1487 4673 λίαν,
1546 4599 1635 4655 καὶ
1689 4598 2021 4679 βλασφημῶν

2120 4608 2165 4662 3t
2193 4600 2501 4677 feminam,
2560 4610 2738 4682 atque
2795 4601 2995 4663 omnia
3024 4601 3169 4663 facta
3206 4618 3336 4660 esse
3366 4598 3534 4660 valde
3578 4597 3755 4669 bona,

365 4685 634 4744 διαϐάλλει
665 4695 759 4745 τσῦ
809 4695 939 4746 Θεοῦ
992 4688 1094 4756 τὴν
1162 4685 1531 4767 δημιουργίαν,
1590 4686 1627 4756 ἢ
1682 4686 2017 4767 διορθούσθω,

2120 4688 2325 4771 ιυίιιιιθ
2354 4689 2771 4752 maledicendo
2804 4688 3154 4751 criminatur
3176 4688 3478 4769 opiﬁcium
3509 4686 3642 4759 Dei,
3669 4687 3759 4748 vel

365 4774 402 4844 ἢ
447 4778 810 4855 καθαιρείσθω,
862 4780 950 4834 καὶ
1006 4783 1105 4845 τῆς
1161 4773 1509 4849 Ἐκκλησίας,
1562 4777 1635 4841 ὡς
1695 4775 2019 4855 ποῤῥωτάτω

2120 4779 2435 4855 :orrigitor,
2470 4778 2557 4839 vel
2589 4777 2917 4849 abdicator,
2944 4786 3003 4838 et
3029 4778 3101 4839 ab
3126 4776 3391 4838 Ecclesia
3415 4776 3760 4854 longissime

364 4863 612 4945 γενέσθω,
686 4867 760 4930 ὡς
818 4866 1129 4931 ἀπεναντίας
1186 4877 1303 4927 τοῖς
1377 4863 1552 4942 ὀρθοῖς
1610 4865 1807 4932 ταύτης
1867 4866 2017 4922 ἱστά-

2120 4875 2455 4943 'emovetor,
2492 4865 2676 4928 veluti
2702 4866 2800 4949 qui
2831 4866 3012 4928 rectis
3042 4865 3171 4945 ejus
3201 4864 3457 4927 decretis
3487 4865 3762 4925 adverse-

364 4973 524 5029 μενος
566 4951 846 5034 δόγμασιν,
881 4957 939 5015 Εἰ
969 4953 1024 5012 δὲ
1058 4956 1167 5036 οιαὶ
1221 4951 1412 5016 λα’ίκὸς
1456 4962 1622 5012 ταῦτα
1650 4960 1854 5035 φρονῶν
1897 4954 2014 5027 εἴη,

2120 4974 2220 5016 .ur.
2255 4954 2419 5028 Quod
2439 4957 2487 5017 si
2507 4954 2693 5018 laicus
2714 4957 2773 5018 in
2791 4956 2997 5018 cadem
3022 4954 3315 5018 sententia
3336 4953 3432 5028 sit,
3452 4953 3526 5013 ab
3548 4951 3758 5013 Eccle-

1685 5110 1946 5176 VARUE
1986 5113 2425 5179 LECTIONES.

441 5217 496 5263 ﬂ
526 5222 765 5289 ποαώας
797 5225 883 5281 καὶ
911 5224 1090 5293 πάσης
1120 5225 1377 5306 ἀνδρώας.
1464 5222 1518 5269 l3
1546 5219 1867 5301 βδελυκτῶν.
1920 5298 2148 5365 NOTAE

2177 5411 2392 5504 (97)}.
2425 5412 2523 5480 10.
2556 5414 2627 5477 D.
2670 5412 2758 5475 De
2785 5413 2879 5476 his
2908 5413 3017 5494 qui
3048 5418 3173 5477 not.
3207 5409 3459 5491 infam.,
3494 5431 3626 5475 cum
3659 5408 3763 5476 se“

2098 5492 2370 5574 quentib.
2916 5492 2937 5494 ⁷

2184 5571 2288 5652 (98
2346 5572 2597 5637 Novella
2622 5573 2721 5655 22,
2756 5592 2821 5635 ca
2873 5619 2884 5633 .
2918 5572 3029 5647 22.

2179 5571 2319 5733 (99%
2350 5652 2594 5716 Novella
2619 5654 2699 5718 39
2727 5652 2788 5716 in
2821 5593 2961 5730 Exte.

2179 5652 2319 5731 (99)
2350 5652 2594 5716 Novella
2619 5652 2788 5718 39in
2821 5652 2961 5730 ﬁne.

444 5408 568 5571 (93g
599 5409 641 5474 Ι.
675 5409 780 5474 24.
810 5408 883 5475 Ι).
922 5413 1008 5475 De
1034 5415 1138 5478 rit.
1167 5418 1347 5496 nupt.

444 5490 546 5571 (94
595 5489 637 5571 l.
671 5489 731 5551 5.
767 5488 838 5571 ζ).
873 5492 959 5554 De
985 5493 1292 5560 interdici.
1327 5492 1516 5557 matri

442 5488 567 5561 (94)
595 5489 637 5551 l.
671 5489 731 5551 5.
767 5488 838 5553 D.
873 5492 959 5554 De
985 5488 1292 5560 interdici.
1327 5492 1603 5557 matrim.

467 5568 567 5649 95)
600 5569 643 5649 ι.
676 5572 737 5633 7.
768 5569 835 5634 c.
864 5572 999 5637 eod.

438 5570 567 5730 δὲ)
602 5570 643 5632 l.
676 5572 737 5633 7.
768 5570 835 5634 C.
864 5572 999 5637 eod.
1144 5656 1156 5669 .

544 5648 639 5729 )1-
670 5650 772 5717 67.
806 5649 990 5732 §Sed
1017 5659 1077 5719 et
1101 5673 1179 5719 ει.
1215 5656 1289 5720 D.
1323 5652 1459 5718 eod.
