4120 6420
363 407 391 468 1
414 404 532 470 249

1700 396 2388 465 GRECO-ROMANUM
2398 445 2411 458 .

3595 399 3620 454 l
3634 391 3754 457 250

372 562 396 598 σ
445 541 569 619 Περί
622 540 811 617 γάμων
878 559 983 594 των
1065 536 1338 617 κληρικῶν
1406 533 1867 614 ἐπιτετραμμέιων
1924 533 2038 592 καὶ.

2151 528 2239 591 De
2268 529 2508 608 nuptiis
2537 527 2915 591 clericorum
2943 526 3241 590 concessis
3268 533 3325 588 et
3352 524 3694 605 prohibitis.

954 624 1336 702 κεκωλνμένων
1347 672 1361 687 ,
1398 647 1426 679 n

453 711 509 777 (Ο
562 720 670 774 τῶν
725 717 890 796 ἁγίων
961 714 1274 773 ἀποστόλων
1321 714 1558 778 εἰκοστὸς
1613 712 1763 777 ἕκτος
1818 712 2015 786 κανὼν,

369 809 458 865 καὶ
486 809 515 865 6
543 805 695 872 ἕκτος
749 809 846 874 τῆς
891 804 1053 873 ἕκτης
1109 800 1344 883 συνόδου,
1377 803 1464 858 καὶ
1492 804 1521 858 6
1567 804 1665 869 τῆς
1722 801 1776 857 ἐν
1809 802 2015 878 Καρθα-

370 918 527 975 γενῃ,
561 896 643 970 ις’
652 884 685 976 ’,
717 908 833 956 τοῖς
889 902 967 970 τῷ
1033 892 1218 973 κλήρῳ
1258 890 1708 970 κατειλεγμένοις,
1766 890 1854 946 καὶ
1884 888 2018 944 ἀνα-

373 986 615 1067 γνώστας
645 982 721 1040 ἔτι
750 985 838 1041 καὶ
876 981 1082 1060 ψάλτας
1132 981 1364 1057 τελοῦσι,
1418 981 1657 1056 νομίμως
1686 984 2020 1058 συγχωροῦσι

373 1087 593 1154 γαμεῖν.
640 1073 787 1128 Μετά
815 1071 871 1128 δέ
922 1092 983 1149 γε
1036 1072 1099 1127 τὸ
1140 1071 1213 1134 εἷς
1263 1070 1461 1145 βαθμὸν
1504 1071 1839 1148 προαχθῆναι
1883 1068 2019 1122 ὑπο-

371 1162 615 1222 διακόνου
677 1162 714 1230 ἢ
776 1159 1039 1240 διακόνου,
1098 1158 1134 1226 ἢ
1190 1154 1558 1237 πρεσϐυτέρου,
1617 1159 1711 1215 οὒκ
1746 1156 1843 1213 ἔτι.
1905 1160 2023 1214 Τῶν

375 1253 475 1331 γὰρ
516 1252 815 1328 ἱερωμένων
862 1249 981 1312 τοὺς
1024 1248 1155 1327 πρὸς
1201 1246 1374 1325 γάμον
1441 1244 1775 1309 ἐκκλίνοντας
1830 1248 2019 1301 καθαι-

376 1350 550 1421 ροῦσιν
607 1340 751 1404 εὐθύς
839 1339 937 1397 Καὶ
1006 1340 1035 1394 6
1115 1342 1323 1416 πρῶτος
1384 1336 1483 1413 γὰρ
1538 1341 1637 1403 τῆς
1722 1346 2021 1421 Νεοκαισα-

377 1420 510 1510 ρείᾳ,
568 1431 658 1486 τὸν
713 1426 865 1495 δῆθεν
895 1426 1132 1502 νομίμως
1184 1426 1390 1503 γυναικὶ
1432 1423 1750 1506 συναφθέντα
1774 1502 1783 1510 _
1805 1420 2025 1502 πρεσϐύ-

376 1502 523 1600 τερον
552 1520 650 1586 τῆς
678 1516 963 1597 ἱερωσύνης
1004 1502 1328 1592 ἀπογυμνοτ.
1369 1511 1439 1570 Οἵ
1489 1511 1545 1569 δὲ
1573 1502 1671 1581 τῆς
1701 1502 1783 1587 ς’
1812 1510 2026 1600 συνόδου

376 1599 511 1666 θεῖοι
546 1605 772 1684 Πατέρες
802 1601 1182 1684 ἀνατρέποντες
1223 1602 1284 1658 τὸ
1304 1604 1361 1657 ἐν
1407 1606 1475 1678 τῇ
1522 1609 1757 1658 Λατινων
1789 1599 2025 1667 Ἐκκλη-

378 1699 463 1770 atq
488 1695 755 1775 κρατῆσαν
811 1692 948 1771 ἔθος,
1002 1692 1063 1747 τὸ
1117 1691 1238 1755 τοὺς
1309 1689 1807 1770 χειροτονουμένους
1861 1688 2031 1767 ἱερέας

376 1808 435 1843 τε
475 1786 565 1841 καὶ
593 1781 865 1845 διακόνοτς
905 1780 1106 1842 πίστεις
1136 1778 1389 1858 πρότερον
1444 1775 1662 1857 διδόναι,
1713 1777 1748 1845 ἧ
1798 1778 1907 1853 μὴν
1947 1797 2033 1833 τε-

2182 705 2380 769 Canon
2435 721 2569 768 xxv!
2615 713 2961 768 sanctorum
2997 702 3427 785 apostolorum,
3462 712 3522 767 et
3549 711 3749 767 sextus

2101 793 2313 874 synodi
2337 805 2540 869 sextae,
2567 802 2625 856 et
2648 810 2744 855 xvt
2774 792 3013 856 concilii
3045 791 3573 870 Carthaginiensis,
3609 811 3747 874 per-

2102 883 2342 944 mittunt
2367 883 2462 958 iis,
2488 882 2590 964 qui
2607 883 2769 944 clero
2781 881 3178 952 continentur,
3203 889 3261 943 et
3280 880 3476 943 adhuc
3496 881 3750 945 lectores

2103 979 2161 1033 et
2190 979 2465 1033 cantores
2498 980 2657 1044 sunt,
2694 978 2758 1031 ut
2781 969 3076 1049 legitimas
3107 968 3343 1050 nuptias
3371 972 3748 1034 contrahant.

2102 1058 2324 1122 Verum
2358 1079 2474 1121 non
2532 1058 2812 1140 amplius,
2873 1067 3179 1140 postquam
3235 1059 3498 1139 provecti
3528 1059 3751 1122 fuerint

2103 1148 2175 1210 ad
2198 1149 2447 1229 gradum
2463 1147 2837 1222 subdiaconi,
2856 1145 3225 1224 veldiaconi,
3257 1147 3348 1208 vel
3380 1148 3746 1229 presbyteri.

2103 1236 2250 1300 Nam
2273 1239 2534 1301 initiatos
2559 1236 2920 1313 sacerdotio,
2948 1237 3048 1316 qui
3071 1235 3144 1297 ad
3170 1236 3611 1300 matrimonium
3636 1239 3747 1302 de-

2106 1327 2371 1403 flectunt,
2392 1327 2586 1389 statim
2610 1325 2908 1389 abdicant.
2939 1324 3126 1387 Etiam
3151 1326 3378 1407 primus
3403 1345 3590 1389 canon
3614 1346 3751 1392 con-

2107 1415 2232 1477 cilii
2286 1414 2787 1478 Neoczesariensis
2839 1413 3274 1495 presbyterum,
3334 1415 3434 1496 qui
3491 1416 3754 1495 legitime

2109 1506 2421 1583 copulatus
2451 1504 2621 1566 uxori
2655 1503 2856 1579 fuerit,
2901 1504 3240 1566 sacerdmio
3289 1504 3476 1568 exuit.
3531 1504 3753 1568 Verum

2110 1593 2262 1656 sexti
2291 1593 2527 1655 concilii
2573 1593 2757 1654 divini
2816 1595 3015 1653 Patres
3071 1611 3201 1653 eam
3260 1594 3752 1656 consuetudinem

2112 1681 2442 1764 abolentes,
2466 1701 2596 1763 qum
2618 1682 2677 1742 in
2694 1680 2959 1743 Ecclesia
2982 1680 3323 1743 Latinorum
3362 1682 3630 1759 invaluit,
3662 1685 3751 1745 vi-

2114 1770 2427 1833 delicetut
2455 1771 2796 1832 sacerdotes
2852 1776 2912 1831 et
2961 1768 3219 1844 diaconi,
3253 1770 3354 1850 qui
3381 1771 3750 1851 ordinantur,

380 1872 514 1937 λέως
561 1872 695 1943 μετά
745 1870 843 1937 τὴν
884 1857 1212 1948 χειροτονίαν
1259 1864 1530 1946 ἀφέξεσθαι
1576 1872 1681 1923 τῶν
1742 1867 1843 1945 πρὸ
1896 1865 2030 1940 ταύ-

2123 1857 2279 1937 prius
2311 1860 2486 1921 ﬁdem
2518 1858 2868 1948 dent,iquod
2891 1858 3135 1948 omnino
3157 1866 3289 1939 post
3316 1859 3750 1924 ordinationem

382 1985 481 2031 της
512 1962 749 2037 νομίμως
798 1947 1184 2037 σνζευχθεισῶν
1232 1956 1416 2021 αὸτοτς
1471 1962 1732 2034 γυναικῶν
1765 1973 1780 1985 ·
1817 1947 2028 2031 Ἠμετς,

383 2054 530 2134 φασὶ,
583 2051 672 2106 καὶ
724 2048 859 2124 μετά
925 2047 1025 2114 τὴν
1087 2045 1416 2125 χειροτονίαν
1466 2043 1716 2123 ἐῤῥῶσθαι
1770 2045 1835 2101 τὰ
1865 2066 2034 2101 συνοι-

381 2131 532 2199 iam
588 2136 885 2216 βουλόμεθα
953 2135 1061 2192 τῶν
1105 2132 1261 2198 ἀξίως
1302 2138 1402 2201 τῆς
1447 2134 1732 2212 ἱερωσύνης
1792 2131 2029 2207 ἠξιωμέ..

382 2254 508 2308 νων,
540 2228 634 2284 ἵνα
678 2227 756 2302 μὴ
784 2226 877 2282 τὸν
906 2222 1258 2300 εὖλογηθέντα
1310 2229 1380 2299 τῇ
1422 2229 1514 2279 τοῦ
1563 2223 1749 2299 Κυρίου
1777 2222 2032 2300 παρουσίᾳ

381 2319 552 2397 γάμον
609 2314 857 2390 λάτωμεν
909 2311 1224 2391 ὑϐρίζοντες,
1282 2313 1369 2367 καὶ
1423 2310 1641 2391 προσέτι
1690 2311 2034 2390 ἀποφηναμέ-

384 2432 498 2481 νου,
530 2407 563 2461 ἃ
623 2407 651 2461 6
709 2405 838 2467 Θεὸς
894 2398 1207 2473 συνέζευξεν,
1268 2397 1537 2473 ἅνθρωπος
1594 2400 1671 2475 μὴ
1729 2399 2025 2480 χῶριζέτω.

389 2496 486 2554 Καὶ
514 2496 621 2571 μὴν
664 2494 750 2549 καὶ
792 2491 826 2549 6'
874 2488 1201 2552 ’Δπόστολος
1244 2488 1418 2564 τίμιον
1450 2489 1592 2546 εἶναι
1635 2487 1779 2567 λέγει
1807 2491 1896 2544 τὸν
1924 2488 2030 2566 γά-

385 2607 504 2658 μον,
550 2584 639 2639 καὶ
691 2581 789 2648 τὴν
843 2579 1027 2646 κοίτην
1070 2577 1344 2653 ἀμίαντον,
1422 2579 1520 2635 Καὶ
1574 2575 1731 2633 πάλιν
1767 2595 1781 2611 ⁸
1819 2575 2032 2634 Δέδεσαι

386 2656 627 2751 γυναικὶ,
692 2669 770 2745 μὴ
829 2669 975 2739 ζήτει
1020 2664 1189 2728 λύσιν.
1253 2656 1311 2723 (Ο
1359 2667 1524 2723 τοίνυν
1578 2665 1884 2745 ἀποστερῶν
1927 2664 2037 2723 διὰ·

382 2783 558 2832 κονον,
606 2757 641 2827 ἦ
667 2754 1036 2827 ὕποδιάκονον,
1068 2753 1103 2821 ἧ
1160 2752 1527 2835 πρεσϐύτερον,
1588 2758 1687 2822 τῆς
1747 2756 1878 2834 πρὸς
1935 2756 2033 2823 τὴν

385 2851 612 2926 νόμιμον
686 2859 914 2926 γυναῖκα
990 2845 1267 2924 συναφείας
1300 2889 1318 2919 ,
1388 2844 1751 2922 καθαιρείσθω.
1848 2844 2033 2908 Ἐκτὸς

385 2937 678 3018 ὡρισμένου
733 2933 798 3004 δή
858 2956 999 2997 τινος
1081 2937 1287 3011 καιροῦ,
1360 2929 1448 2986 ὅτε
1526 2935 1910 3012 μεταχειρίζειν
1969 2935 2035 2991 τὰ

2114 1948 2413 2010 abstinere
2442 1949 2622 2010 velint
2652 1947 2725 2009 ab
2760 1947 3066 2025 uxoribus,
3099 1965 3230 2027 quae
3255 1955 3390 2009 ante
3422 1948 3751 2012 ordinatio-

2115 2055 2251 2097 nem
2286 2056 2419 2099 cum
2453 2036 2542 2099 eis
2571 2038 2859 2117 copulatae
2914 2038 3133 2098 fuerint
3165 2056 3179 2096 :
3242 2038 3384 2111 Nos,
3448 2037 3747 2119 inquiunt,

2111 2125 2288 2187 etiam
2317 2136 2448 2207 post
2477 2126 2911 2188 ordinationem
2964 2142 3206 2187 manere
3260 2125 3431 2187 ﬁrma
3485 2127 3755 2190 volumus

2113 2232 2318 2276 eorum
2353 2214 2748 2290 matrimonia,
2783 2214 2884 2296 qui
2907 2214 3084 2293 digne
3112 2213 3510 2275 sacerdotium
3538 2235 3754 2277 conse-

2114 2305 2235 2366 cuti
2263 2315 2421 2375 sunt,
2444 2323 2518 2366 ne
2564 2304 2906 2367 benedictae
2929 2303 3166 2365 Domini
3190 2304 3502 2384 praesentia
3518 2306 3757 2386 nuptias

2113 2395 2472 2457 contumelia
2501 2395 2833 2461 clanculum
2875 2393 3248 2473 afﬁciamus;
3302 2394 3404 2473 qui
3464 2407 3757 2475 praeterea

2114 2483 2529 2565 pronuntiavit,
2566 2482 2865 2545 hominem
2893 2499 3172 2562 separare
3202 2500 3322 2543 non
3351 2482 3572 2544 debere
3623 2502 3755 2564 quae.

2116 2575 2275 2636 Dens
2296 2573 2553 2652 conjunx
2566 2575 2696 2636 erit.
2721 2571 3054 2644 Quinetiam
3071 2571 3384 2650 Apostolus
3407 2571 3757 2635 honorabile

2117 2661 2262 2725 dicit
2283 2681 2416 2724 esse
2441 2661 2909 2735 matrimonium,
2940 2660 3228 2723 etlectum
3251 2660 3650 2739 impollulum.
3675 2668 3760 2726 Ac

2113 2769 2374 2827 rursum,
2399 2750 2684 2828 Alligatus
2709 2769 2774 2813 es
2795 2748 3085 2812 mulieri?
3108 2749 3459 2810 solutionem
3494 2768 3571 2811 ne
3597 2770 3760 2831 quie-

2115 2840 2254 2902 rito.
2280 2838 2676 2913 Quamobrem
2704 2839 2804 2920 qui
2826 2840 3167 2909 diaconum,
3193 2838 3283 2900 vel
3304 2837 3758 2915 subdiaconum,

2115 2930 2206 2991 vel
2237 2930 2642 3011 presbyterum
2665 2929 3083 3009 conjunctione
3125 2947 3259 2990 cum
3297 2947 3478 2990 uxore
3504 2928 3765 3008 legitima

384 3017 509 3105 ἅγία
551 3023 796 3103 μέλλοιεν
828 3043 841 3056 ’
886 3022 981 3078 ’ίνα
1031 3022 1246 3099 καθαροὶ
1290 3027 1369 3095 τῷ
1422 3024 1633 3099 καθαρῷ
1702 3023 2030 3102 προσιόντες,

2123 3020 2328 3100 privat,
2356 3018 2688 3098 deponitur.
2715 3018 2971 3098 Excepto
2995 3024 3190 3079 tamen
3238 3017 3484 3079 definito
3507 3018 3763 3099 quodam

386 3121 494 3172 τῶν
555 3113 862 3190 αἰτημᾶτων
910 3110 990 3187 μὴ
1033 3107 1388 3187 διαμάρτοιεν.
1449 3107 1616 3167 Ἀλλὰ
1657 3111 1747 3167 καί
1801 3133 1905 3168 τισι
1934 3117 2041 3168 τῶν

386 3204 506 3284 περὶ
534 3202 636 3270 τὴν
663 3202 881 3261 Νίκαιαν
942 3198 1041 3265 τὴν
1105 3196 1328 3276 ωρώτην
1371 3197 1782 3273 συστησαμένων
1830 3198 2041 3258 σύνοδον

387 3292 555 3350 ἐδόκει
610 3295 801 3367 μῶμον
869 3288 1192 3365 ἐπεισάγειν,
1284 3284 1627 3360 ἐπισκόπους,
1677 3289 1766 3345 καὶ
1820 3286 2042 3369 πρεσϐυ-

388 3382 597 3459 τέρους,
641 3377 911 3441 διακόνους
967 3398 1027 3433 τε
1057 3375 1146 3433 καὶ
1190 3373 1564 3440 ὑποδιακόνους
1615 3377 1693 3452 μὴ
1749 3380 2039 3458 συγκαθεύ..

392 3473 498 3530 δειν
529 3470 669 3534 ὅλως
711 3481 833 3533 ταῖς
863 3480 1152 3547 γαμεταῖς,
1185 3467 1248 3531 ἃς
1312 3468 1474 3545 πρινή
1516 3469 1748 3546 ἱερᾶσθαι
1805 3471 2042 3545 νομίμως

389 3564 685 3643 ἠγάγοντο.
719 3551 777 3618 ιΟ
834 3559 1014 3636 μέντοι
1072 3559 1416 3637 Παφνούτιος,
1470 3564 1589 3633 μιᾶ,
1638 3564 1744 3615 τῶν
1772 3561 1908 3618 κατά
1946 3562 2042 3625 τὰς

389 3650 568 3723 Θήϐας
617 3648 825 3707 πολεων
896 3647 1183 3711 ἐπίσκοπος
1264 3647 1363 3727 ὣν,
1426 3646 1561 3727 ἀνὴρ
1620 3647 1681 3704 ἐκ
1728 3646 1910 3712 πνιδὸς
1988 3650 2042 3707 ἐν

394 3739 706 3819 ἀσκητηρίῳ
798 3736 1180 3817 τεθραμμένος,
1274 3736 1363 3792 καὶ
1458 3741 1630 3792 πᾶσαν
1700 3741 2049 3817 κατορθωκὼς

396 3834 615 3913 ἀρετὴν,
647 3831 742 3889 ἀπὶ
771 3828 1081 3910 σωφροσύνῃ
1137 3826 1194 3884 δὲ
1249 3827 1338 3884 καὶ
1382 3826 1615 3903 μάλιστα
1668 3830 1903 3909 γεγονὼς
1944 3852 2049 3889 πε-

395 3920 671 4002 ριϐόητος,
704 3922 763 3980 οὒ
819 3919 929 3995 μὴν
982 3915 1120 3974 ἀλλὰ
1175 3917 1262 3973 καὶ
1329 3924 1407 3991 τῷ
1447 3920 1545 3986 τῆς
1603 3917 1890 3998 ὁμολογίας
1921 3942 2049 3979 στε-

392 4011 544 4092 φάνῳ
589 4006 993 4084 κεκοσμημένος
1053 4005 1261 4086 (ἅτερος
1316 4006 1417 4086 γὰρ
1472 4007 1614 4082 αὐτῷ
1685 4011 1791 4064 τῶν
1847 4009 2049 4090 ὀφθαλ..

446 4105 473 4115 η
542 4097 571 4156 δ
594 4096 610 4119 ν
703 4099 716 4121 ν
772 4094 821 4153 ’ϐ
1002 4092 1056 4161 ἐξ
1160 4095 1172 4116 Ι
1461 4094 1474 4112 ο
1910 4098 1938 4120 fl
2026 4122 2047 4135 ο

394 4120 514 4176 μων
574 4122 591 4155 ι
670 4118 787 4155 ευσε
823 4117 938 4152 ειαν
1060 4096 1391 4175 ωρωρυκτο),
1450 4108 1668 4153 αντεϊπε
1710 4109 1828 4162 τοϊς
1881 4121 2045 4162 ουτω..

396 4187 585 4270 ’έχουσι
630 4187 873 4266 γνώμης,
936 4184 1109 4259 τίμιόν
1157 4205 1215 4240 τε
1256 4184 1346 4240 τὸν
1392 4184 1563 4263 γάμον
1611 4184 1916 4267 ἀποκαλῶν,
1960 4181 2047 4245 καὶ

400 4275 745 4359 σωφροσύνην
807 4275 906 4342 τὴν
961 4275 1093 4353 πρὸς
1150 4274 1245 4336 τὰς
1301 4270 1433 4338 ἰδίας
1508 4278 1742 4351 γαμετὰς
1811 4274 2045 4351 ὁμιλίαν.

2124 3116 2414 3189 tempore,
2448 3127 2584 3170 cum
2613 3127 2780 3169 sacra
2808 3114 2946 3170 sunt
2978 3106 3320 3168 tractaturi:
3384 3114 3447 3168 ut
3487 3107 3617 3187 puri
3648 3126 3762 3188 pu-

2122 3213 2255 3257 rum
2273 3196 2580 3277 adeuntes,
2618 3214 2828 3276 preces
2854 3214 2990 3257 suas
3020 3194 3348 3257 obtineant.
3380 3195 3575 3258 Etiam
3608 3215 3766 3258 non-

2123 3285 2301 3347 nullis
2324 3285 2664 3366 eorum,qui
2684 3285 2842 3366 apud
2852 3282 3106 3347 Nicaeam
3119 3283 3374 3364 primum
3390 3283 3773 3346 celebrabant

2123 3374 2468 3448 concilium,
2506 3373 2814 3437 videbatur
2841 3374 3237 3436 invehendam
3254 3391 3382 3434 rem
3413 3372 3770 3454 vituperabi-

2122 3461 2266 3538 lem,
2301 3471 2364 3524 ut
2392 3461 2679 3543 episcopi,
2706 3472 2765 3525 et
2794 3461 3145 3543 presbyteri,
3176 3469 3234 3524 et
3256 3460 3511 3538 diaconi,
3538 3470 3596 3523 et
3624 3461 3771 3524 sub-

2123 3550 2382 3624 diaconi,
2408 3571 2544 3613 cum
2569 3551 2856 3615 uxoribus
2903 3551 3027 3613 suis
3051 3550 3293 3613 omnino
3317 3570 3437 3631 non
3461 3550 3768 3631 cubarent,

2122 3658 2270 3721 quas
2300 3640 2462 3721 prius
2491 3642 2820 3717 duxissent,
2855 3659 3030 3722 quam
3074 3638 3423 3702 sacerdotiis
3450 3640 3764 3703 initiaren-

2133 3736 2253 3791 tur.
2287 3731 2503 3792 Verum
2560 3731 2949 3811 Paphnutius,
3011 3729 3185 3792 unius
3237 3729 3312 3790 ad
3367 3728 3606 3792 Thebas
3638 3730 3767 3792 sitae

2132 3817 2382 3881 civitatis
2411 3819 2748 3901 episcopus,
2782 3820 2883 3901 qui
2911 3822 2999 3882 vir
3027 3840 3062 3881 a
3097 3836 3281 3900 puero
3320 3819 3603 3882 educatus
3649 3828 3778 3883 erat

2130 3907 2194 3970 in
2221 3909 2350 3971 loco
2382 3908 2495 3989 piis
2523 3909 2821 3972 exercitiis
2849 3910 3089 3984 dictato,
3147 3917 3204 3971 et
3232 3926 3471 3971 omnem
3501 3908 3775 3971 virtutem

2133 3998 2396 4078 perfecte
2426 3999 2714 4076 coluerat,
2749 4018 2819 4061 ac
2865 3999 2926 4060 in
2982 3998 3191 4079 primis
3224 3998 3466 4060 nomine
3495 3997 3780 4061 castitatis

2131 4086 2586 4161 celebrabatur;
2639 4088 2760 4149 imo
2789 4088 2890 4169 qui
2920 4086 3313 4150 confessionis
3346 4086 3525 4149 etiam
3558 4104 3781 4149 corona

2129 4176 2323 4239 fuerat
2345 4186 2607 4254 ornatus,
2633 4177 2790 4259 quod
2811 4178 2962 4240 alter
2981 4178 3188 4240 oculus
3227 4176 3283 4240 ei
3310 4186 3552 4258 propter
3582 4177 3777 4257 pieta-

2131 4273 2249 4327 tem
2282 4266 2535 4329 eﬂ‘ossus
2564 4275 2722 4329 esset
2755 4289 2771 4341 ;
2824 4268 2975 4330 hanc
3008 4266 3362 4330 sententiam
3395 4265 3781 4346 probantibus

397 4354 778 4422 Συνεϐούλευσέ
812 4385 871 4420 τε
931 4367 1001 4440 τῇ
1043 4360 1265 4437 συνόδῳ,
1321 4362 1400 4439 μὴ
1442 4369 1679 4420 τοιοῦτον
1740 4363 1914 4421 θέσθαι
1958 4365 2038 4421 νό-

2138 4355 2512 4431 contradixit,
2548 4374 2683 4417 cum
2714 4355 3094 4420 honorabiles
3123 4374 3254 4418 esse
3271 4355 3500 4417 diceret
3519 4354 3778 4436 nuptias,

400 4478 525 4532 μον,
559 4452 814 4534 δυσχερὲς
841 4452 983 4509 εἶναι
1040 4464 1158 4516 τοῖς
1205 4450 1260 4507 ἐν
1301 4452 1503 4534 ’κόσμῳ
1541 4451 1775 4533 διάγουσι
1819 4455 1881 4511 τὸ
1911 4460 2055 4534 πρᾶ-

400 4524 521 4623 γμα
785 4540 1231 4620 ἀποφαινόμενος.
1477 4524 1604 4621 -γᾶρ
1639 4524 1747 4598 ⁷τοῦ
1802 4542 1927 4621 τόγε
1955 4524 2058 4600 ’καὶ

401 4633 591 4697 αὐτοῖς
620 4646 744 4698 ταῖς
798 4630 998 4689 τούτων
1042 4643 1307 4709 γαμεταῖς
1360 4639 1453 4689 τοῦ
1506 4633 1584 4706 μὴ
1644 4645 1937 4711 σωφρονεῖν
1966 4633 2055 4688 αἰ-

403 4723 489 4779 τία
540 4722 825 4801 γενήσεται
857 4718 936 4777 Π.
986 4720 1134 4777 Κατὰ
1175 4717 1230 4774 δὲ
1274 4719 1375 4786 τὴν
1413 4719 1641 4799 ἀρχαίαν
1689 4725 1786 4788 τῆς
1818 4718 2054 4789 Ἐκκλη-

348 4846 353 4853 -
404 4813 520 4878 σίας
576 4808 887 4890 παράδοσιν,
960 4809 1080 4872 τοὺς
1152 4808 1249 4884 μὲν
1308 4808 1544 4887 ἀγάμους
1624 4817 1717 4868 τοῦ
1795 4813 2057 4891 ἱερατικοῦ

401 4901 680 4979 τάγματος
749 4897 1200 4976 κοινωνήσαντας,
1275 4897 1471 4973 μηκέτι
1529 4913 1726 4978 γαμεῖν
1760 4916 1773 4929 ⁸
1827 4901 1946 4966 τοὺς
2002 4900 2057 4957 δὲ

402 4990 539 5066 μετά
592 4991 685 5049 τὸν
740 4988 911 5066 γάμον
971 4987 1044 5051 εἰς
1099 4986 1384 5065 ἱερωσύνην
1453 4984 1916 5067 προϐιϐασθέντας,
1977 4992 2051 5047 ὧν

402 5077 592 5158 ἔχουσι
666 5081 914 5156 γαμετῶν
958 5075 1036 5151 μὴ
1094 5074 1433 5155 χωρίζεσθαι,
1497 5078 1596 5135 Καὶ
1649 5085 1812 5135 ταῦτα
1870 5079 1968 5154 μὲν
2029 5081 2058 5135 6

401 5165 758 5247 Παφνούτιος,
810 5164 996 5242 καίπερ
1059 5164 1230 5241 γάμου
1286 5162 1501 5245 ἄπειρος
1543 5164 1638 5229 ὤν,
1694 5164 1956 5245 Ἐπῄνεσε
2002 5164 2059 5224 δὲ

403 5256 504 5323 τὴν
560 5260 652 5312 τοῦ
708 5253 982 5311 θεσπεσίου
1042 5249 1225 5332 ἀνδρὸς
1268 5253 1546 5332 εἰσήγησιν
1599 5257 1688 5312 καὶ
1749 5257 1785 5324 ἡ
1816 5254 2055 5332 σύνοδος,

404 5344 496 5400 καὶ
550 5341 698 5404 οὐδὲν
739 5344 859 5415 περὶ
913 5341 1099 5398 τούτου
1145 5341 1580 5426 νενομοθέτηκεν,
1625 5344 1763 5405 ἀλλὰ
1802 5350 1871 5423 τῇ
1927 5345 2057 5402 ἑκά..

401 5453 529 5491 στου
555 5431 747 5513 γνώμῃ
781 5433 845 5488 τὸ
877 5437 1122 5511 πρᾶγμα,
1180 5432 1268 5490 καὶ
1304 5432 1399 5491 οὐκ
1440 5432 1649 5512 ἀνάγκη
1696 5433 1871 5492 θέσθαι
1900 5436 2053 5492 νενό-

2142 4451 2202 4507 et
2221 4443 2715 4507 consuetudinem
2736 4464 2868 4507 cum
2893 4445 3178 4509 uxoribus
3190 4444 3516 4526 appellaret
3541 4443 3780 4505 castita-

2139 4541 2282 4596 tem.
2316 4533 2603 4614 Adeoque
2626 4535 2848 4616 synodo
2871 4544 3080 4598 auctor
3118 4542 3268 4617 erat,
3298 4552 3374 4594 ne
3407 4537 3595 4613 legem
3630 4534 3784 4595 hanc

2141 4623 2618 4702 promulgarent:
2655 4624 2811 4704 quod
2841 4625 2995 4687 hanc
3022 4643 3148 4687 rem
3173 4624 3232 4685 in
3264 4623 3484 4686 mundo
3507 4620 3783 4699 degenti-

2138 4710 2250 4772 bus
2281 4711 2531 4774 toleratu
2561 4712 2861 4775 dilﬁcilem
2893 4714 3141 4777 diceret.
3195 4712 3341 4776 Nam
3373 4711 3641 4775 fortassis
3669 4711 3785 4773 hoc

2141 4800 2443 4883 tamipsis,
2467 4819 2647 4882 quam
2668 4804 2934 4883 ipsorum
2985 4803 3287 4873 uxoribus,
3320 4820 3555 4866 causam
3589 4800 3787 4862 minus

2139 4882 2300 4953 caste
2322 4891 2562 4954 vivendi
2585 4882 2993 4973 praebiturum.
3008 4892 3091 4953 Ex
3110 4894 3301 4973 prisca
3323 4889 3560 4972 quidem
3585 4888 3788 4951 Eccle-

2140 4978 2244 5042 size
2286 4978 2628 5059 traditione,
2662 4990 2950 5066 quotquot
2997 4990 3272 5063 expertes
3294 4978 3658 5042 matrimonii
3687 4997 3785 5040 sa—

2140 5067 2503 5132 cerdotalem
2532 5070 2594 5132 in
2623 5071 2898 5134 ordinem
2923 5070 3181 5153 coaptati
3201 5070 3475 5150 fuissent,
3508 5086 3627 5130 non
3655 5086 3788 5129 am-

2140 5156 2296 5238 plius
2326 5177 2542 5222 uxores
2569 5161 2839 5225 ducere:
2898 5158 3001 5243 qui
3055 5178 3196 5223 vero
3256 5166 3389 5239 post
3417 5164 3791 5220 contractum

2140 5245 2584 5312 matrimonium
2608 5250 2797 5314 evecti
2820 5257 3020 5313 essent
3034 5249 3108 5312 ad
3131 5246 3557 5322 sacerdotium,
3584 5263 3688 5309 eos
3715 5244 3791 5308 ab

2138 5336 2446 5416 uxoribus,
2473 5357 2620 5420 quas
2639 5338 2923 5416 habeant,
2944 5357 3063 5401 non
3085 5337 3374 5420 separari.
3399 5334 3473 5397 Et
3499 5335 3627 5397 haec
3656 5333 3793 5416 qui-

2137 5425 2637 5511 demPapbnutius
2649 5446 2989 5513 quanquam
3003 5428 3133 5510 ipse
3143 5423 3570 5490 manitrimonii
3582 5441 3795 5506 expers

1731 5608 1998 5675 VARLE
2044 5604 2477 5674 LECTIONES.

490 5715 543 5758 Π
575 5717 916 5797 γενήσεσθαι.
