4120 6412
365 394 513 458 1951

1731 391 1763 453 J
1770 389 1865 453 US
1905 386 2352 452 CANONICUM

3579 384 3739 450 1252

359 531 540 585 esset.
571 519 933 585 Collaudavit
957 519 1284 582 orationem
1315 517 1577 580 hominis
1607 517 1787 583 divini
1823 537 1975 600 syno‘

2088 541 2264 595 μικεν,
2299 520 2450 579 Οὕτω
2475 519 2722 602 θεοφιλὴς
2781 523 2809 577 ὁ
2852 522 3175 601 Παφνούτιος
3217 522 3366 584 οὗτος
3407 520 3499 593 ἦν,
3544 521 3617 585 ὡς
3649 524 3740 576 καὶ

357 611 490 686 dus,
522 629 713 690 neque
731 610 804 670 de
825 609 938 671 hoc
954 609 1274 690 quidquam
1298 607 1707 688 promulgavit,
1733 607 1839 671 sed
1869 627 1996 670 rem

355 699 599 762 arbitrio
631 699 888 778 cujusvis
938 696 1448 776 committendam,
1503 716 1621 758 non
1673 697 1997 778 coactioni,

354 789 573 850 statuit.
597 787 766 850 Adeo
791 805 926 848 vero
957 785 1276 864 religiosus
1320 795 1445 846 erat
1467 785 1578 846 iste
1603 785 1998 868 Paphnutius,

353 885 417 938 ut
444 877 618 937 etiam
649 873 994 936 admiranda
1016 875 1280 954 quaedam
1309 872 1576 953 prodigia
1603 891 1708 952 per
1728 892 1860 934 eum
1890 873 1991 934 fie-

2084 623 2289 684 σημεῖα
2341 610 2618 685 Θαυμαστὰ
2668 605 2756 665 ὑπ’
2813 608 2971 666 αὖτοῦ
3021 609 3272 688 γίνεσθαι.
3329 607 3534 689 Σφόδρα
3604 606 3658 664 δὲ
3711 611 3740 664 ὁ

2082 697 2328 774 βασιλεὺς
2400 708 2800 763 Κωνσταντῖνος
2871 696 3023 772 ἐτίμα
3088 699 3180 755 τὸν
3226 695 3408 777 ἄνδρα,
3451 699 3539 754 καὶ
3609 719 3725 756 συν-

2085 792 2231 868 εχῶς
2265 787 2350 843 ἐπὶ
2413 789 2480 844 τὰ
2533 786 2773 864 βασίλεια
2829 786 3221 862 μετεπέμπετο,
3269 787 3356 842 καὶ
3399 787 3492 843 τὸν
3540 782 3736 864 ἐξορω-

2086 876 2338 954 ρυγμένον
2369 875 2638 956 ὀφθαλμὸν
2669 875 2960 955 κατεφίλει.

349 973 504 1026 rent.
536 963 606 1025 Et
637 963 1056 1026 Constantinus
1087 962 1415 1042 imperator
1445 961 1750 1024 hominem
1787 981 2002 1039 magno
2033 963 2290 1027 habebat
2321 963 2384 1027 in
2413 963 2626 1046 pretio,
2663 971 2723 1026 et
2751 963 3097 1045 frequenter
3125 962 3196 1024 ad
3229 963 3425 1024 aulam
3459 980 3734 1026 arcesse-

351 1053 471 1129 bat,
508 1062 861 1134 erutumque
891 1052 1125 1114 oculum
1160 1050 1634 1113 exosculabatur.

429 1143 716 1205 Caeterum
766 1143 970 1224 synodi
1029 1142 1350 1221 Ancyranw
1391 1140 1601 1201 canoni
1639 1140 1992 1202 duodecimo

347 1251 464 1294 non
496 1231 943 1304 attendendum,
979 1229 1081 1311 qui
1113 1247 1286 1308 posse
1318 1228 1462 1289 dicit
1509 1228 1823 1290 diaconum
1859 1250 1991 1290 uxo-

347 1339 473 1384 rem
507 1321 726 1383 ducere
753 1321 928 1381 etiam
964 1327 1094 1399 post
1122 1317 1582 1394 ordinationem,
1611 1317 1872 1397 episeopi
1902 1320 1990 1379 sui

345 1411 662 1491 permissu.
698 1408 926 1490 Quippe
980 1407 1216 1475 Leonis,
1273 1407 1629 1486 coquomine
1663 1405 1983 1486 Sapientis,

342 1497 581 1561 Novella
610 1498 753 1560 dicit
796 1499 905 1578 (1),
965 1495 1202 1558 tametsi
1254 1514 1323 1556 ex
1381 1495 1816 1557 consuetudine
1871 1516 1988 1557 non

341 1589 562 1668 scripta
585 1586 821 1648 licuerit
849 1583 1260 1647 sacerdotibus
1284 1584 1434 1645 intra
1465 1585 1823 1647 decennium
1856 1588 1899 1662 (l
1917 1587 1984 1666 '),

343 1684 474 1758 post
496 1675 927 1737 ordinationem
951 1673 1438 1753 computandum,
1465 1674 1756 1751 legitimas
1777 1693 1990 1737 uxores

2159 1150 2244 1217 Τῷ
2302 1141 2583 1219 δωδεκάτῳ
2637 1143 2818 1200 κανόνι
2890 1147 2988 1209 τῆς
3056 1140 3110 1198 ἐν
3170 1138 3398 1220 Ἀγκύρᾳ
3480 1139 3731 1217 μηδόλως

2075 1234 2322 1313 πρόσχῃς
2393 1237 2484 1290 τὸν
2563 1245 2705 1310 νοῦν,
2780 1233 3022 1290 δύνασθαι
3102 1231 3310 1310 λέγοντι
3388 1245 3584 1310 γαμεῖν
3639 1233 3729 1286 τὸν

2075 1319 2316 1378 διάκονον
2385 1325 2473 1379 καὶ
2530 1325 2666 1399 μετά
2714 1324 2811 1391 τὴν
2873 1321 3224 1403 χειροτονίαν,
3272 1327 3339 1398 τῇ
3383 1331 3476 1380 τοῦ
3539 1319 3730 1376 οἰκείου

2073 1409 2361 1468 ἐπισκόπου
2419 1412 2678 1487 ἐπιτροπῇ
2711 1428 2725 1442 ’
2789 1413 2919 1492 φησὶ
2989 1411 3087 1490 γὰρ
3151 1411 3186 1477 ἡ
3260 1410 3433 1488 Νεαρὰ
3503 1409 3728 1470 Λέοντος

2071 1500 2163 1556 τοῦ
2218 1508 2414 1578 Σοφοῦ,
2472 1503 2544 1565 ὡς
2576 1503 2620 1556 εἰ
2676 1503 2764 1556 καὶ
2809 1501 2916 1556 ἀπὸ
2973 1499 3246 1567 συνηθείας
3318 1499 3554 1578 ἀγράφου
3606 1497 3728 1564 ἐξῆν

2071 1603 2188 1653 τοῖς
2241 1589 2546 1669 ἱερωμένοις
2602 1589 2749 1652 ἐντὸς
2793 1587 3090 1651 δεκαετείας
3133 1587 3213 1666 18,
3278 1587 3410 1663 μετᾶ
3457 1587 3552 1654 τὴν
3601 1608 3727 1666 χει-

2073 1679 2305 1756 ροτονίαν
2380 1678 2776 1758 ψηφιζομένης,
2878 1674 3168 1752 λαμϐανειν
3237 1677 3486 1753 νομίμους
3544 1687 3727 1755 γυναῖ-

342 1765 564 1826 ducere
592 1784 606 1825 :
645 1772 837 1825 tamen
861 1763 997 1836 hoc,
1025 1771 1298 1842 tanquam
1346 1762 1709 1842 prohibitum
1741 1781 1772 1823 a
1803 1781 1975 1825 cano-

2071 1788 2190 1846 κας,
2225 1765 2362 1822 ἀλλὰ
2414 1777 2569 1826 τοῦτο
2632 1768 2704 1830 ὡς
2751 1767 2852 1822 ὑπὸ
2899 1767 3006 1821 τῶν
3057 1765 3293 1821 κανόνων
3333 1762 3722 1840 κεκωλυμένον,

339 1853 535 1928 nibus,
563 1854 761 1916 valere
794 1872 910 1914 non
935 1851 1179 1914 debere.
1209 1850 1315 1922 Qui
1349 1861 1651 1931 expertem
1679 1851 1988 1913 matrimo-

337 1942 420 2004 nii
449 1943 536 2023 (2)
557 1942 812 2016 ordinat,
843 1941 1165 2019 interroget
1187 1957 1346 2014 eum,
1380 1958 1452 1999 an
1480 1939 1704 2020 absque
1723 1940 1986 2018 legitima

338 2050 517 2093 uxore
542 2031 719 2092 vitam
751 2037 969 2091 castam
1001 2047 1178 2108 agere
1219 2028 1424 2108 possit.
1453 2029 1513 2091 Si
1545 2029 1657 2090 hoc
1686 2029 1980 2091 facturum

334 2138 403 2182 se
432 2127 696 2195 testetur,
733 2117 1038 2180 hominem
1095 2115 1351 2178 ordinet.
1414 2116 1522 2189 Qui
1556 2117 1808 2179 diacono
1841 2137 1982 2198 per-

335 2207 532 2285 mittit,
566 2217 628 2268 ut
659 2215 786 2289 post
813 2205 1248 2268 ordinationem
1307 2207 1481 2268 ducat
1532 2226 1798 2281 uxorem,
1853 2208 1980 2288 epi-

330 2308 575 2378 SCOpatu
633 2295 964 2376 expellitor.
1012 2293 1352 2374 Presbyter,
1413 2303 1512 2356 aut
1544 2296 1848 2370 diaconus,
1883 2306 1983 2359 aut

329 2385 752 2465 subdiaconus,
811 2387 914 2465 qui
987 2391 1120 2463 post
1192 2383 1626 2444 ordinationem
1688 2385 1982 2446 contrahit

330 2475 564 2556 nuptias
599 2495 614 2552 ;
667 2493 700 2536 e
759 2482 912 2536 cuitu
971 2472 1114 2535 cleri
1146 2471 1405 2552 ejicitur.
1443 2473 1687 2536 Clericis
1720 2483 1806 2535 est
1837 2493 1977 2555 per-

329 2564 602 2644 missum,
635 2578 697 2624 ut
731 2562 1020 2641 legitimas
1054 2561 1310 2622 habeant
1339 2579 1573 2622 uxores.
1612 2561 1902 2626 Cant-ares
1921 2573 1981 2627 et

327 2654 580 2716 lectores
610 2651 843 2732 nuptias
874 2650 1172 2729 legitimas
1235 2651 1585 2713 contrahere
1618 2661 1884 2734 possunt,
1921 2672 1978 2724 at

327 2740 700 2816 subdiaconi,
737 2748 794 2801 et
818 2739 1079 2819 diaconi,
1115 2747 1171 2800 et
1228 2739 1580 2820 presbyteri,
1616 2742 1858 2802 omnino
1895 2743 1973 2820 [id

324 2830 552 2910 facere]
591 2828 998 2909 prohibentur.
1061 2829 1187 2900 Quo
1243 2829 1327 2903 ﬁt,
1367 2838 1425 2889 ut
1457 2838 1741 2910 quotquot
1771 2849 1972 2892 eorum

328 2917 692 2980 matrimonii
727 2916 1040 2998 participes
1070 2918 1238 2994 ﬁunt,
1282 2917 1558 2979 excidant
1617 2919 1970 2984 sacerdotio.

800 3007 1184 3070 Matrimonii
1215 3007 1512 3086 deﬁnitio.

403 3094 844 3158 Matrimonium
876 3095 965 3174 (3)
1004 3103 1092 3156 est
1150 3095 1491 3175 conjunctio
1547 3097 1726 3156 maris
1785 3106 1844 3159 et
1880 3097 1969 3157 fe-

323 3183 521 3261 minae,
557 3191 615 3244 et
645 3183 839 3245 omnis
865 3183 996 3246 vitae
1021 3185 1408 3259 consortium,
1437 3183 1618 3245 divini
1639 3192 1696 3246 et
1725 3186 1972 3248 humani

315 3272 472 3353 juris
504 3271 962 3335 communicatio
991 3292 1005 3333 :
1043 3273 1164 3337 sive
1190 3292 1295 3352 per
1314 3271 1821 3349 benedictionem,
1847 3275 1970 3337 sive

319 3381 427 3443 per
451 3362 925 3438 coronationem,
951 3361 1076 3424 sive
1122 3381 1228 3443 per
1251 3363 1711 3423 instrumentum
1733 3371 1965 3424 contra-

317 3451 513 3512 hatur.
541 3449 682 3522 Quae
703 3457 899 3513 autem
935 3459 1149 3532 praeter
1187 3451 1366 3513 hosce
1389 3450 1598 3512 modos
1621 3450 1777 3514 facta
1805 3462 1964 3536 sunt,

317 3559 421 3619 pro
454 3559 569 3602 non
605 3541 926 3603 contractis
959 3541 1274 3603 habentur.
1320 3539 1640 3619 Legitimas
1663 3548 1859 3602 autem
1888 3542 1963 3623 (4)

313 3629 556 3709 nuptias-
580 3629 736 3692 inter
765 3649 830 3692 se
859 3631 1110 3694 Romani
1141 3630 1524 3705 contrahunt,
1561 3648 1694 3690 cum
1729 3649 1797 3691 ea
1829 3649 1961 3693 ser-

314 3729 469 3794 vant,
506 3737 637 3800 quae
667 3719 899 3798 legibus
930 3720 1003 3782 de
1037 3720 1259 3801 nuptiis
1285 3726 1575 3799 prmcepta
1601 3725 1754 3780 sunt.
1780 3717 1968 3800 Opor-

313 3814 397 3868 tet
427 3817 621 3869 autem
653 3827 847 3871 mares
905 3809 1146 3890 quidem
1204 3827 1339 3871 esse
1397 3808 1676 3890 puberes,
1713 3809 1964 3870 feminas

310 3913 447 3957 vero
481 3895 588 3958 viri
621 3904 916 3978 potentes,
952 3899 1065 3961 hoc
1095 3905 1206 3974 est,
1264 3897 1398 3958 illos
1457 3896 1745 3958 excedere
1802 3896 1960 3960 deci-

312 4002 473 4045 mum
496 3994 769 4066 quartum
792 4004 1036 4062 annum,
1062 3985 1169 4048 has
1217 3986 1474 4065 majores
1494 4003 1622 4047 esse
1647 3984 1962 4047 duodecim

307 4073 501 4137 annis.
529 4073 666 4137 Haec
687 4085 885 4137 autem
911 4075 1188 4150 dicimus,
1237 4074 1358 4136 sive
1383 4083 1577 4156 patres
1605 4073 1961 4137 familiarum

307 4163 446 4236 sint,
481 4162 604 4224 sive
639 4163 749 4224 filii
802 4163 1159 4226 familiarum
1192 4163 1256 4238 ii,
1291 4167 1388 4244 qui
1421 4170 1635 4225 coeunt
1664 4163 1722 4223 in
1755 4163 1962 4224 matri-

306 4252 571 4312 monium
607 4251 712 4331 (5).
747 4251 986 4332 Nuptiae
1040 4270 1157 4315 non
1211 4253 1381 4328 fiunt,
1443 4251 1558 4314 nisi
1588 4251 1963 4314 consentiant

305 4350 423 4404 tam
452 4343 516 4424 ii,
551 4343 1056 4442 quicopulantur,
1094 4365 1272 4442 quam
1305 4344 1406 4427 qui
1462 4363 1565 4442 eos
1610 4344 2020 4442 habent_inD

2069 1860 2162 1914 οὐκ
2237 1855 2432 1934 ὀφείλει
2497 1869 2734 1934 κρατεῖν.
2803 1846 2859 1911 Ὀ
2918 1855 3239 1934 χειροτονῶν
3296 1852 3527 1934 ἄγαμον,
3584 1853 3721 1932 ἐρω-

2068 1945 2210 2004 τάτω
2258 1946 2434 2019 αὐτὸν,
2483 1945 2526 1999 εἰ
2607 1941 2815 1999 δύναται
2921 1945 3088 2022 χωρὶς
3189 1942 3414 2018 νομίμου
3482 1946 3722 2019 γαμετῆς

2068 2037 2273 2107 σεμνῶς
2331 2033 2498 2108 βιοῦν,
2563 2033 2662 2090 Καὶ
2732 2034 2775 2088 εἷ
2831 2033 3135 2105 κατάθοιτο,
3217 2041 3397 2089 τοῦτον
3469 2051 3722 2110 χειροτο-

2067 2121 2240 2180 νείτω.
2303 2112 2361 2178 Ὀ
2416 2119 2472 2176 δὲ
2541 2119 2835 2199 ἐπιτρέπων
2893 2119 3119 2194 διακόνῳ
3173 2133 3403 2198 γυναῖκα
3446 2121 3579 2194 μετά
3619 2124 3721 2186 τὴν

2065 2211 2391 2290 χειροτονίαν
2497 2207 2708 2290 λαϐεῖν,
2795 2213 2892 2276 τῆς
2972 2208 3265 2276 ἐπισκοπῆς
3359 2205 3713 2268 ἐκϐαλλέτθω.

2067 2297 2414 2378 Πρεσϐύτερος
2471 2295 2548 2370 δὲ,
2610 2299 2646 2366 ἢ
2706 2297 2970 2373 διάκονος,
3047 2298 3080 2364 ἢ
3151 2296 3515 2372 ὑποδιάκονος,
3581 2299 3718 2372 μετὰ

2064 2389 2161 2454 τὴν
2221 2387 2550 2467 χειροτονίαν
2652 2387 2864 2466 γαμῶν,
2941 2383 3253 2443 ἐκϐάλλεται
3326 2393 3418 2443 τοῦ
3489 2385 3712 2466 κλήρου,

2061 2485 2188 2540 Τοῖς
2233 2475 2515 2556 κληρικοῖς
2568 2473 2942 2554 ἐπιτέτραπται
3001 2475 3252 2550 νομίμους
3323 2474 3471 2554 ἔχειν
3535 2495 3711 2552 γαμε-

2059 2565 2174 2628 τάς.
2211 2567 2271 2623 Oi
2300 2563 2496 2640 ψάλται
2546 2566 2633 2620 καὶ
2681 2567 2727 2620 οἱ
2776 2564 3108 2642 ἀναγνῶσται
3179 2562 3418 2619 δύνανται
3472 2563 3710 2638 νομίμως

2061 2666 2271 2731 γαμεῖν,
2357 2656 2416 2710 Οἱ
2458 2650 2512 2708 δὲ
2569 2651 2929 2726 ὑποδιάκονοι,
2975 2654 3065 2731 καὶ
3122 2651 3377 2731 διάκονοι,
3435 2653 3524 2707 καὶ
3577 2673 3708 2730 πρε-

2059 2738 2318 2821 σϐύτεροι,
2349 2739 2588 2806 καθάπαξ
2636 2739 2982 2802 κεκώλυνται,
3039 2724 3180 2797 ’ὃθεν
3232 2741 3430 2797 τούτων
3461 2743 3505 2797 οἱ
3547 2741 3707 2820 γάμῳ

2058 2832 2496 2907 κοινωνήσαντες,
2534 2829 2842 2886 ἐκπίπτουσι
2874 2833 2972 2896 τῆς
3003 2830 3311 2908 ἱερωσύνης.

2609 3029 2635 3060 σ
2676 2996 2845 3085 υΟρος
2875 3007 3071 3085 γάμου.
3109 3027 3132 3063 ι

2143 3116 2167 3151 ιι
2230 3095 2405 3160 Fatua;
2448 3094 2586 3152 ἐστὶν
2628 3093 2811 3173 ἀνδρὸς
2856 3097 2942 3152 καὶ
2984 3096 3230 3173 γυναικὸς
3290 3095 3560 3175 συνάφεια,
3613 3097 3701 3152 καὶ

2055 3182 2420 3262 συγκλήρωσις
2478 3185 2654 3251 πάσης
2697 3184 2861 3260 ζωῆς,
2934 3185 3070 3241 θείου
3121 3205 3178 3240 τε
3233 3185 3321 3240 καὶ
3379 3184 3701 3262 ἀνθρωπίνου

2050 3271 2250 3332 δικαίου
2277 3273 2546 3349 κοινωνία,
2612 3272 2724 3328 εἴτε
2759 3271 2823 3328 δι’
2880 3271 3140 3352 εὒλογίας,
3204 3271 3315 3328 εἴτε
3357 3271 3442 3328 διὰ
3497 3293 3699 3352 στεφα-

2050 3362 2318 3442 νώματος,
2350 3363 2386 3430 ἢ
2435 3359 2518 3420 διὰ
2577 3358 2918 3437 συμϐολαίου.
2964 3363 3040 3419 Τὰ
3109 3359 3163 3416 δὲ
3218 3361 3360 3440 παρὰ
3404 3367 3569 3416 ταῦτα
3610 3381 3698 3439 γε-

2049 3451 2267 3526 νόμενα,
2326 3452 2398 3514 ὡς
2471 3450 2548 3525 μὴ
2622 3451 2879 3528 γεγονότα
2949 3449 3266 3529 λογίζονται,
3329 3449 3610 3526 Ἐννόμους
3643 3448 3698 3504 δὲ

2047 3540 2249 3619 γάμους
2310 3536 2501 3614 μεταξῦ
2552 3535 2801 3608 ἀλλήλων
2863 3528 3139 3595 συνιστῶσι
3201 3528 3479 3613 (Ρωμαῖοι,
3541 3537 3696 3605 ἡνίκα

2046 3630 2113 3685 τὰ
2153 3629 2271 3708 περὶ
2310 3634 2415 3684 τῶν
2446 3627 2633 3706 γάμων
2675 3639 2794 3692 τοῖς
2859 3627 3044 3702 νόμοις
3092 3624 3474 3706 διηγορευμένα
3521 3624 3692 3705 φυλά-

2050 3719 2214 3786 ξουσι.
2253 3730 2349 3778 Δεῖ
2391 3718 2446 3776 δὲ
2474 3721 2596 3784 τοὺς
2629 3721 2727 3796 μὲν
2769 3717 2983 3799 ἅῤῥενας
3035 3717 3262 3800 ἐφήϐους
3317 3719 3481 3793 εἶναι,
3515 3720 3610 3782 τὰς
3641 3717 3696 3774 δὲ

2045 3810 2258 3877 θηλείας
2314 3808 2498 3889 ἀνδρὸς
2556 3807 2820 3889 δεκτικάς.
2883 3809 3128 3868 Τουτέστι
3201 3809 3322 3874 τοὺς
3378 3808 3475 3885 μὲν
3531 3809 3696 3888 ὑπερ-

2044 3896 2327 3966 ϐεϐηκέναι
2381 3888 2472 3954 τὸν
2531 3888 2598 3954 ιδΙ
2652 3899 2868 3979 χρόνον,
2913 3899 3008 3962 τὰς
3053 3897 3107 3954 δὲ
3171 3897 3374 3974 μείξους
3409 3899 3549 3952 εἶναι
3590 3901 3699 3952 τῶν

2046 3986 2246 4044 δώδεκα
2316 3987 2584 4044 ἐνιαυτῶν.
2647 3994 2821 4045 Ταῦτα
2879 3985 2934 4043 δὲ
3007 3986 3234 4065 λέγομεν
3305 3986 3416 4042 εἴτε
3458 3983 3700 4051 αὐτεξού-

2047 4098 2174 4153 σιοι,
2207 4076 2320 4133 εἴτε
2348 4073 2647 4140 ὕπεξούσιοί
2694 4077 2845 4157 εἰσιν,
2903 4079 2951 4132 οἱ
2995 4077 3125 4155 πρὸς
3180 4075 3352 4154 γάμον
3409 4074 3695 4138 συνιόντες,

2045 4165 2117 4223 Οὐ
2158 4166 2356 4244 γίνεται
2399 4165 2595 4244 γάμος,
2669 4167 2713 4222 εί
2771 4166 2849 4242 μὴ
2906 4164 3294 4223 συναινέσουσιν
3366 4167 3413 4220 οἱ
3443 4163 3700 4220 συναπτό-

2046 4276 2194 4330 μενοι
2240 4256 2328 4313 καὶ
2386 4257 2433 4311 οἱ
2491 4253 2710 4334 ἔχοντες
2740 4255 2966 4320 ἀὐτοὺς
3027 4253 3382 4320 ὒπεξουσίους.
3445 4254 3545 4311 Τὸν
3588 4255 3693 4332 γά-

2045 4368 2168 4421 μον,
2215 4345 2274 4401 οὗ
2327 4344 2388 4400 τὸ
2458 4340 2876 4421 συγκαθευδῆσαι
2919 4341 3175 4414 ἀλλήλοις
3245 4345 3338 4399 τὸν
3391 4340 3545 4420 ἄνδρα
3601 4344 3689 4398 καὶ

304 4445 614 4518 potestate.
651 4437 899 4520 Nuptias
930 4457 1046 4501 non
1077 4440 1185 4502 viri
1215 4459 1348 4502 cum
1382 4437 1632 4500 muliere
1661 4437 1953 4499 concubi-

2063 4434 2138 4501 ςὴν
2205 4446 2433 4520 γυναῖκα
2479 4432 2804 4510 συνίστησιν,
2863 4431 2982 4489 ἀλλ’
3026 4434 3060 4501 ἡ
3106 4433 3314 4511 γαμικῆ
3363 4436 3531 4488 αὑτῶν
3567 4453 3693 4488 συν-

303 4532 396 4586 tus
431 4527 538 4609 (6),
576 4527 682 4589 sed
715 4527 1164 4592 matrimonialis
1195 4547 1402 4590 eorum
1433 4545 1759 4589 consensus
1789 4525 1952 4589 facit.
2037 4525 2254 4588 αἱνεσις.

2326 4513 2383 4579 ’0
2440 4519 2766 4586 αὖτεξὸύσιος
2824 4521 3029 4579 τελείαν
3087 4519 3233 4601 ἄγων
3302 4534 3403 4590 την
3456 4519 3688 4594 ἥλικίαν,

301 4613 488 4676 Filius
547 4615 955 4697 emancipatus
1013 4618 1096 4699 (7)
1161 4618 1397 4699 plenam
1456 4634 1640 4695 agens
1694 4623 1948 4690 atatem,

2063 4615 2122 4670 Lati.
2151 4633 2321 4693 χωρις
2377 4616 2476 4678 τῆς
2544 4611 2636 4668 τοῦ
2695 4613 2892 4692 πατρὸς
2968 4611 3311 4676 συναινέσεως
3369 4623 3559 4691 γαμεῖ,
3616 4611 3693 4667 Τὰ

303 4703 478 4765 etiam
510 4705 640 4766 sine
670 4725 962 4768 consensu
1000 4707 1183 4789 patris
1240 4724 1483 4768 uxorem
1518 4703 1704 4767 ducit.
1739 4703 1958 4765 Luctus

301 4793 750 4856 ascendentium
785 4814 904 4857 non
936 4797 1185 4877 impedit
1242 4796 1476 4877 nuptias
1507 4813 1710 4857 earum
1745 4811 1956 4874 perso;

302 4899 534 4958 narum,
571 4901 704 4965 quae
730 4885 954 4964 lugent.
989 4884 1100 4958 Qui
1131 4885 1272 4946 vivit
1302 4884 1365 4945 in
1395 4883 1659 4946 castitate
1696 4882 1802 4963 (8),
1839 4900 1959 4944 non

303 4979 544 5051 cogatur
571 4990 605 5035 a
635 4981 803 5054 patre
852 4993 960 5036 suo
1019 4975 1372 5037 contrahere
1401 4972 1656 5054 nuptias,
1724 4970 1958 5034 tametsi

2041 4702 2206 4769 πένθη
2248 4706 2355 4756 τῶν
2442 4699 2716 4777 ἀνιόντων,
2790 4701 2884 4758 οὐκ
2972 4699 3236 4778 ἐμποδίζει
3306 4701 3426 4766 τοὺς
3487 4700 3690 4779 γάμους

2041 4798 2149 4849 τῶν
2184 4790 2506 4848 πενθούντων
2577 4791 2900 4870 προσώπων.
2977 4790 3065 4851 Ἐν
3133 4793 3443 4872 σωφροσύνη
3495 4789 3688 4868 διάγων

2043 4882 2121 4957 μὴ
2178 4879 2549 4957 ἀναγκαζέσθω
2603 4881 2733 4959 πρὸς
2788 4882 2958 4960 γάμον
3015 4880 3188 4938 ἐλθεῖν
3245 4882 3386 4959 παρά
3440 4884 3532 4936 τοῦ
3561 4875 3689 4935 ἰδίου

2043 4970 2269 5050 πατρὸς,
2340 4966 2437 5024 κᾶν
2493 4967 2794 5035 ὓπεξούσιος
2848 4972 2909 5046 ᾗ,
2996 4968 3190 5037 Μηδεὶς
3250 4973 3515 5046 μυστικῶς
3572 4987 3688 5022 στε-

1633 5138 1888 5204 VARL‘E
1917 5135 2356 5205 LECTIONES.

382 5240 434 5284 ¹⁸
461 5243 653 5309 διετίας
667 5295 678 5308 ,

1875 5351 2122 5418 NOTIE.

387 5450 746 5541 it)_AN_ove_ll_a
775 5455 864 5541 3.Δ
2117 5459 2206 5541 (5)
2231 5458 2276 5541 l.
2315 5458 2374 5541 ξε
2409 5459 2482 5541 Q.
2519 5460 2601 5523 De
2630 5460 2736 5524 rit.
2767 5465 2944 5541 nupt.

385 5530 989 5634 ίὲῗίξυτίζίωξηίπένη·
1027 5619 1133 5634 ,η
1300 5620 1360 5634 ,.
2119 5530 2274 5634 i911:
2308 5539 2412 5634 §9~
2443 5539 2513 5634 ‘2-
2548 5530 2966 5634 ρονεροίἀνκ
3075 5627 3086 5634 .
3137 5619 3152 5634 .
3213 5623 3246 5634 -
3307 5619 3334 5634 ..
3377 5619 3436 5634 η.

384 5615 464 5702 (ἓ)
491 5614 740 5702 Novella
765 5615 985 5702 J_ustin.
1025 5619 1160 5695 123,
1193 5638 1246 5685 c.
1289 5620 1392 5702 t4.
1439 5698 1462 5702 _
1568 5697 1578 5702 _
1681 5697 1714 5702 _
2123 5614 2284 5702 ('7)_l.
2311 5619 2519 5702 @5._D.
2553 5622 2646 5684 De
2677 5614 2778 5684 rit.
2807 5614 2988 5702 'nupt.
3035 5627 3094 5702 et
3137 5619 3180 5686 l.
3210 5623 3272 5685 3.
3305 5619 3335 5700 §
3365 5619 3436 5684 Si
3465 5636 3681 5684 eman-

380 5694 530 5772 (3)1.
568 5697 627 5757 t.
667 5697 736 5760 D.
772 5696 863 5760 De
890 5700 992 5762 rit.
1026 5694 1200 5780 nupt.
1229 5701 1339 5780 et§
1378 5701 1401 5763 t
1439 5697 1629 5761 quit.
1670 5697 1761 5762 De
1785 5704 1953 5782 part.
2038 5694 2156 5782 εἰμ’.
2188 5694 2262 5782 D.
2296 5701 2384 5762 De
2414 5699 2552 5782 bon.
2579 5717 2741 5782 pass.
2776 5694 2936 5782 coni.
2971 5700 3092 5767 tab.

301 5781 526 5864 potest;
555 5855 572 5864 _
680 5858 692 5864 _
793 5858 828 5864 _
1786 5780 1802 5782 “
2088 5780 2208 5862 “(8)
2241 5781 2281 5845 l.
2323 5782 2416 5844 tt.
2449 5780 2516 5844 In
2546 5780 2737 5864 princ.
2773 5780 2842 5847 D.
2879 5785 2968 5844 De
3008 5783 3103 5847 his
3140 5783 3249 5862 qui
3293 5787 3420 5847 not.
3453 5781 3681 5861 tufam.

386 5855 468 5934 (4)
500 5853 742 5932 §Instit.
781 5858 874 5922 De
899 5870 1070 5942 πυρί.
