4120 6414
303 428 460 500 4253
1632 431 2337 502 ῧΗιΕΟΟ-ΗΟΜΑΝΗΜ.
3529 428 3687 495 1254

302 573 600 653 φανούσθω,
672 571 808 633 ἀλλὰ
861 575 1135 653 παρόντων
1199 572 1482 636 πλειόνων,
1563 565 1621 632 Ὀ
1693 571 1747 629 δὲ
1803 575 1936 627 τοῦτ‹

2042 563 2455 628 ﬁliusfamilias
2511 565 2608 630 sit.
2667 564 2852 629 Nemo
2902 573 3134 630 secreto
3179 577 3518 646 coronetur,
3568 573 3676 636 sed

299 637 736 742 κατατολμησας,
787 637 1014 741 τιμωρίᾳ
1060 661 1504 742 συμφρονιζέσθω.
1567 661 1821 738 Δῃλονότι
1864 663 1936 718 καί

2035 653 2304 742 pluribus
2337 654 2748 736 praesentibus.
2809 655 2922 728 Qui
2969 665 3162 719 autem
3196 657 3378 722 fuerit
3404 637 3584 724 ausus
3613 665 3676 726 id

295 757 387 807 τοῦ
457 750 635 829 ἱερέως
709 741 764 808 ἐν
855 765 973 816 τοῖς
1045 741 1331 832 ἆπρεπὲσιν
1392 754 1578 808 ἑαυτὸν
1634 747 1936 829 παρεμϐάλ-

2035 741 2254 817 facere,
2291 763 2463 824 poma
2496 745 2808 824 castigator
2828 745 2915 824 (9)
2953 766 2966 804 :
3004 745 3084 807 ita
3116 745 3366 822 scilicet,
3401 758 3463 811 ut
3496 753 3676 816 etiam

295 839 502 914 λοντος,
595 843 690 905 τὰς
776 842 920 909 ἀξίας
1006 845 1213 907 εὐθύνας
1300 842 1756 922 εἷσπρατεομένου,
1816 841 1936 896 κατό

2032 848 2066 892 a
2093 835 2428 909 sacerdote,
2466 834 2567 914 qui
2599 831 2779 895 rebus
2827 834 3158 896 inhonestis
3185 846 3378 898 semet
3407 839 3673 922 interpo-

292 930 391 996 τὴν
447 937 553 987 τῶν
622 930 1074 998 ἐκκλησιαστικῶν
1147 933 1383 988 κανόνων
1447 929 1698 996 διάταξιν.
1761 930 1936 1009 κωφὸς

2029 921 2237 996 suerit,
2274 921 2450 1000 digna
2479 923 2766 1002 supplicia
2800 924 3125 1006 exigantur,
3179 927 3349 1005 juxta
3378 921 3674 993 canonum

293 1020 380 1075 καὶ
409 1017 628 1093 ἅλαλος,
661 1022 747 1076 καὶ
776 1019 996 1100 τυφλὸς,
1049 1023 1136 1077 καὶ
1170 1037 1367 1098 γαμεῖν
1397 1019 1664 1094 δύνανται,
1715 1021 1800 1076 καὶ
1832 1020 1936 1096 περῖ

2029 1009 2565 1073 ecclesiasticorum
2600 1012 3103 1075 constitutionem.
3138 1011 3389 1098 Surdus,
3450 1027 3507 1079 et
3540 1040 3672 1081 mu-

2026 1103 2119 1159 tus
2150 1106 2206 1159 et
2236 1117 2449 1170 caecus,
2482 1099 2719 1178 nuptias
2751 1101 3110 1163 contrahere
3135 1121 3402 1183 possunt,
3431 1116 3489 1168 et
3519 1107 3673 1170 dotis

2019 1186 2262 1247 nomine
2295 1196 2597 1251 tenentur.

298 1307 325 1339 ο
363 1286 484 1362 Περὶ
513 1283 749 1364 διγάμων
782 1285 862 1368 19,
893 1289 1187 1367 τριγάμων,
1229 1290 1316 1344 καὶ
1360 1287 1704 1366 πολυγάμων,
1738 1284 1936 1365 ἀνδρων

2022 1275 2104 1338 De
2123 1277 2631 1368 contrahentibus
2660 1279 2978 1371 secundas,
3007 1282 3239 1374 tertias,
3264 1280 3478 1374 plures
3508 1304 3666 1366 nup-

2263 1362 2381 1418 tias
2409 1381 2423 1430 ;
2462 1365 2583 1419 tam
2617 1362 2791 1440 vir-is,
2824 1377 3004 1438 quam
3036 1362 3414 1424 mulietibus.

2105 1441 2358 1506 Canonis
2379 1462 2498 1508 xvn
2517 1458 2851 1508 sanctorum
2873 1449 3275 1528 apostolorum
3293 1451 3470 1514 verba
3489 1464 3625 1517 sunt
3653 1473 3666 1517 :

291 1108 508 1185 προικὸς
532 1108 828 1188 ἐνέχονται.

831 1399 886 1432 τε
916 1379 1004 1433 καὶ
1034 1383 1314 1455 γυναικῶν.
1356 1401 1382 1431 η

377 1453 433 1519 Ὀ
464 1460 680 1527 δέκατος
751 1463 971 1541 ἕϐδομος
1032 1453 1137 1520 τῶν
1194 1467 1358 1543 ἁγίων
1401 1463 1710 1521 ἀποστόλων
1739 1465 1934 1537 κανὼν,
2031 1529 2074 1551 Λ
2105 1453 2358 1544 (ξδηοηξδ
2379 1462 2498 1508 XV"
2517 1458 2851 1551 δῧξιεξοτ
2873 1453 3275 1551 δΡοδίοῙοιῚξῘΠ
3293 1469 3338 1551 vf

296 1541 353 1608 Ὀ
385 1549 497 1607 δυκὶ
530 1553 746 1629 γάμοις,
807 1529 959 1633 φησὶ,
1022 1555 1156 1628 μετὰ
1223 1529 1284 1610 τὸ
1327 1556 1599 1631 βάπτισμα
1657 1552 1936 1631 ὁμιλήσας,

2029 1529 2139 1633 Qui
2173 1533 2601 1633 geminaspost
2659 1533 3014 1633 baptismum
3075 1540 3366 1602 contraxit
3415 1545 3669 1623 nuptias,

292 1638 328 1706 ἢ
401 1643 616 1719 πορνείᾳ
670 1645 990 1721 περιπεσὼν,
1068 1643 1126 1700 οὒ
1180 1642 1390 1700 δύναται
1435 1644 1576 1699 εἶναι
1635 1642 1936 1716 ἐπίσκοπος,

2029 1620 2118 1680 vel
2141 1623 2201 1681 in
2233 1622 2649 1683 scortationem
2678 1623 2874 1702 lapsus
2904 1634 3014 1699 est,
3064 1645 3182 1687 non
3213 1637 3407 1708 potest
3437 1620 3670 1711 episco-

295 1728 332 1796 ἢ
377 1729 747 1810 πρεσϐύτερος,
795 1733 830 1800 ἢ
885 1732 1147 1810 διάκονος,
1192 1733 1227 1800 ii
1281 1731 1417 1798 ὅλως
1472 1740 1562 1788 τοῦ
1609 1734 1747 1810 ἱεροῦ
1774 1753 1936 1786 κατα-

2029 1727 2138 1789 pus
2170 1728 2322 1784 esse,
2359 1713 2445 1771 vel
2473 1714 2808 1792 presbyter,
2846 1712 2936 1773 vel
2967 1713 3275 1789 diaconus,
3304 1718 3392 1778 vel
3425 1723 3669 1784 omnino

304 1780 332 1796 .,
385 1780 747 1810 --τη----νη
801 1780 830 1800 .,
889 1780 1147 1812 -._..-.-,,
1199 1780 1227 1800 .,
1282 1780 1417 1798 -..ν-ς
1484 1780 1558 1788 η-
1613 1780 1908 1810 --Γηηηη

293 1815 468 1896 λόγου.
537 1809 598 1875 Ἠ
643 1821 746 1898 γὰρ
802 1823 961 1900 χάρις
1018 1830 1113 1878 τοῦ
1165 1822 1422 1899 παναγίου
1487 1821 1812 1899 Πνεύματος,
1870 1826 1936 1894 τῷ

2029 1780 2185 1858 sacri
2241 1780 2542 1860 consortii.
2599 1780 2742 1861 Nam
2803 1809 3114 1882 postquam
3169 1803 3425 1884 Spiritus
3480 1811 3670 1872 sancti

291 1887 385 1965 τού
438 1910 574 1965 θείου
645 1887 1008 1986 βαπτίξμιατος
1095 1909 1388 1989 μυστηρίῳ,
1472 1916 1549 1982 τῷ
1609 1909 1746 1983 μήτε
1801 1907 1936 1985 λόγῳ

2026 1887 2212 1963 gratia
2245 1905 2347 1967 per
2377 1888 2528 1948 sacri
2570 1889 2943 1989 baptismatis
2976 1896 3342 1974 mysterium,
3373 1899 3527 1977 quod
3562 1918 3672 1960 nec

292 1995 458 2072 ῥητῷ,
511 1998 648 2073 μήτε
719 2006 790 2073 νῷ
858 1997 1208 2078 καναληπτῷ,
1269 1998 1466 2060 παντὸς
1522 1997 1680 2074 ῥύπου
1723 1997 1812 2052 τὸν
1844 1996 1936 2071 βα-

2026 1974 2224 2037 verbis
2240 1977 2513 2058 exprimi,
2544 1997 2652 2038 nec
2674 1977 2901 2060 percipi
2925 1992 3123 2042 mente
3147 1990 3360 2062 potest,
3385 1974 3458 2047 ab
3481 1992 3670 2049 omni-

291 2085 614 2160 πτισάμενον
679 2086 1048 2160 ἆποπλύνασα,
1094 2089 1183 2144 καὶ
1224 2089 1397 2166 φωτὸς
1441 2084 1676 2142 δεκτικὸν
1725 2084 1942 2163 ἀποφή-

294 2194 448 2248 νασα,
511 2177 570 2232 οὗ
639 2175 831 2233 κωλύει
900 2175 1089 2233 λοιπὸν
1151 2177 1239 2232 καὶ
1283 2182 1359 2249 τῷ
1411 2179 1622 2254 καθαρῷ
1667 2175 1799 2254 φωτὶ
1844 2178 1941 2239 τῆς

292 2264 579 2340 ἱερωσύνης
634 2272 821 2322 τοῦτον
896 2263 1419 2345 καταφαιδρύνεσθαι.
1478 2263 1623 2320 Μετὰ
1677 2260 1731 2318 δέ
1772 2283 1833 2341 γε
1881 2264 1941 2317 τὸ

291 2353 432 2407 θετον
487 2351 726 2434 λουτρὸν,
799 2355 970 2411 οὐκέτι
1052 2356 1170 2432 περὶ
1264 2354 1539 2432 ἁμαρτιῶν
1596 2350 1940 2408 ὑπολείπεται

293 2440 462 2519 θυσία,
500 2446 590 2498 οἷα
661 2445 750 2499 καὶ
804 2445 1092 2522 ἱερωσύνην
1177 2443 1515 2522 χαρίσασθαι,
1561 2449 1661 2500 Τοῦ
1721 2441 1942 2522 κανόνος

289 2528 475 2584 τούτου
527 2533 614 2587 καὶ
671 2534 700 2588 ὁ
771 2519 939 2610 μέγας
991 2519 1267 2608 μέμνηται
1314 2529 1584 2594 Βααίλειος
1617 2531 1670 2586 ἐν
1739 2536 1816 2603 τῷ
1871 2519 1945 2606 ιβ’

290 2617 447 2676 αὐτοῦ
501 2619 703 2700 κανόνι,
765 2622 895 2684 Τοὺς
966 2619 1242 2699 διγάμους,
1323 2617 1517 2698 λέγων,
1576 2618 1852 2682 παντελῶς
1911 2622 1938 2676 ὁ

289 2705 464 2761 κανὼν
492 2713 589 2774 τῆς
620 2710 755 2764 κατὰ
821 2709 921 2776 τὴν
977 2708 1167 2777 κλῆσιν
1213 2709 1498 2788 ὑπηρεσίας
1561 2707 1871 2765 ἀπέκλεισεν
1918 2726 1933 2741 ⁶

288 2802 475 2850 τοῦτον
501 2794 565 2864 δὴ
610 2795 805 2875 λέγων,
843 2789 899 2856 Ὀ
944 2797 998 2854 δὲ
1042 2787 1393 2862 ἀποστολικὸς
1427 2787 1506 2864 ιη’
1538 2816 1551 2828 ·
1588 2795 1716 2854 Οὐδὲ
1759 2801 1787 2854 ὁ
1819 2800 1937 2878 χή-

287 2905 382 2960 ραν
433 2882 633 2941 λαϐὼν⁶
706 2887 740 2955 ἢ
796 2884 1194 2962 ἐκϐεϐλημένην
1251 2888 1383 2965 πρὸς
1443 2895 1538 2944 τοῦ
1594 2885 1784 2942 οἰκείου
1838 2887 1938 2942 ἀν-

287 2968 437 3053 δρὸς,
482 2973 518 3041 ἢ
582 2975 822 3053 ἑταῖραν,
879 2978 914 3044 ἢ
971 2975 1184 3055 οἰκέτιν,
1245 2975 1281 3043 ἢ
1325 2981 1430 3031 τῶν
1482 2974 1566 3030 ἐπὶ
1620 2979 1845 3054 σκηνῆς,
1880 2973 1941 3030 αἵ

2027 2063 2137 2125 bus
2167 2066 2443 2127 sordibus
2474 2067 2618 2128 eluit
2671 2085 2831 2139 eum,
2893 2071 2992 2148 qui
3049 2069 3396 2151 baptizatur,
3433 2084 3490 2137 et
3521 2077 3669 2139 lucis

2025 2172 2300 2234 capacem
2355 2155 2513 2236 fecit,
2566 2156 2710 2216 nihil
2758 2157 3011 2237 amplius
3064 2158 3493 2241 impedimento
3555 2176 3662 2242 est,

2025 2243 2342 2324 quominus
2364 2244 2520 2306 idem
2548 2245 2724 2307 etiam
2748 2264 2894 2327 pura
2937 2249 3255 2310 sacerdotii
3285 2251 3417 2315 luce
3448 2254 3666 2317 exhila-

2023 2341 2206 2395 retur.
2240 2333 2462 2395 Verum
2495 2343 2625 2414 post
2675 2352 2910 2398 sacrum
2958 2336 3104 2398 illud
3155 2338 3476 2423 lavacrum,
3509 2345 3670 2406 nulla

2027 2439 2132 2501 pro
2164 2423 2422 2502 peccatis
2450 2423 2680 2502 reliqua
2710 2437 2802 2485 est
2857 2425 3070 2507 hostia,
3104 2445 3237 2507 qua;
3266 2432 3665 2495 sacerdotium

2023 2510 2226 2590 largiri
2254 2513 2464 2592 possit.
2525 2513 2714 2592 Hujus
2769 2514 3014 2575 canonis
3067 2517 3242 2577 etiam
3290 2538 3537 2599 magnus
3566 2522 3668 2585 ille

2024 2599 2279 2662 Basilius
2298 2601 2562 2662 meminit
2583 2601 2642 2662 in
2667 2619 2749 2663 xu
2771 2621 3002 2664 canone
3027 2622 3157 2681 suo,
3183 2625 3314 2668 cum
3339 2609 3418 2670 ait
3451 2628 3465 2673 :
3521 2613 3662 2689 Eos,

2020 2689 2125 2770 qui
2160 2689 2450 2752 secundas
2483 2699 2827 2752 contraxere
2862 2693 3118 2772 nuptias,
3147 2697 3390 2758 omnino
3414 2718 3602 2762 canon
3634 2721 3669 2763 a

2022 2778 2352 2840 ministerio
2383 2779 2706 2840 vocationis
2733 2780 3002 2857 exclusit,
3037 2783 3252 2863 quibus
3284 2787 3480 2849 verbis
3511 2789 3666 2853 hunc

2018 2871 2212 2932 innuit
2232 2890 2544 2934 canonem.
2572 2876 2857 2936 Caeterum
2883 2892 3024 2937 XVIII
3045 2894 3235 2939 canon
3264 2882 3665 2959 apostolorum

2022 2961 2102 3022 ait
2130 2981 2146 3022 :
2179 2960 2302 3023 Nec
2331 2962 2431 3042 qui
2482 2963 2712 3023 viduam
2767 2963 2951 3041 duxit,
2987 2965 3077 3027 vel
3110 2967 3360 3046 ejectam
3390 2989 3422 3030 a
3454 2975 3663 3036 marito

285 3069 363 3136 τῷ
422 3051 682 3139 δᾶσέμνως
743 3062 932 3121 ϐιῶναι
1004 3067 1064 3122 ού
1117 3065 1450 3121 πιστεύονται
1493 3077 1805 3144 σωφρονεῖν,
1841 3061 1934 3120 δύ-

2023 3069 2154 3126 ευο,
2186 3051 2274 3111 vel
2308 3051 2709 3123 meretricem,
2747 3052 2840 3114 vel
2891 3071 3145 3132 servam,
3181 3059 3269 3120 vel
3301 3061 3562 3142 aliquam
3593 3084 3664 3126 ex

285 3172 442 3207 ναται
473 3138 616 3208 εἶναι
647 3152 956 3224 ἐπίσκοπος,
1011 3153 1047 3222 ἢ
1118 3151 1485 3232 πρεσϐύτερος,
1546 3138 1622 3220 ii"
1652 3151 1790 3218 ὅλως
1844 3159 1935 3209 τοῦ

2022 3138 2115 3215 iis,
2170 3158 2301 3220 qua:
2352 3147 2540 3201 artem
2573 3140 2862 3201 ludicram
2893 3154 3191 3223 exercent,
3224 3166 3292 3209 ac
3325 3138 3660 3231 propterea,

283 3239 509 3320 κλήρου.
579 3251 707 3308 Τοῖς
765 3242 875 3300 δυσὶ
928 3243 1131 3307 τούτοις
1175 3241 1554 3307 ἀποστολικοϊς
1610 3242 1793 3299 κανόσι
1849 3243 1938 3299 καὶ

284 3331 312 3386 ὁ
341 3330 518 3408 τρίτος
572 3333 670 3398 τῆς
720 3331 878 3400 ἕκτης
936 3330 1147 3392 συνόδου
1201 3331 1376 3388 κανών
1404 3328 1488 3394 90,
1543 3328 1739 3398 Μηδεὶς
1770 3330 1939 3388 δευτε-

281 3421 626 3499 ρογαμήσας,
685 3421 1086 3502 χειροτονείσθω
1135 3419 1506 3501 πρεσϐύτερος,
1564 3421 1601 3489 ἢ
1671 3417 1932 3497 διάκονος,

283 3510 427 3583 μήτε
470 3507 578 3582 μὴν
631 3510 675 3564 εἰ
731 3512 936 3588 γυναικὶ
998 3511 1232 3569 συνοικεῖ
1275 3510 1367 3566 τὸν
1411 3507 1546 3565 ῗδίον
1586 3505 1743 3586 ἄνδρα
1771 3531 1937 3565 κατα-

292 3595 556 3677 λιπούσῃ,
605 3598 742 3673 μήτε
785 3601 829 3654 εἰ
886 3597 1167 3666 παλλακὴν
1219 3597 1358 3678 ἔχει,
1410 3596 1527 3653 ἀλλ’
1573 3597 1609 3664 ἢ
1654 3604 1778 3673 μιᾶς
1807 3597 1938 3676 ἀνὴρ

285 3687 575 3764 γενόμενος
651 3688 916 3768 σώφρονος
984 3689 1072 3744 καὶ
1141 3687 1201 3744 ἐκ
1275 3687 1572 3766 παρθενίας.
1650 3689 1709 3744 Εἰ
1765 3684 1818 3743 δέ
1861 3709 1939 3750 τις

283 3775 529 3853 γαμετὴν
589 3775 624 3844 ii
684 3775 966 3844 παλλακὴν
1037 3776 1372 3855 εἰσαγάγοιτο
1429 3781 1663 3856 φανερῶς
1730 3776 1765 3844 ἢ
1834 3774 1938 3832 λα-

281 3864 500 3944 θραίως,
574 3864 760 3929 εθῦθὲως
815 3867 916 3932 τῆς
984 3869 1123 3945 ἱερᾶς
1219 3864 1518 3921 ἐκπιπτέτω
1572 3863 1792 3941 τάξεως,
1853 3870 1940 3922 καὶ

281 3951 503 4020 ἰδιώτης
561 3951 718 4016 ἔστω.
783 3945 844 4010 ’Π
912 3952 966 4011 δὲ
1037 3952 1370 4033 ὁγδοηκοστὴ
1390 3951 1440 3994 ²¹
1499 3953 1709 4016 ἔννατος
1767 3955 1939 4033 Νεαρὰ

280 4041 545 4121 βασιλέως
605 4043 827 4108 Λέοντος
897 4051 990 4100 τοῦ
1045 4053 1240 4125 Σοφοῦ,
1286 4044 1410 4106 τοὺς
1452 4041 1801 4121 διγαμοῠντας
1831 4049 1937 4099 τῶν

282 4131 558 4212 κληρικῶν
601 4134 739 4208 μήτε
788 4140 882 4189 τοῦ
933 4135 1218 4213 σχήματος
1270 4131 1658 4210 ἀλλοτριούσθαι
1711 4131 1933 4206 κελεύει,

279 4223 436 4298 μήτη
508 4226 607 4289 τῆς
663 4221 722 4279 ἐκ
763 4229 856 4278 τοῦ
912 4224 1155 4299 βήματος
1212 4220 1525 4298 ὑπηρεσίας.
1587 4222 1728 4288 Φησὶ
1771 4221 1870 4300 γάρ
1917 4241 1934 4258 ⁶

279 4315 391 4370 Οὐκ
487 4309 864 4392 ἀποδεχόμεθα
935 4313 1031 4378 τῆς
1113 4311 1468 4391 προαιρέσεως
1551 4313 1644 4367 τὸν
1712 4309 1938 4367 παλαιὸν

2021 3227 2178 3309 quod
2201 3247 2413 3309 parum
2434 3230 2680 3291 honeste
2697 3229 2915 3308 vivant,
2939 3251 3060 3294 non
3082 3227 3406 3299 creduntur
3423 3227 3555 3302 esse
3572 3227 3665 3304 ca-

2021 3319 2688 3407 staa,potestepiscopus
2705 3337 2858 3396 esse,
2875 3322 2962 3383 vel
2978 3323 3402 3407 presbyter,vel
3417 3331 3660 3394 omnino

2021 3405 2374 3470 clericorum
2404 3409 2465 3469 in
2493 3408 2815 3472 consortio.
2843 3408 2990 3473 Cum
3013 3405 3251 3477 duobus
3281 3405 3447 3480 ltisce
3478 3439 3662 3483 cano-

2020 3495 2197 3558 nibus
2226 3499 2568 3578 apostolicis
2589 3497 2769 3560 etiam
2802 3500 3009 3562 tertius
3031 3512 3209 3565 sextae
3231 3507 3439 3586 synodi
3469 3527 3662 3572 canon

2021 3587 2338 3661 consentit,
2365 3588 2535 3668 cujus
2557 3587 2682 3650 haec
2700 3588 2880 3651 verba
2899 3599 3063 3654 sunt:
3089 3591 3299 3676 Nemo,
3321 3597 3420 3677 qui
3440 3616 3662 3662 secun-

2021 3674 2127 3738 das
2151 3676 2364 3740 adierit
2394 3679 2648 3760 nuptias,
2682 3680 2986 3742 ordinatur
3013 3674 3355 3764 presbyter;
3371 3695 3471 3748 aut
3523 3689 3660 3750 dia-

2021 3782 2204 3829 conus
2238 3786 2252 3828 :
2289 3786 2399 3830 nec
2428 3769 2478 3828 si
2511 3768 2824 3831 mulierem
2886 3770 3100 3832 habeat
3149 3771 3210 3833 in
3243 3776 3658 3855 contubernio,

2022 3874 2153 3937 quae
2208 3855 2395 3918 virum
2450 3877 2621 3918 suum
2680 3857 3010 3939 reliquerit,
3040 3879 3153 3924 nec
3183 3862 3234 3922 si
3269 3865 3661 3929 concubinam

2021 3945 2236 4008 habeat
2270 3969 2282 4006 :
2344 3947 2448 4008 sed
2503 3947 2786 4010 duntaxat
2816 3949 2889 4024 is,
2923 3951 3025 4031 qui
3054 3951 3142 4012 vir
3168 3962 3256 4015 est
3279 3955 3454 4018 unius
3485 3971 3664 4019 castae

2021 4035 2314 4116 mulieris,
2347 4045 2405 4097 et
2432 4055 2606 4116 quam
2639 4036 2926 4116 virginem
2959 4040 3211 4102 duxerit.
3239 4043 3343 4106 Sin
3367 4045 3662 4126 quispiam

2022 4121 2257 4186 duxerit
2278 4125 2656 4187 matrimonio
2687 4126 2850 4206 prius
2864 4128 3221 4206 copulatam,
3251 4133 3340 4194 vel
3372 4121 3661 4197 concubi-

2021 4231 2159 4274 nam
2187 4213 2314 4278 sive
2345 4213 2686 4289 manifesto,
2723 4215 2846 4279 sive
2887 4216 3064 4293 clam,
3108 4221 3420 4283 confestim
3453 4225 3664 4287 ordine

2021 4320 2189 4395 sacro
2218 4303 2471 4380 excidat,
2509 4312 2567 4366 et
2595 4303 2878 4395 privatam
2932 4305 3111 4369 vitam
3144 4320 3295 4389 aget.
3330 4310 3665 4395 Septuage-

277 4399 600 4476 νομοθέτην,
657 4383 742 4464 δνςν
776 4399 1021 4478 βούλεται
1090 4383 1459 4480 πρεσϐύτερον,
1516 4399 1551 4468 ἢ
1607 4397 1867 4461 διάκονον⁹
1899 4400 1936 4469 ἢ

2022 4392 2174 4454 sima
2202 4411 2340 4484 vero
2365 4399 2422 4455 et
2442 4411 2598 4455 nona
2617 4393 2858 4484 Novella
2880 4395 3163 4480 principis
3184 4383 3308 4463 Leo
3320 4383 3664 4484 nis-cogno-

274 4489 646 4571 δποδιάκονον,
720 4491 855 4566 μετὰ
909 4490 1010 4558 τὴν
1057 4489 1142 4546 ἐπ’
1238 4489 1380 4564 αὒτῷ
1435 4490 1764 4569 χειροθεσίαν
1821 4513 1938 4546 συν-

277 4579 510 4660 αφθέντα
577 4580 806 4656 γυναικὶ,
866 4577 1143 4643 παντελῶς
1209 4585 1300 4636 τοῦ
1365 4579 1606 4636 τοιούτου
1656 4577 1935 4644 ὑπεξίστα-

275 4671 396 4726 σθαι
441 4669 754 4747 σχήματος,
785 4670 870 4724 καὶ
899 4670 1030 4748 πρὸς
1073 4671 1164 4725 τὸν
1219 4667 1409 4727 λα’ίκὸν
1440 4668 1551 4744 βίον
1606 4667 1932 4750 ἐπαναστρὲ-

273 4761 487 4838 ιρεσθαι,
561 4755 697 4812 ἀλλὰ
751 4757 1045 4837 ἀκυροῦμεν
1102 4759 1163 4813 τὸ
1219 4755 1391 4837 δόγμα
1425 4773 1438 4786 ⁸
1484 4757 1796 4834 θεσπίζομεν
1851 4757 1926 4834 δὲ,

274 4847 418 4923 μόνῃ
463 4851 532 4922 τῇ
585 4846 928 4925 ὕποχωρήσει
1003 4851 1100 4913 τῆς
1157 4843 1380 4918 τάξεως,
1467 4845 1548 4926 ἐφ’
1595 4849 1630 4922 ᾗ
1684 4847 1786 4925 πρὸ
1837 4858 1930 4906 τοῦ

270 4936 452 5014 γάμου
495 4933 821 5014 ἐγνωρίζετο,
886 4935 1158 5013 ἀρκεῖσθαι
1202 4935 1301 5002 τὴν
1354 4932 1503 5002 δίκην
1557 4937 1738 4999 αὐτοῖς
1774 4956 1789 4971 ⁶
1835 4948 1929 4996 τοῦ

271 5023 326 5080 δὲ
371 5022 630 5102 κληρικοῦ
694 5025 980 5104 σχήματος
1025 5024 1110 5078 καὶ
1167 5027 1266 5090 τῆς
1315 5021 1487 5091 ἄλλης
1539 5037 1664 5088 ταῖς
1697 5023 1928 5094 Ἐκκλη-

271 5113 414 5177 σίαις
444 5111 729 5191 ὑπηρεσίας
759 5112 1101 5192 ἐφάπτεσθαι,
1147 5112 1240 5168 οὐκ
1270 5111 1516 5188 ἀθέμιτον
1559 5109 1639 5173 92.

2019 4481 2180 4543 mine
2212 4479 2511 4574 Sapientis
2565 4483 3025 4574 (1_0)_,_clericos
3082 4479 3376 4552 Secundas
3429 4479 3664 4574 nuptias

2018 4571 2438 4633 contrahentes
2469 4590 2578 4633 nec
2608 4571 2876 4634 habitum
2919 4573 3192 4640 amittere
3247 4578 3491 4663 debere,
3514 4571 3665 4646 _nec

2015 4659 2382 4722 functionem
2404 4661 2858 4738 sacerdotalem,
2886 4664 3170 4745 praecipit.
3187 4659 3513 4733 Suntenim
3536 4671 3664 4734 hmc

2013 4749 2176 4811 illius
2192 4748 2375 4810 verba
2402 4769 2416 4812 :
2443 4746 2571 4809 Non
2599 4749 2921 4829 probamus
2943 4751 3297 4830 legislatoris
3319 4759 3530 4818 veteris
3545 4761 3589 4836 (t
3611 4761 3665 4838 l)

2013 4838 2372 4914 institutum,
2407 4838 2680 4920 quivult,
2707 4851 2773 4901 ut.
2825 4839 3154 4921 presbyter,
3203 4853 3302 4904 aut
3350 4845 3658 4924 diaconus,

2011 4936 2112 4990 aut
2143 4928 2576 5005 subdiaconus,
2607 4929 2706 5008 qui
2739 4938 2870 5010 post
2896 4930 3113 4992 factam
3141 4950 3352 4995 manus
3408 4936 3660 5016 imposi-

2013 5017 2236 5083 tionem
2267 5037 2400 5080 cum
2455 5017 2707 5081 mullere
2747 5019 3054 5100 copulatus
3081 5021 3281 5100 fuerit,
3317 5041 3557 5104 prorsus
3586 5027 3658 5088 ab

2010 5109 2125 5172 hoc
2154 5107 2359 5171 habitu
2394 5107 2660 5185 recedat,
2697 5116 2756 5170 et
2782 5108 2856 5172 ad
2881 5111 3056 5173 vitam
3080 5111 3372 5193 plebeiam
3403 5124 3662 5177 reverta-

271 5207 370 5263 tur
403 5217 418 5263 :
453 5199 562 5264 sed
591 5198 902 5266 decretum
932 5199 1046 5264 hoc
1074 5199 1450 5279 abrogamus,
1483 5207 1660 5284 atque
1691 5205 2018 5285 sensimus,
2055 5204 2142 5269 uti
2172 5202 2456 5265 duntaxat
2511 5201 2596 5262 eis
2655 5216 2762 5279 pro
2820 5217 2996 5278 poena
3053 5201 3309 5266 sufﬁciat
3365 5205 3496 5285 ejus
3552 5223 3657 5269 or-

1588 5361 1850 5430 VARLE
1893 5358 2336 5434 LECTIONES.

356 5465 413 5550 i9
439 5469 559 5550 περὶ
599 5467 838 5548 διγάμων
865 5468 1166 5550 ἱερωμένων
1244 5467 1306 5519 go
1343 5474 1443 5538 τῆς
1493 5469 1655 5540 ἕκτης
1699 5473 1914 5535 συνόδου
1962 5471 2166 5546 συνᾴδει
2219 5467 2417 5550 κανών,

2504 5463 2552 5510 εί
2615 5466 3010 5544 ἑϐδομηκοστή.
3096 5470 3160 5522 33
3203 5470 3370 5542 ἄλλης
3427 5475 3481 5533 ἐν
3535 5491 3658 5542 ταῖς

273 5545 584 5617 ἐκκλησίαις
614 5545 946 5631 ὑπηρεσίαις,
975 5545 1041 5619 ἧς
1067 5549 1384 5632 ἐφάπτεσθαι
1414 5554 1510 5611 οὐκ
1536 5550 1807 5631 ἀθέμιτον,
1839 5555 1919 5631 μὴ
1947 5545 2248 5611 παντάπασι
2279 5549 2377 5616 τὴν
2410 5547 2751 5628 ἀλλοτρίωσιν
2774 5549 3227 5626 καταδικάζεσθαι.

1842 5656 2087 5723 ΝΟΤᾸΕ.

358 5756 462 5837 (9)
497 5757 604 5837 Hae
630 5759 836 5823 Basilii
861 5760 1119 5826 Novellae
1147 5769 1306 5824 sunt.

365 5836 1652 5926 (10)Novella79,quaeNovellamGJustiniani
1667 5845 1928 5925 corrigit.

2100 5763 2220 5852 (11)
2248 5766 2374 5828 Hoc
2398 5763 2891 5852 est,_Justiniani.
2936 5769 3130 5831 Locus
3181 5778 3273 5833 est
3298 5769 3560 5852 Novella,
3594 5775 3653 5852 6,

2018 5843 2320 5909 Caeterum
2352 5851 2406 5907 si
2433 5850 2589 5926 quis.
