4120 6426
433 371 587 437 1255
1803 377 1833 438 J
1843 374 1935 437 US
1979 374 2080 436 CA1

2168 373 2234 437 ’Ν
2244 373 2429 436 ICUM
3659 368 3820 436 1256

426 509 583 570 diuis
613 509 828 585 cessio,
865 528 981 590 quo
1013 509 1074 570 in
1105 509 1317 571 ordine
1347 517 1483 571 ante
1513 517 1848 571 contractas
1880 505 2115 587 nuptias
2141 505 2682 587 conspiciebantur.
2718 506 2811 568 Ad
2850 505 3088 569 habitus
3118 513 3317 570 autem
3371 505 3692 583 clericalis,
3754 513 3818 568 et

427 599 671 679 reliquae
699 598 1022 660 functionis
1052 599 1112 660 in
1142 598 1422 662 Ecclesiis
1458 599 1870 680 privationem,
1919 615 2035 658 non
2087 595 2331 657 omnino
2389 595 2883 672 condemnentur,
2944 605 3238 677 quatenus
3282 601 3346 680 u_t
3403 613 3535 658 eam
3595 593 3813 657 obeant

422 689 510 749 fas
540 689 742 750 fuerit.

487 777 574 838 De
603 777 778 839 laic-is
809 776 889 838 ad
915 778 1214 840 secundas
1244 784 1492 859 nuptias
1537 775 2011 840 transeuntibus.

2581 797 2605 832 α
2641 777 2766 854 Περὶ
2808 773 3046 854 διγάμων
3088 774 3315 833 λα’ίκῶν.
3355 799 3382 830 »

466 867 778 928 Enimvero
795 865 1028 927 divinns
1046 867 1146 928 ille
1165 868 1484 946 Apostolus
1506 863 2073 946 viduisjunioribus,

427 966 489 1018 ut
518 957 736 1018 alteras
765 954 837 1016 ad
867 957 1101 1036 nuptias
1154 965 1480 1032 transeant,
1529 956 1824 1038 siquidem
1861 955 1940 1015 ita
1970 971 2072 1012 ve-

429 1045 566 1124 lint,
595 1043 866 1125 permisit
901 1065 915 1104 :
969 1063 1173 1105 earum
1219 1056 1444 1107 naturae
1473 1045 1870 1106 lubricitatem
1904 1041 2074 1103 intel-

430 1135 646 1212 ligens.
671 1133 863 1194 Divini
883 1151 1022 1195 vero
1060 1137 1266 1197 Patres
1296 1138 1470 1198 etiam
1500 1136 1682 1215 viros,
1717 1134 1817 1215 qui
1849 1151 2072 1194 secun-

426 1224 534 1284 das
559 1221 795 1302 nuptias
810 1222 1122 1298 eligerent,
1139 1220 2068 1304 minimepntabantinhibendos,

426 1310 902 1392 quandoquidem
963 1310 1226 1372 libidinis
1302 1314 1554 1374 carnalis
1609 1313 1893 1392 impetum
1952 1329 2073 1372 non

427 1399 797 1479 ignorabant.
829 1398 955 1461 Non
984 1409 1180 1462 tamen
1232 1401 1343 1463 hoc
1382 1402 1625 1482 impune
1665 1402 1794 1463 ﬁeri
1825 1403 2070 1480 permit-

432 1489 656 1550 tebant.
690 1488 920 1570 Quippe
952 1489 1128 1569 primi
1158 1491 1406 1552 canonis
1449 1491 1658 1571 synodi
1718 1489 2071 1552 Laodicenis

2168 1491 2252 1552 τῆς
2282 1485 2336 1540 ἐν
2395 1486 2672 1556 Λαοδικείᾳ
2727 1484 2939 1564 συρόδου
2993 1486 3169 1542 κανών
3206 1501 3219 1514 ⁶

2156 1309 2494 1388 ςραονήματος
2561 1310 2638 1383 μὴ
2719 1309 3028 1386 ἀγνοοῦντες
3106 1317 3202 1375 τὴν
3259 1308 3632 1369 ἐπανάστασιν.

2242 862 2390 920 Ἀλλ’
2435 866 2462 920 ὁ
2493 865 2591 939 μὲν
2636 867 2780 928 θεῖος
2818 862 3144 927 Ἀπόστολος
3197 864 3292 926 τὰς
3349 863 3605 940 νεωτέρας
3633 865 3812 943 χήρας

2160 952 2351 1031 γάμοις
2424 954 2564 1018 αὖθις
2623 952 2998 1033 προσομιλεῖν,
3079 955 3122 1008 εί
3177 952 3476 1030 βούλοιντο,
3565 954 3810 1033 συνεχώ-

2160 1063 2320 1119 ρησεν
2353 1058 2365 1072 '
2430 1045 2492 1098 τὸ
2549 1041 2810 1100 εὖόλισθον
2879 1048 2977 1109 τῆς
3055 1045 3258 1122 φύσεως
3327 1042 3698 1119 ὑπειδόμενος.
3763 1050 3804 1097 0

2158 1128 2212 1185 δὲ
2241 1135 2376 1187 θεῖοι
2430 1131 2654 1210 Πατέρες
2706 1134 2794 1188 καὶ
2841 1132 2945 1188 τῶν
3007 1129 3206 1210 ἀνδρῶν
3250 1132 3370 1194 τοὺς
3425 1129 3671 1210 διγαμεῖν
3724 1133 3807 1186 αἱ·

2157 1219 2462 1298 ρουμὲνους,
2489 1220 2656 1294 ᾤοντο
2695 1219 2808 1277 δεῖν
2857 1224 2914 1278 οὗ
2975 1221 3053 1296 μὴ
3109 1219 3355 1297 κωλύειν,
3409 1221 3502 1277 τοῦ
3558 1229 3813 1300 σαρκικοῦ

3735 1305 3810 1362 Οὐ

2157 1398 2263 1472 μὴν
2294 1397 2687 1472 ἀνεπιτιμήτως
2733 1395 2921 1454 εἴασαν
2968 1396 3139 1476 ἔχειν.
3187 1398 3328 1463 Φησὶ
3371 1398 3468 1474 γὰρ
3517 1399 3543 1452 ὁ
3596 1400 3810 1474 πρῶτος

3284 1488 3343 1542 Οἱ
3389 1486 3626 1561 νομίμως
3681 1481 3807 1537 δευ-

428 1579 555 1639 haec
584 1577 766 1639 verba
795 1569 968 1639 sunt:
995 1577 1104 1651 Qui
1137 1581 1396 1658 legitime
1421 1569 1714 1643 secundas
1743 1579 1813 1640 ad
1841 1581 2073 1658 nuptias

2168 1575 2321 1653 τέροις
2365 1575 2716 1650 ὁμιλήσαντες
2756 1576 2970 1653 γάμοις,
3017 1573 3194 1652 ὀλίγου
3242 1571 3311 1629 δι’
3355 1571 3720 1634 ὲππεύσαντος
3750 1569 3818 1619 2'5

433 1666 813 1740 transierunt,
846 1665 946 1728 ubi
964 1685 1072 1746 per
1091 1668 1364 1747 exiguum
1387 1669 1673 1750 temporis
1693 1668 1948 1748 spatium
1974 1667 2070 1728 in-

2168 1665 2376 1744 ίρόνου,
2417 1665 2505 1720 καὶ
2534 1677 2654 1729 ταῖς
2726 1665 2916 1743 εὒχαῖς
2973 1663 3058 1719 καὶ
3114 1663 3238 1727 ταῖς
3299 1663 3564 1730 νηστείαις
3595 1659 3815 1741 σχσλά-

431 1756 793 1830 tercesserit,
854 1774 922 1818 ac
980 1757 1259 1837 precibus
1317 1767 1373 1819 et
1414 1748 1659 1838 jejuniis
1716 1757 2068 1832 vacaverint,

2168 1775 2367 1828 παντες,
2426 1753 2522 1821 τῆς
2591 1754 2865 1816 κοινωνίας
2953 1753 3088 1808 κατὰ
3136 1752 3457 1830 συγγνώμην
3539 1748 3814 1808 ἀπολαυέ-

428 1845 850 1906 communione
875 1863 980 1924 per
998 1845 1423 1926 indulgentiam
1450 1849 1737 1909 fruantur.
1765 1845 1863 1908 Sin
1885 1845 2070 1927 prius,

2168 1846 2383 1904 τθωσαν,
2417 1843 2476 1900 Εἰ
2519 1840 2573 1897 δὲ
2601 1843 2719 1921 πρὶν
2768 1843 2833 1898 τὰ
2879 1842 2969 1897 τοῦ
3012 1843 3236 1916 νομίμου
3292 1842 3463 1919 γάμου
3505 1839 3816 1895 τελέσασθαι

425 1952 603 2012 quam
635 1933 928 2012 legitimas
958 1937 1383 1997 contraherent
1415 1938 1670 2017 nuptias,
1705 1935 2074 1999 clandestino

2168 1931 2376 2010 λαθραία
2447 1930 2578 2005 μίξει
2680 1929 2955 2004 συνῆλθον,
3040 1931 3128 1985 καὶ
3219 1931 3292 1994 ὡς
3389 1929 3812 2007 πεπορνευκότες

429 2010 750 2083 concubitu
781 2023 1055 2093 coierint,
1091 2025 1265 2086 etiam
1289 2010 1610 2105 puniantur
1626 2043 1733 2087 ceu
1767 2025 2077 2086 scortatio-

2168 2020 2608 2094 ἐπιτιμάσθωσαν,
2651 2010 2706 2076 Ὀ
2737 2017 2790 2074 δὲ
2821 2019 2986 2097 μέγας
3045 2018 3329 2083 Κασύλειος
3376 2017 3427 2073 ἐν
3475 2023 3553 2090 τῷ
3580 2018 3819 2096 τετάρτῳ

2203 2113 2215 2126 9
2291 2115 2313 2124 -ο
2464 2109 2475 2126 1
2617 2111 2668 2126 ΑΩ
2773 2108 2788 2126 κ
3020 2108 3034 2126 \
3139 2106 3153 2124 ν
3205 2105 3218 2126 Ἰ
3281 2107 3295 2126 9
3455 2107 3471 2126 \
3559 2105 3583 2126 θ’
3802 2107 3815 2126 ε

429 2110 522 2172 nis
547 2113 653 2172 rei.
693 2115 937 2191 Magnus
969 2122 1162 2174 autem
1213 2114 1316 2175 ille
1366 2114 1618 2175 Basilius
1647 2115 1704 2174 in
1736 2121 1942 2194 quarto
1976 2133 2072 2174 ca-

434 2219 590 2262 none
639 2219 796 2262 suo:
861 2202 1139 2276 Quidam,
1199 2203 1410 2283 inquit,
1462 2203 1533 2263 ad
1592 2222 1811 2264 annum
1869 2222 2076 2278 unum,

430 2289 669 2370 quidam
703 2289 772 2351 ad
821 2290 972 2351 duos
1024 2301 1230 2352 arcent
1283 2312 1418 2353 eum
1476 2311 1507 2352 a
1540 2291 1960 2354 communione
1991 2311 2079 2353 sa-

428 2397 548 2451 cra,
580 2380 678 2458 qui
714 2380 1012 2442 secundas
1043 2381 1277 2462 nuptias
1294 2381 1613 2442 contrahit.
1640 2379 1827 2460 Idem,
1857 2399 2082 2443 canone

427 2486 528 2529 xu
557 2467 811 2544 :Vidua,
836 2468 1049 2549 inquit,
1078 2469 1126 2529 si
1163 2470 1447 2548 proximis
1481 2469 1827 2548 parentibus
1857 2479 2080 2550 careat,

431 2558 607 2617 etiam
635 2557 704 2617 ad
732 2558 1025 2618 secundas
1055 2557 1340 2619 arbitratu
1382 2577 1487 2618 suo
1513 2559 1748 2637 nuptias
1769 2559 2084 2620 convolare

433 2663 549 2709 non
605 2645 971 2725 prohibetur.
1007 2646 1152 2707 Nam
1188 2647 1454 2727 Apostoli
1482 2647 1660 2708 verba
1689 2657 1867 2708 sunt:
1905 2648 1967 2709 Si
1998 2648 2085 2708 vir

434 2741 703 2794 mortuus
733 2734 931 2814 fuerit,
970 2734 1164 2796 libera
1193 2744 1306 2811 est,
1371 2744 1432 2796 ut
1490 2737 1542 2797 ei
1603 2736 1806 2812 nubat,
1841 2736 1932 2798 cui
1964 2737 2079 2800 vul.

433 2822 715 2883 Parentes
746 2831 940 2883 autem
995 2823 1128 2897 vivi,
1194 2843 1445 2904 quorum
1504 2834 1593 2886 est
1649 2827 1708 2886 in
1764 2833 2082 2906 potestate,

434 2914 479 2972 si
531 2927 648 2972 non
709 2912 1142 2986 consenserint,
1209 2914 1546 2992 nuptiarum
1599 2914 2081 2993 conjunctionein

435 3000 719 3061 dirimere
741 3009 1004 3080 possunt.
1041 3001 1272 3082 Quippe
1304 3003 1396 3064 lex
1419 3003 1496 3063 ait
1525 3003 1640 3082 (l2:
1666 3025 1679 3064 :
1703 3003 2085 3080 Emancipata

435 3089 630 3150 minor
658 3089 829 3150 annis
860 3107 998 3163 xxv,
1031 3092 1325 3153 secundas
1355 3092 1426 3152 ad
1477 3091 1710 3172 nuptias
1742 3091 2079 3164 transitura,

433 3178 508 3238 de
539 3180 722 3258 patris
753 3179 1047 3241 sententia
1080 3178 1284 3240 nubat.
1322 3179 1532 3241 Mulier
1558 3180 1730 3241 vidua
1759 3182 2082 3250 (12'Hem-

435 3285 540 3345 pus
575 3266 765 3327 luctus
780 3276 1124 3346 exspectare
1139 3268 1392 3348 cogitur,
1410 3277 1652 3349 propter
1672 3269 2080 3331 confusionem

2162 2113 2318 2168 αὒτοῦ
2348 2109 2555 2180 κανόνι,
2613 2111 2672 2165 Οἱ
2729 2108 2850 2187 μὲν,
2909 2108 3088 2186 φησὶν,
3137 2105 3218 2163 ἐπ’
3277 2107 3512 2165 ἐνιαυτὸν
3559 2105 3690 2179 ἕνα,
3767 2107 3818 2160 οἱ

2162 2195 2207 2252 δ’
2251 2197 2336 2254 ἐπὶ
2392 2194 2478 2253 δύο
2529 2203 2626 2263 τῆς
2686 2199 2842 2275 ἱερᾶς,
2898 2196 3134 2274 εἴργουσι
3179 2197 3455 2257 κοινωνίας
3511 2197 3601 2250 τὸν
3657 2193 3817 2271 διγα-

2164 2294 2385 2362 μοῦντα.
2420 2286 2508 2344 Ἐν
2538 2283 2592 2340 δὲ
2622 2292 2699 2360 τῷ
2738 2274 2865 2360 μα’,
2929 2276 2988 2341 Ἠ
3048 2287 3218 2364 χήρα,
3280 2285 3462 2364 φησὶν,
3521 2284 3678 2338 εἶκαὶ
3708 2287 3817 2338 τῶν

2164 2376 2450 2455 προσεχῶν
2505 2374 2705 2452 γονέων
2760 2374 3040 2453 ἀφῄρεται,
3097 2376 3185 2429 καὶ
3233 2375 3306 2436 είς
3356 2370 3590 2450 δεύτερον
3643 2370 3820 2426 ἐλθεῖν

2166 2466 2479 2543 αὐθαιρέτως
2564 2465 2623 2520 οὗ
2677 2461 2968 2518 κεκώλυττι
3025 2462 3369 2519 συνοικέσιον.
3416 2462 3555 2526 Φησὶ
3612 2461 3711 2539 γὰρ
3785 2461 3815 2514 ὁ

2166 2552 2490 2617 Ἀπόστολος
2526 2568 2539 2581 '
2589 2553 2715 2608 Ἐὰν
2746 2549 2801 2606 δὲ
2823 2551 3060 2626 ἀποθάνῃ
3113 2552 3140 2605 ὁ
3192 2551 3347 2630 ἀνὴρ,
3412 2548 3649 2628 ἐλευθέρα
3678 2549 3815 2620 ἐστὶ,

2165 2647 2209 2699 ὦ
2252 2643 2412 2720 θέλει,
2472 2643 2800 2721 γαμηθῆναι,
2860 2646 3059 2703 Ζῶντες
3119 2637 3174 2694 δὲ
3242 2643 3288 2695 οἱ
3341 2652 3544 2717 γονεῖς,
3588 2640 3660 2693 ὧν
3717 2639 3816 2693 ὑπ-

2168 2732 2398 2798 εξούσιος
2463 2731 2589 2787 οὖσα
2650 2729 2928 2808 τυγχάνει,
2977 2729 3062 2784 ⁴μιαὶ
3107 2728 3184 2802 μὴ
3232 2727 3645 2800 συναινέσαντες,
3694 2725 3818 2782 δια-

2168 2829 2366 2878 σπᾶσλι
2392 2818 2630 2876 δύνανται
2676 2820 2773 2884 τὴν
2817 2825 2908 2873 τοῦ
2967 2817 3140 2894 γάμου
3189 2817 3490 2896 συνάφειαν.
3550 2817 3689 2882 Φησὶ
3718 2817 3820 2894 γὰρ

2168 2914 2195 2968 ὁ
2226 2913 2385 2984 νόμος
2421 2929 2434 2942 ⁸
2498 2903 2558 2964 Ἠ
2634 2907 2865 2967 ἐλάττων
2921 2913 3026 2962 τῶν
3083 2895 3165 2961 κε’
3222 2905 3474 2961 ἐνιαυτῶν
3518 2903 3821 2969 αὖτεξουσία

2169 2999 2436 3076 μέλλουσα
2505 2995 2934 3076 δευτερογαμεῖν,
3035 2995 3225 3074 γνώμῃ
3294 3002 3384 3051 τοῦ
3441 2996 3640 3072 πατρὸς
3713 3015 3820 3072 γα-

2168 3093 2386 3166 μεὶσθω.
2441 3082 2506 3144 Ἢ
2545 3088 2693 3167 χήρα
2735 3087 2868 3163 γυνὴ
2912 3084 3293 3160 ἀναγκάζεσται
3346 3095 3526 3158 μεῖναι
3555 3085 3653 3148 τὸη
3683 3082 3818 3138 πέν-

2165 3185 2318 3256 θιμον
2353 3179 2549 3258 χρόνον
2597 3174 2681 3231 διὰ
2726 3175 2825 3240 τὴν
2868 3194 3126 3253 συγχυσιν
3186 3177 3284 3238 τῆς
3328 3177 3519 3251 γονῆς,
3579 3172 3706 3250 ὅπερ
3735 3171 3823 3228 ἐπὶ

2166 3279 2258 3328 τοῦ
2288 3266 2469 3346 ἀνδρὸς
2525 3264 2621 3322 οὐκ
2689 3262 2822 3323 ἔστι.
2884 3264 3194 3336 Γαμηθεῖσα
3263 3258 3317 3315 δὲ
3375 3263 3535 3339 πρινὴ
3599 3258 3826 3339 πληρω-

433 3355 703 3429 seminis,
738 3357 896 3433 quod
930 3356 988 3416 in
1022 3357 1144 3418 viro
1180 3347 1372 3419 locum
1408 3347 1536 3419 non
1557 3358 1755 3421 habet.
1782 3359 1922 3431 Quae
1942 3378 2080 3421 vero

2168 3361 2321 3426 θῆναι
2379 3357 2470 3412 τὸν
2513 3354 2647 3430 μετὰ
2701 3351 2922 3408 θάνατον
2976 3357 3068 3406 τοῦ
3111 3347 3293 3428 ἀνδρὸς
3350 3349 3606 3424 ἐνιαυτὸν,
3665 3349 3820 3405 ἀντι-

434 3443 703 3524 nupserit
763 3453 897 3506 ante
957 3464 1135 3525 quam
1193 3447 1524 3528 completus
1581 3447 1759 3509 fuerit
1813 3467 2004 3510 annus
2044 3468 2078 3510 a

437 3541 624 3594 morte
653 3533 867 3608 mariti,
896 3533 1212 3596 etinfamia
1241 3544 1499 3618 notatur,
1535 3554 1644 3599 nec
1663 3537 1816 3598 ultra
1842 3537 2076 3599 tertiam

433 3622 771 3683 facultatum
804 3641 1042 3684 suarum
1076 3632 1304 3704 partem
1365 3625 1533 3688 alteri
1588 3625 1798 3687 marito
1857 3626 2080 3688 donare

434 3719 648 3791 potest,
682 3711 771 3772 vel
805 3710 862 3772 in
898 3719 1252 3776 testamento
1283 3713 1646 3794 relinquere,
1695 3733 1829 3776 cnm
1862 3715 2082 3777 liberos

435 3799 666 3861 scilicet
697 3799 890 3860 nullos
919 3800 1096 3862 habet
1129 3819 1142 3863 :
1201 3820 1310 3864 nec
1337 3802 1462 3882 ipsa
1492 3803 1814 3884 quidquam
1843 3804 2087 3866 habebit

436 3906 502 3948 ex
535 3888 900 3962 haereditate,
931 3888 1025 3950 vel
1058 3889 1273 3966 legato,
1329 3891 1419 3953 vel
1457 3893 1662 3954 mortis
1694 3911 1870 3953 causa
1899 3892 2085 3954 dona-

437 3977 596 4038 tione
624 3994 642 4038 :
676 3978 780 4038 sed
812 3978 1110 4059 accipiunt
1143 3980 1268 4040 haec
1325 3980 1486 4041 illius
1519 3981 1643 4042 haec
1673 3981 1951 4058 heredes,
1987 3979 2090 4063 qui

434 4084 502 4127 ea
532 4065 795 4145 reliquit.
830 4064 893 4127 Si
930 4066 1070 4146 quid
1105 4067 1280 4128 etiam
1333 4068 1576 4149 reliquit
1606 4068 1662 4131 ei
1694 4070 1857 4149 prior
1887 4072 2075 4132 mari-

436 4165 550 4228 tus,
585 4171 788 4215 secum
819 4155 1035 4232 gradus
1093 4155 1300 4218 decem
1363 4177 1631 4238 personae
1659 4160 1919 4241 capiunt,
1976 4161 2091 4224 hoc

438 4252 550 4317 est,
583 4245 972 4305 ascendentes
1032 4253 1090 4304 et
1138 4245 1596 4320 descendentes,
1631 4256 1689 4308 et
1718 4247 1818 4328 qui
1849 4258 1988 4312 sunt
2018 4267 2090 4312 ex

438 4339 802 4406 transverso,
836 4350 1028 4412 usque
1058 4333 1128 4393 ad
1163 4334 1490 4395 secundum
1521 4335 1792 4414 gradum.
1845 4336 1933 4399 Ab
1991 4343 2088 4399 in-

436 4430 644 4483 testato
666 4431 886 4502 autem,
912 4422 1181 4483 haeredes
1208 4432 1593 4501 cognatorum
1615 4425 1878 4506 ipsorum
1902 4446 2092 4509 usque

436 4512 505 4571 ad
542 4511 776 4571 tertium
830 4511 1110 4573 duntaxat
1165 4511 1434 4589 gradum.
1496 4514 1647 4575 Buin
1708 4515 1888 4576 etiam
1929 4521 2090 4577 omni

2163 3458 2375 3534 μοῦται,
2410 3445 2497 3500 καὶ
2555 3447 2614 3501 οὐ
2661 3439 2870 3496 δύναται
2924 3438 3085 3496 πλέον
3151 3445 3242 3494 τοῦ
3293 3440 3466 3518 τρίτου
3512 3444 3611 3505 τῆς
3642 3439 3821 3503 οὐσίας

2163 3525 2326 3608 αὐτῆς
2358 3533 2551 3591 διδόναι
2581 3537 2657 3605 τῷ
2703 3528 2924 3608 δευτέρῳ
2966 3526 3131 3606 ἀνδρὶ,
3189 3527 3225 3596 ἢ
3282 3527 3335 3582 ἐν
3391 3525 3617 3607 διαθήκῃ
3659 3550 3825 3584 κατα-

2165 3633 2369 3706 λιπεῖν,
2402 3623 2489 3678 ὅτε
2515 3619 2712 3683 παῖδας
2757 3617 2961 3686 δηλαδὴ
3011 3619 3105 3675 οὐκ
3164 3616 3309 3696 ἔχει,
3367 3618 3454 3672 καὶ
3510 3617 3643 3684 αὐτὴ
3673 3615 3823 3676 οὐδὲν

2163 3721 2265 3787 ἕξει
2310 3705 2415 3772 ἀπὸ
2455 3710 2837 3789 κληρονομίας,
2883 3707 2920 3776 ἢ
2983 3705 3238 3785 ληγάτου,
3302 3706 3338 3774 ἢ
3382 3706 3565 3785 μόρτις
3615 3729 3814 3782 καυσα,

2166 3809 2328 3889 ἤγουν
2358 3799 2711 3860 ἐπιτελεντίου
2756 3795 2950 3889 δωρεάς
2991 3811 3022 3889 ’Δ
3066 3794 3202 3852 ἀλλὰ
3254 3801 3416 3889 ταῦττξ
3464 3792 3823 3889 λαμϐάνουσιν

2169 3882 2570 3972 οίχληρονόμοι
2612 3896 2706 3946 τοῦ
2759 3883 3166 3947 καταλιπόντος.
3215 3884 3314 3942 Καὶ
3361 3882 3414 3938 εἴ
3445 3905 3493 3939 τι
3537 3883 3824 3941 κατέλιπεν

2169 3991 2304 4063 αὒτῇ
2349 3987 2376 4040 ὂ
2445 3983 2652 4058 πρῶτος
2711 3975 2864 4054 ἀνὴρ,
2912 3972 3236 4049 λαμϐάνουσι
3292 3973 3428 4028 κατὰ
3483 3973 3686 4049 βαθμὸν
3754 3976 3823 4033 τὰ

2171 4061 2295 4132 δέκα
2358 4069 2637 4146 πρόσωπα,
2695 4063 2982 4143 τουτέστιν,
3073 4062 3307 4126 ἀνιόντες
3376 4061 3462 4118 καὶ
3521 4062 3821 4139 κατιόντες,

2171 4165 2258 4221 καὶ
2314 4161 2373 4218 ἐκ
2431 4155 2657 4234 πλαγίου
2709 4153 2870 4233 μέχρι
2925 4149 3164 4228 δευτέρου
3218 4151 3443 4226 βαθμοῦ,
3519 4148 3605 4216 Ἐξ
3675 4149 3824 4208 ἀδια-

2170 4252 2318 4310 θέτου
2384 4247 2464 4322 δὲ,
2524 4243 2846 4323 κληρονόμοι
2890 4241 2996 4298 τῶν
3053 4245 3321 4319 συγγενῶν
3393 4242 3560 4297 αὐτῶν
3619 4240 3823 4320 μέχρι-

2172 4342 2344 4421 τρίτου
2398 4336 2561 4412 μόνου
2630 4333 2852 4409 βαθμοῦ.
2914 4328 3082 4421 ’.αλλὰ
3136 4329 3223 4421 διαὶ
3279 4329 3455 4421 πάσης
3515 4325 3658 4421 ἀξίας
3690 4351 3819 4421 ςτέ-

2175 4415 2370 4511 ρεῖται,
2417 4425 2504 4481 καὶ
2533 4427 2637 4478 τῶν
2679 4421 2779 4476 ὑπὸ
2806 4425 2898 4475 τοῦ
2958 4417 3020 4467 24
3059 4417 3270 4496 πρώτου
3313 4415 3495 4496 ἀνδρὸς
3544 4418 3617 4480 εἷς
3657 4417 3824 4486 αὐτὴν

2177 4504 2434 4574 έλθόντων
2489 4509 2747 4590 προφάσει
2822 4509 3123 4587 μνήστρων,
3172 4505 3207 4574 ἢ
3263 4506 3397 4562 κατὰ
3452 4504 3700 4582 βούλησιν
3733 4515 3826 4565 τοῦ

438 4598 724 4678 dignitate
756 4597 1038 4678 privatur,
1066 4607 1125 4661 et
1155 4599 1248 4675 iis,
1283 4619 1416 4680 quae
1466 4619 1499 4662 a
1556 4601 1764 4663 marito
1801 4603 1986 4684 priori
2015 4605 2080 4666 ad

2176 4604 2615 4674 τελευτήσαντος.
2677 4598 2824 4656 Κατὰ
2913 4594 3159 4652 κάλευσιν
3201 4593 3256 4649 δὲ
3297 4593 3557 4670 βασιλέως
3615 4592 3826 4654 δύναται

437 4705 564 4748 eam
595 4696 990 4767 pervenerunt
1015 4706 1084 4750 ex
1108 4707 1283 4750 causa
1320 4689 1715 4772 sponsalium,
1756 4683 1845 4752 vel
1879 4710 2080 4755 secun-

2173 4696 2305 4774 γυνὴ
2339 4693 2393 4748 ἐν
2444 4695 2523 4762 τῷ
2564 4687 2814 4774 Δπενθίμῳ
2869 4685 3052 4765 χρόνῳ
3106 4683 3342 4761 δεύτερον
3397 4685 3616 4774 νυμφίον
3665 4685 3828 4764 ἑαυτῇ

437 4777 576 4838 dum
612 4777 962 4838 voluntatem
997 4778 1276 4839 defuntis.
1315 4768 1612 4860 Principis
1664 4768 1863 4843 autem
1913 4783 2080 4862 jussu

2178 4768 2500 4859 ἐπεισάγειν.
2564 4768 2626 4833 Ἠ
2672 4774 2726 4832 δὲ
2781 4783 3002 4831 τεκοῦσα
3069 4774 3120 4830 ἐν
3176 4777 3253 4848 τῷ
3309 4773 3552 4862 ’πενθίμῳ
3620 4775 3824 4854 χρόνῳ,

440 4874 629 4944 potest
681 4867 898 4928 mulier
952 4867 1105 4930 intra
1165 4867 1397 4947 lempus
1443 4859 1638 4931 luotus
1694 4859 1948 4932 alterum
1981 4871 2080 4940 sib:

2178 4877 2512 4950 παραχρῆμα
2561 4863 2772 4922 δύναται
2823 4867 3154 4950 γαμηθῆναι.
3230 4859 3404 4950 Οὒᾷεὶς
3459 4859 3670 4918 δύναται
3725 4867 3830 4920 ὑπὸ

440 4973 720 5043 sponsum
746 4957 1224 5028 inducere.Qua:
1248 4945 1477 5037 partum
1514 4958 1636 5020 edit
1673 4960 1829 5022 intra
1861 4969 2080 5043 tempus

2179 4945 2277 5028 τὴν
2327 4945 2602 5016 πολιτείαν
2669 4953 2743 5012 ὥν
2798 4959 2904 5010 τῶν
2963 4945 3235 5027 Ῥωμαίων
3305 4948 3395 5006 δύο
3465 4953 3700 5028 γαμετὰς
3773 4953 3830 5009 ἐν

441 5042 632 5106 luctus
667 5045 815 5125 (l3),
849 5046 1050 5108 statim
1105 5054 1354 5126 nuptum
1404 5065 1468 5108 se
1519 5048 1813 5112 collocare
1846 5038 2043 5130 potest
2077 5071 2080 5109 τ

2181 5058 2356 5125 ταυτῷ
2399 5047 2569 5127 ἔχων.
2620 5038 2677 5116 ιθ
2733 5045 2822 5104 δὺο
2877 5044 3111 5122 γαμετὰς
3169 5040 3222 5098 ἕν
3291 5042 3468 5115 ταύτῳ
3524 5042 3692 5123 ἔχων,
3738 5066 3830 5099 τυ-

1769 5217 2030 5284 VARUE
2071 5215 2506 5286 LECTIONES.

521 5311 585 5364 2³
611 5314 1042 5382 ὃιϊππεύσαντος,
1127 5318 1188 5368 94
1228 5320 1333 5377 ἀπὸ
1355 5327 1469 5381 τοῦ,

1999 5427 2248 5495 NOTAE.

529 5529 964 5633 {.132}.‘1_8.g
995 5534 1308 5633 genum.
1423 5625 1433 5633 ι
1498 5620 1511 5632 ,
1569 5619 1591 5633 η
1727 5618 1774 5633 η
1899 5619 1936 5633 η
1988 5618 2063 5633 Μ
2185 5621 2196 5633 ο
2255 5536 2380 5633 pa)
2413 5536 2455 5600 1.
2497 5537 2591 5598 ll.
2650 5535 2680 5615 §
2728 5536 3122 5617 Pomponius.
3177 5533 3248 5594 D.
3303 5531 3392 5592 De
3439 5527 3830 5610 hisquinot.

446 5710 516 5754 ca
520 5611 730 5775 £12921.
761 5613 822 5674 lt
842 5661 856 5676 .
885 5611 956 5678 D.
989 5614 1074 5676 De
1094 5611 1308 5698 hisoui
1333 5625 1460 5685 not.
1487 5618 2089 5702 infamNovellaQQ,
2173 5611 2397 5700 infani.
