4120 6408
309 390 333 454 1
345 382 460 456 257

304 530 534 598 πτέσθω,

308 619 443 695 μετά
493 627 599 677 τῶν
668 623 964 704 τεχθέντων
1034 625 1086 692 ἐξ
1153 631 1319 695 αὐτῆς
1386 625 1604 686 παίδων.
1671 617 1729 685 Ὀ
1785 626 1952 706 μέγας

308 707 577 776 Βασίλειος
633 711 686 769 ἐν
743 721 819 788 τῷ
861 712 907 770 δ’
947 716 1152 790 κανόνι,
1214 707 1334 775 Ἐπι
1370 723 1474 774 τῶν
1515 717 1785 798 τριγάμων
1839 737 1957 772 συν-

306 797 513 878 ήθειαν,
579 803 732 881 φησὶ,
795 803 1184 882 κατελάϐομεν,
1246 797 1557 870 πενταετίας
1609 805 1900 887 ἀφορισμόν
1935 820 1949 834 ⁶

307 893 398 943 τοὺ
450 889 624 968 γάμου
685 890 889 960 δηλαδὴ
939 895 1017 971 μὴ
1047 892 1439 972 διασπωμένου.
1492 894 1718 955 Καλοῦσι
1765 893 1820 950 δὲ
1862 895 1954 950 τὸν

305 987 543 1064 τοιοῦτον
613 979 785 1039 ούκέτι
854 983 1045 1060 γάμον,
1123 983 1258 1042 ἀλλὰ
1312 985 1668 1064 πολυγαμίαν.
1739 983 1952 1040 Μᾶλλον

305 1062 359 1120 δὲ
416 1069 656 1148 πορνείαν
713 1069 1136 1151 κεκολασμένην,
1233 1073 1468 1132 τουτέστι
1555 1076 1632 1152 μὴ
1707 1072 1954 1154 διακεχυο

309 1155 499 1230 μένην,
534 1156 671 1214 ἀλλὰ
716 1160 1164 1238 συνεσταλμένην,
1207 1165 1294 1222 καὶ
1349 1165 1402 1222 ἐν
1462 1169 1558 1240 μιᾷ
1623 1184 1950 1243 περιγραφο-

306 1244 474 1319 μένην
549 1248 777 1325 γυναικί.
854 1252 947 1306 Διὸ
999 1253 1086 1308 καὶ
1128 1255 1171 1332 ‘6
1227 1254 1414 1332 Κύριος
1473 1259 1542 1330 τῇ
1615 1249 1950 1332 Σαμαρείτιδι

306 1334 462 1422 πέντε
494 1323 680 1415 ἄνδρας
710 1335 1062 1422 διαμειψάση,
1127 1323 1210 1400 ε’ον
1269 1323 1378 1416 νύν,
1439 1323 1620 1422 φησὶν,
1653 1323 1824 1420 ἔχεις,
1857 1341 1952 1397 οὐκ

305 1420 414 1480 ἔστι
464 1446 558 1482 σου
601 1426 757 1507 ἀνήρ.
821 1419 910 1491 ἐὶς
974 1433 1068 1488 οὐκ
1110 1429 1250 1488 ἐστιν
1307 1419 1463 1496 ἄξιον
1514 1431 1620 1487 τῶν
1662 1419 1951 1509 ὅπερεκπε-

303 1514 504 1572 σόντων
545 1524 638 1574 τοῦ
691 1518 899 1598 μετρίου
955 1525 1054 1587 τῆς
1111 1519 1381 1599 διγαμίας,
1438 1527 1514 1596 τῷ
1568 1530 1660 1580 τοῦ
1700 1519 1884 1599 ἀνδρὸς
1913 1519 1949 1585 ἦ

301 1604 402 1670 τῆς
459 1608 706 1684 γυναικὸς
761 1605 1036 1664 καλεῖσθαι
1096 1612 1452 1690 προσρήματι,
1517 1619 1613 1666 Δεῖ
1667 1607 1746 1690 δὲ,
1793 1610 1942 1689 φησὶ,

304 1694 382 1768 μὴ
439 1695 614 1762 πάντη
673 1696 888 1760 τούτους
945 1698 1212 1778 ἀπείργειν
1267 1704 1366 1767 τῆς
1423 1698 1766 1780 Ἐκκλησίας,
1825 1697 1942 1755 ἀλλ’

1628 397 2366 466 ϐΒιΕΟΟ-ΒΟΜΑΝΠΜ.

651 532 1038 612 ἔκδιωκομένης
1120 539 1221 606 τῆς
1313 537 1622 596 ἐπεισάκτου
1705 538 1944 615 γυναικὸς

2034 529 2224 592 Nemo
2260 529 2412 612 (14),
2443 529 2548 612 qui
2587 528 2697 592 sub
2727 547 3110 593 romanorum
3142 528 3369 594 ditione
3396 531 3494 614 sit,
3521 531 3696 597 binas

3542 397 3697 464 1258

2037 638 2254 681 uxores
2285 619 2496 682 eodem
2551 626 2820 702 tempore
2875 626 3072 702 potest
3111 618 3358 683 habere.
3406 620 3518 694 Qui
3547 622 3693 686 duas

2037 727 2251 770 uxores
2281 709 2493 772 eodem
2527 707 2706 770 habet
2737 717 3005 783 tempore
3039 707 3192 790 (15),
3224 709 3606 774 verberator:
3635 720 3695 774 et

2037 798 2461 880 superinducta
2490 797 2705 860 mulier
2733 797 2973 877 ejicitor
2993 816 3111 861 una
3148 816 3286 862 cum
3319 799 3474 862 uatis
3519 819 3589 863 ex
3622 818 3693 864 ea

2037 886 2266 950 liberis.
2301 889 2544 965 Magnus
2601 887 2704 950 ille
2755 886 3009 950 Basilius
3057 888 3121 949 in
3162 899 3381 969 quarto
3405 907 3637 952 canone
3670 911 3686 952 :

2035 976 2564 1055 Consuetudinem,
2624 975 2840 1058 inquit,
2903 977 2963 1039 in
3020 977 3514 1041 contrahentibus
3564 987 3690 1042 ter-

2036 1065 2142 1127 tias
2192 1065 2428 1147 nuptias
2483 1066 2849 1148 accepimus,
2883 1065 2944 1127 in
2995 1065 3426 1147 quinquiennio
3479 1085 3690 1149 segre-

2033 1163 2300 1234 gentur:
2338 1154 2418 1216 ita
2449 1161 2669 1231 tamen,
2705 1162 2771 1216 ut
2827 1155 3024 1236 ipsum
3074 1156 3518 1219 matrimonium
3568 1175 3688 1221 non

2035 1243 2370 1308 dirimatur.
2447 1245 2672 1305 Vocant
2755 1253 2953 1306 autem
3034 1245 3140 1307 has
3223 1263 3344 1307 non
3429 1246 3688 1328 amplius

2034 1332 2292 1414 nuptias,
2344 1332 2447 1395 sed
2499 1333 2844 1414 nuptiarum
2903 1333 3332 1415 pluralitatem,
3365 1335 3486 1398 imo
3515 1351 3688 1398 scori-

2036 1422 2317 1484 tationem
2376 1424 2732 1499 coercitam,
2795 1424 2906 1486 hoc
2965 1432 3102 1499 est,
3153 1441 3274 1486 non
3323 1424 3450 1487 late
3499 1425 3688 1489 diffu-

2030 1528 2180 1592 sam,
2241 1510 2346 1574 sed
2388 1519 2790 1588 contractam,
2843 1522 2903 1575 et
2953 1531 3085 1593 quae
3141 1512 3204 1574 in
3253 1531 3374 1577 una
3435 1515 3691 1578 muliere

2030 1599 2800 1665 circumscribitur.ldcirco
2829 1601 3120 1664 Dominus
3152 1602 3332 1664 etiam
3360 1602 3435 1665 ad
3466 1605 3688 1666 mulie-

2028 1707 2158 1752 rem
2219 1690 2382 1752 illam
2431 1691 2866 1754 Samaritanam
2895 1740 2912 1767 ,
2976 1709 3107 1774 quas
3157 1692 3316 1754 viros
3376 1692 3684 1774 quinque,

301 1780 355 1840 ἐν
384 1796 504 1848 τοϊς
529 1784 714 1849 τόποις
758 1786 940 1862 μόνοις
972 1787 1078 1843 τῶν
1137 1787 1512 1868 ἀκροωμένων,
1569 1789 1657 1844 καὶ
1699 1779 1944 1844 σύνιστα-

2034 1798 2216 1842 unum
2243 1789 2372 1862 post
2398 1779 2604 1853 alium,
2645 1780 2984 1843 habuerat:
3021 1780 3218 1854 Quem
3263 1800 3424 1844 nunc
3474 1782 3684 1860 habes,

302 1871 474 1947 μένων
547 1877 853 1952 μετρεῖσθαι
919 1875 1124 1940 τούτοις
1181 1877 1282 1945 τὴν
1338 1875 1650 1957 καταδίκην,
1721 1879 1780 1934 ού
1840 1877 1947 1957 μὴν

299 1963 388 2018 καὶ
443 1969 547 2019 τῶν
591 1963 1043 2044 προσκλαιόντων.
1104 1963 1268 2023 Ἀλλὰ
1310 1968 1397 2022 καὶ
1469 1955 1703 2030 «60146»;
1754 1973 1833 2041 τῷ
1875 1955 1942 2043 ν’,

301 2052 588 2131 Τριγαμίας
657 2053 838 2129 νόμος,
909 2056 1090 2135 φησὶν,
1151 2057 1244 2112 ούκ
1299 2055 1462 2130 ἔστιν,
1510 2054 1947 2123 ἐκκλησιαστικὸς

299 2137 526 2213 δηλαδή.
579 2144 654 2202 Τὰ
707 2143 889 2220 μέντοι
932 2151 1171 2225 τοιαῦτα,
1233 2149 1326 2203 οἷα
1367 2146 1506 2224 ῥύπη
1554 2151 1652 2212 τῆς
1702 2143 1940 2212 Ἐκκλη-

298 2231 412 2295 σίας
464 2235 690 2311 ὁρῶμεν.
747 2234 1040 2310 Δημοσίαις
1081 2231 1135 2290 δὲ
1183 2233 1486 2300 καταδίκαις
1546 2239 1650 2315 οὔχ
1701 2231 1942 2296 ὑποϐάλ-

299 2318 486 2398 λομεν,
561 2324 635 2388 ὡς
690 2329 788 2391 τῆς
844 2323 1127 2399 ἀνειμένης
1184 2326 1422 2403 πορνείας
1478 2325 1812 2404 αἱρετώτερα,
1871 2323 1944 2382 Ού

296 2412 396 2490 γὰρ
443 2410 855 2489 καταδικάζομεν
908 2413 1008 2480 τὴν
1063 2411 1270 2493 πρᾶξιν,
1327 2412 1465 2470 ὥστε
1532 2414 1620 2469 καὶ
1667 2410 1890 2486 διασπᾷν
1923 2428 1938 2443 ⁸

296 2501 434 2558 κατά
460 2499 514 2557 δὲ
557 2503 646 2558 τόν
677 2503 861 2559 αὐτίκα
918 2502 1280 2581 ῥηθησόμενον
1338 2507 1437 2570 τῆς
1468 2501 1709 2566 ένώσεως
1752 2502 1940 2579 τόμον,

291 2591 381 2646 καὶ
420 2591 539 2672 τὴν,
576 2588 856 2659 διαστολὴν
901 2593 988 2648 καὶ
1045 2597 1224 2672 ψῆφον
1267 2596 1450 2672 αὐτοῦ,
1506 2591 1719 2656 τούτους
1775 2589 1942 2672 δεχό-

293 2683 450 2754 μεθα.
530 2671 587 2738 Ὀ
655 2679 710 2738 δὲ
765 2685 859 2750 τῆς
949 2671 1222 2760 θεολογίας
1298 2671 1575 2758 ἐπώνυμος
1640 2682 1728 2738 καὶ
1775 2671 1941 2760 μέγας

291 2768 607 2850 Γρηγόριος,
683 2771 754 2828 Τὸ
809 2770 1042 2850 πρῶτον,
1099 2772 1250 2848 φησὶ,
1310 2769 1633 2828 συνοικέσιον
1664 2770 1849 2848 νόμος,
1879 2773 1941 2828 τὸ

289 2855 527 2937 δεύτερον
611 2859 979 2939 συγχώρησις,
1040 2861 1102 2916 τὸ
1156 2861 1329 2938 τρίτον
1398 2861 1722 2939 παρανομία.
1768 2862 1840 2919 Τὸ
1893 2857 1939 2916 δ’

285 2948 420 3027 ὑπὲρ
489 2955 666 3029 τοῦτο,
726 2946 998 3029 χοιριωης
1054 2949 1189 3030 βίος,
1250 2947 1366 3008 οὐδὲ
1423 2947 1596 3007 πολλὰ
1640 2948 1786 3030 ἔχων
1842 2953 1940 3017 τῆς

283 3037 476 3101 κακίας
547 3037 623 3136 τά
653 3035 1074 3116 παραδείγματα.
1126 3029 1184 3096 Ὀ
1270 3034 1324 3092 δὲ
1379 3042 1478 3105 τῆς
1535 3036 1590 3094 ἐν
1634 3049 1996 3136 Nsomtoat-C

280 3127 398 3204 ρείᾳ
471 3124 685 3184 συνόδου
743 3128 914 3207 τρίτος
983 3127 1180 3208 κανὼν,
1268 3128 1392 3207 Περὶ
1461 3132 1566 3184 τῶν
1641 3127 1932 3204 πλείστοις,

2030 1868 2244 1950 inquit,
2299 1889 2418 1932 non
2469 1869 2577 1932 tibi
2629 1871 2874 1932 maritus
2931 1879 3042 1933 est.
3096 1871 3264 1934 Adeo
3301 1889 3421 1933 non
3450 1887 3685 1952 aequum

2031 1967 2140 2034 est,
2174 1970 2240 2022 ut
2269 1959 2371 2040 qui
2401 1960 2553 2021 ultra
2585 1959 3058 2022 mediocritatem
3091 1960 3498 2022 secundarum
3523 1979 3681 2042 nup-

2033 2045 2243 2108 tiarum
2303 2048 2560 2130 prolapsi
2611 2055 2772 2124 sunt,
2826 2047 3072 2110 nomine
3132 2049 3334 2110 mariti-
3357 2049 3452 2112 vel
3482 2051 3687 2112 uxoris

2028 2137 2424 2217 appellentur.
2459 2139 2707 2218 Oportet
2754 2147 2980 2214 autem,
3039 2137 3249 2220 inquit,
3288 2156 3407 2200 non
3438 2156 3685 2219 prorsus

2027 2225 2135 2287 hos
2164 2244 2370 2290 arcere
2398 2226 2470 2288 ab
2503 2225 2792 2300 Ecclesia,
2846 2227 2952 2288 sed
3013 2228 3093 2287 ita
3136 2225 3398 2304 mitigari
3445 2243 3680 2307 panum

2027 2332 2260 2392 eorum,
2290 2316 2442 2377 utin
2473 2316 2622 2378 locis
2676 2313 3042 2378 audientium
3093 2315 3399 2390 duntaxat,
3457 2323 3516 2378 et
3565 2335 3684 2379 una

2026 2404 2348 2481 stantium,
2414 2404 2786 2482 consistant;
2844 2423 2963 2466 non
3035 2403 3213 2467 etiam
3271 2421 3524 2486 eorum,
3579 2405 3682 2487 qui

2026 2493 2280 2572 plorant.
2316 2498 2544 2558 Rursus
2574 2495 2768 2575 inquit
2793 2495 2854 2556 in
2884 2513 3116 2557 canone
3162 2493 3676 2576 quinquagesimo.

2034 2585 2117 2644 De
2151 2583 2342 2653 tertiis
2372 2587 2593 2666 nuptiis
2643 2584 2805 2646 nulla
2853 2584 2954 2646 lex
3001 2592 3112 2659 est,
3148 2583 3425 2645 videlicet
3477 2583 3680 2646 eccles-

2026 2673 2284 2735 siastica.
2332 2670 2625 2735 Nimirum
2688 2671 2992 2754 ejusmodi
3059 2679 3340 2754 tanquam
3391 2670 3680 2736 Ecclesiae

2023 2761 2235 2825 sordes
2263 2761 2585 2824 intuemur.
2628 2763 2890 2828 Publicis
2911 2769 3112 2825 autem
3139 2761 3331 2842 panis
3373 2778 3494 2824 non
3526 2762 3676 2825 sub-

2016 2850 2282 2930 jicimus,
2315 2851 2494 2912 veluti
2536 2870 2669 2932 quae
2698 2852 2885 2915 libera
2929 2850 3290 2914 scortatione
3335 2851 3522 2930 magis
3553 2853 3676 2914 sint

2023 2941 2327 3022 optabilia.
2359 2939 2487 3003 Non
2533 2942 2694 3003 enim
2735 2961 2866 3005 rem
2915 2944 2998 3004 ita
3039 2943 3416 3017 damnamus,
3452 2949 3515 3002 ut
3545 2959 3674 3004 ma-

2023 3030 2369 3093 trimonium
2415 3031 2609 3112 ipsum
2662 3030 3015 3093 dirimamus
3047 3050 3060 3090 :
3097 3030 3203 3092 sed
3247 3030 3417 3110 juxta
3447 3036 3671 3094 tomum

2024 3119 2281 3197 unionis,
2315 3139 2492 3202 quem
2553 3140 2686 3182 mox
2736 3140 2941 3183 sumus
2991 3119 3340 3201 exposituri,
3369 3126 3428 3182 et
3453 3118 3672 3182 distin—

278 3215 438 3296 φησὶ,
503 3215 698 3294 γάμοις
742 3217 1157 3298 περιπεσόντων,
1217 3217 1290 3282 ὡς
1347 3217 1436 3274 καὶ
1515 3217 1610 3285 τῆς
1657 3217 1936 3298 τριγαμίας

2031 3209 2281 3273 :tiouem
2337 3218 2512 3291 atque
2577 3210 2929 3272 sementiam
2988 3210 3138 3290 ejus,
3201 3209 3384 3272 hasce
3435 3209 3675 3290 nuptias

277 3301 564 3385 προελθεῖν
632 3306 905 3385 παρετέρω
959 3304 1047 3387 28,
1122 3309 1150 3364 6
1219 3305 1318 3384 μὲν
1389 3305 1680 3385 ὡρισμένος
1741 3307 1936 3387 χρόνος

2031 3299 2412 3361 admittimus.
2443 3301 2689 3380 Magnus
2718 3308 2916 3362 autem
2947 3299 3048 3360 ille
3079 3299 3422 3378 Gregorius,
3457 3317 3676 3379 cogno-

278 3393 488 3473 σαφὴς,
520 3393 557 3462 ἢ
585 3395 675 3451 καὶ
703 3395 946 3474 ἀτεχνῶς
1004 3395 1236 3474 ἀσαφὴς,
1289 3395 1366 3472 μή
1409 3415 1550 3462 τινος
1596 3398 1701 3451 τῶν
1731 3393 1934 3453 παλαι-

2031 3388 2181 3451 mine
2213 3387 2592 3469 Theologus:
2628 3390 2892 3453 Primum
2919 3388 3263 3469 conjugium
3297 3389 3422 3467 lex,
3453 3388 3671 3470 inquit,

274 3483 452 3563 τέρων
522 3480 882 3550 δηλώσαντος.
945 3485 1009 3542 Ἦ
1063 3481 1118 3540 δὲ
1182 3484 1358 3548 πίστις
1414 3485 1501 3540 καὶ
1545 3485 1582 3551 ἡ
1626 3483 1932 3564 ἀναστροφὴ

2031 3477 2267 3539 ilterum
2319 3479 2655 3560 permissio,
2705 3479 2947 3541 tertium
2993 3477 3254 3540 violatio.
3313 3477 3486 3551 Quod
3517 3479 3676 3544 ultra

272 3578 392 3629 τῶν
483 3573 880 3648 μετανοούντων
971 3572 1272 3649 συντέμνειν
1357 3570 1469 3630 οἶδε
1565 3573 1655 3630 τὸν
1711 3571 1930 3654 χρόνον,

273 3663 469 3742 φησίν.

2017 3567 2152 3649 hoc,
2187 3567 2435 3648 porcina
2454 3567 2567 3630 vita
2594 3575 2705 3651 est,
2737 3588 2853 3631 noc
2878 3567 3062 3631 multa
3091 3567 3220 3630 vitii
3247 3566 3427 3630 habet
3457 3586 3668 3630 exem-

2019 3656 2137 3736 pla.
2208 3660 2407 3720 Canon
2485 3665 2683 3718 autem
2765 3656 2974 3719 tertius
3030 3654 3270 3717 concilii
3346 3659 3670 3721 Neocaesa-

271 3750 506 3815 riensis
539 3768 554 3814 :
592 3751 678 3814 De
707 3749 812 3828 iis,
836 3747 940 3831 ait,
976 3749 1076 3831 qui
1109 3748 1310 3830 plures
1338 3749 1421 3813 ita
1451 3755 1804 3813 contraxere
1833 3747 2093 3829 nuptias,
2127 3755 2193 3808 ut
2217 3747 2393 3808 etiam
2425 3746 2578 3809 ultra
2608 3745 2813 3809 tertias
2845 3745 3146 3828 progressi
3173 3745 3314 3819 sint,
3351 3744 3672 3809 deﬁnitum

269 3853 520 3923 tempus
550 3840 726 3920 plane
756 3847 1007 3917 constat,
1039 3839 1130 3903 vel
1162 3840 1356 3922 potius
1385 3839 1683 3902 incertum
1715 3848 1827 3916 est,
1859 3857 1993 3900 cum
2026 3855 2061 3899 a
2091 3835 2334 3899 nemine
2362 3837 2739 3920 antiquorum
2772 3837 2849 3898 sit
2874 3835 3222 3898 indicatum.
3247 3835 3424 3899 Fides
3444 3843 3669 3916 autem,

270 3941 336 3996 et
367 3929 742 3995 conversatio
773 3928 1182 4012 pmnitentiam
1212 3929 1539 4011 agentium,
1571 3936 1807 4011 tempus
1837 3929 2034 4010 ipsum
2065 3925 2386 3989 imminere
2415 3927 2588 4002 solet,
2622 3927 2836 4008 inquit.

359 4090 386 4111 ν
569 4044 596 4076 α
631 4021 758 4101 Περὶ
784 4030 876 4082 τοῦ
905 4020 1069 4098 νόμου
1095 4019 1159 4070 26
1184 4026 1284 4090 τῆς
1313 4020 1576 4084 ἐνώσεως.
1615 4043 1640 4076 ι

381 4109 498 4178 Ηδη
542 4110 639 4186 μὲν
668 4109 758 4168 οὗν
800 4123 918 4176 τοῖς
966 4109 1224 4173 παλαιοῖς
1277 4109 1458 4185 νόμοις
1487 4122 1634 4188 τρεῖς
1677 4107 1928 4187 ἐνεγινώ-

2538 4016 2634 4080 De
2667 4025 2826 4080 tomo
2857 4017 3128 4079 um'om's.

2094 4105 2270 4169 Enim
2302 4125 2438 4168 vero
2471 4105 2683 4188 priscis
2711 4104 2943 4186 legibus
2985 4107 3153 4167 trinae
3181 4103 3665 4185 agnoscebantur

268 4221 472 4260 σκοντο
501 4199 687 4278 γάμοι.
737 4189 795 4256 Ὀ
823 4196 881 4255 δὲ
928 4197 1176 4276 βασιλεὺς
1237 4197 1384 4256 Λέων
1429 4200 1456 4254 6
1518 4198 1688 4279 Σοφὸς
1738 4197 1826 4254 καὶ
1857 4198 1930 4262 εἰς

2031 4195 2252 4277 nuptiae.
2311 4195 2428 4258 Sed
2467 4197 2789 4277 imperator
2823 4197 2964 4271 Leo,
2999 4195 3352 4274 cognomine
3384 4194 3664 4274 Sapiens,

266 4292 529 4369 τέταρτον
629 4286 793 4344 ἐλθὼν
861 4288 1209 4368 συνοικέσιον,
1276 4287 1556 4368 ἆφορισμῷ
1641 4286 1784 4367 παρὰ
1839 4293 1931 4344 τοῦ

2031 4303 2148 4347 :um
2179 4286 2254 4346 ad
2283 4295 2552 4368 quartum
2578 4303 2814 4366 quoque
2837 4283 3282 4346 matrimonium
3313 4301 3674 4365 progressus

266 4379 623 4459 πατριάρχου·
686 4376 948 4436 Νικολάου
1004 4375 1402 4477 καωπεὸλήθη.
1495 4378 1568 4434 Οὗ
1622 4377 1710 4432 καὶ
1757 4372 1930 4434 ἐδεῖτο

2031 4383 2193 4450 esset,
2220 4375 2616 4456 segregationi
2638 4373 2943 4477 subjectus
2973 4373 3389 4436 fuitaNicolao
3413 4372 3671 4474 patriar-

266 4474 298 4528 6
361 4457 614 4545 βασιλεὺς
666 4465 881 4535 λυθῖιναι
949 4474 1042 4524 τοὺ
1102 4464 1320 4545 δεσμοῦ.
1371 4457 1462 4532 Ὠς
1515 4463 1562 4521 δ’
1608 4464 1812 4529 ἐκεῖνος
1871 4467 1932 4521 τὸ

2031 4464 2128 4526 :ha
2162 4485 2176 4528 :
2212 4483 2392 4546 quem
2424 4465 2651 4528 deinde
2674 4463 2925 4543 rogabat
2944 4464 3242 4544 princeps,
3260 4469 3330 4524 ut'
3353 4481 3424 4524 eo
3458 4463 3672 4525 vincu-

263 4557 526 4638 παράπαν
555 4555 902 4624 ἀδυσώπητος
949 4557 1036 4632 ἧν,
1083 4562 1182 4625 τῆς
1241 4554 1564 4623 Ἐκκλησίας
1606 4561 1791 4613 τοῦτον
1836 4553 1930 4613 έκ-

2031 4554 2097 4633 lo,
2133 4571 2197 4615 se
2229 4554 2528 4616 liberaret.
2563 4554 2708 4616 Cum
2739 4552 2842 4615 ille
2864 4571 3105 4633 prorsus
3136 4561 3295 4616 esset
3317 4552 3664 4615 inexorabi-

262 4645 487 4720 ϐάλλει,
537 4645 625 4702 καὶ⁸
681 4646 773 4703 τὸν
844 4645 1098 4720 Εύθύμιον
1151 4643 1437 4725 σύγγελλον
1480 4642 1539 4693 97
1585 4641 1743 4725 ἄνδρα
1797 4646 1944 4723 ἱερὸν

2031 4643 2112 4717 lis,
2139 4642 2439 4705 hominem
2469 4642 2632 4722 ejicit
2651 4650 2821 4708 extra
2841 4641 3269 4714 Ecclesiam,et
3297 4640 3670 4704 Euthimium

262 4734 670 4818 προχειρίζεται
713 4735 1074 4817 πατριάρχην,
1135 4735 1192 4801 ὃς
1250 4736 1338 4792 καὶ
1379 4735 1470 4792 τὸν
1499 4732 1718 4812 βασιλέα
1745 4735 1933 4791 θεσπί-

2031 4731 2384 4810 syncellum,
2437 4733 2626 4793 virum
2675 4740 2942 4794 sanctum
2967 4780 2982 4808 ,
3036 4731 3446 4812 patriarcham
3477 4729 3619 4792 facit
3651 4751 3668 4794 :

263 4850 362 4886 σαι
427 4821 772 4904 βουλόμενον,
821 4825 908 4880 καὶ
963 4823 1127 4905 μέχρι
1171 4833 1264 4884 τοῦ
1315 4823 1565 4904 τετάρτου
1619 4824 1794 4902 γάμου
1821 4845 1927 4880 παο

2031 4824 2112 4900 {ui
2162 4840 2300 4883 cum
2353 4821 2680 4903 imperator
2726 4820 2958 4884 saucire
3003 4820 3201 4901 vellet,
3257 4819 3546 4882 utetiam
3595 4820 3671 4884 ad

263 4911 602 4995 ρατείνεσθαι
679 4925 805 4978 τοῖς,
867 4911 1208 4989 βουλομένοις
1265 4915 1332 4970 τὰ
1395 4912 1718 4995 συνοικέσια,
1781 4912 1929 4988 πάσῃ

2031 4920 2252 4994 juartas
2280 4929 2472 4992 usque
2503 4911 2737 4992 nuptias
2767 4909 3236 4973 extenderentur
3257 4910 3330 4972 ab
3361 4909 3436 4970 iis
3455 4911 3667 4970 metri-

263 4985 485 5079 σπουδῇ
515 4985 877 5079 διεκώλυσεν,
911 4985 1042 5082 οὐχ*
1074 4998 1220 5068 ὅπως
1274 5003 1374 5070 τὴν
1419 4985 1798 5082 τετρίγαμίαν,
1825 4985 1932 5058 ἀλλ-

2031 4985 2237 5075 nonia,
2269 4985 2484 5082 quibus
2513 4985 2880 5074 ita-luberet,
2912 5016 3049 5061 eum
3078 4999 3244 5060 omni
3271 4997 3468 5060 studio
3498 4998 3668 5060 inhi-

263 5094 341 5154 λὰ
415 5091 504 5148 καὶ
571 5090 671 5158 τὴν
739 5091 1020 5170 τριγαμίαν
1074 5090 1319 5166 ἀθέμιτον
1387 5091 1526 5148 εἶναι
1622 5092 1759 5166 μετὰ
1826 5097 1933 5148 τῶν

2031 5090 2164 5166 iuit,
2213 5089 2515 5151 afﬁrmans
2564 5108 2698 5152 cum
2732 5088 3001 5170 pluribus
3052 5087 3450 5169 pontiﬁcibus,
3487 5087 3666 5150 etiam

1604 5255 1861 5324 νΑΡιιΑῑ
1903 5255 2221 5324 LECTION
2228 5257 2342 5322 ES.

355 5364 424 5417 ὕ
449 5365 763 5446 περαιτέρω.
847 5363 912 5414 26
932 5367 1121 5442 τόμου.
1205 5365 1264 5416 97
1290 5363 1602 5446 σύγκελλον,

355 5523 572 5689 (1431.
605 5523 665 5590 2.
695 5528 760 5589 C.
787 5525 877 5590 De
900 5527 1112 5593 incest.
1145 5534 1205 5589 et
1231 5531 1300 5590 in
1327 5527 1434 5590 rit.
1466 5531 1642 5606 nupt.
1862 5441 2096 5512 ΝΟΊῈ

357 5607 468 5689 (15
521 5605 825 5671 Correctio
857 5607 897 5671 l.
926 5607 1088 5672 Eum
1117 5608 1224 5689 qui
1251 5607 1421 5672 duas.
1457 5607 1524 5670 C.
1557 5605 1632 5668 ad
1653 5605 1697 5672 Ι.
1727 5605 1847 5670 Jul.
1885 5605 1975 5669 De
2002 5606 2096 5670 ad:

357 5605 490 5690 (15)
521 5605 825 5671 Correctio
857 5607 897 5671 l.
926 5607 1088 5672 Eum
1117 5608 1224 5690 qui
1251 5607 1421 5672 duas.
1457 5607 1524 5670 C.
1557 5605 1632 5668 ad
1653 5605 1697 5672 Ι.
1727 5605 1847 5670 Jul.
1885 5605 1975 5669 De
2002 5605 2202 5670 adult.

565 5810 828 5873 PATROL.
867 5811 980 5874 Gn.
1013 5810 1220 5873 CXIX.
3306 5813 3386 5876 40
