4120 6428
503 451 525 521 1
538 457 656 523 259

1866 455 1998 520 JUS
2038 457 2508 521 CANONICUM.

3733 455 3897 522 1260

495 590 704 653 tertias
770 591 1006 673 nuptias
1075 591 1296 654 nedum
1359 596 1637 671 quartas,
1700 586 1934 650 illicitas
1993 608 2122 651 esse

2237 587 2495 645 πλειόνων
2550 587 2843 668 ἀρχιερέων
2904 587 3315 667 διατεινόμενος.
3356 593 3452 648 Δια
3507 590 3572 659 δὴ
3621 599 3780 648 τοῦτο
3802 594 3895 648 καὶ

495 677 853 752 Qamobrem
916 680 1236 743 discidium
1269 679 1494 742 exstitit
1525 681 1583 739 in
1613 677 1902 750 Ecclesia,
1941 697 2148 759 eaquae

491 768 707 830 seditio
776 770 1011 832 duravit
1063 788 1253 851 usque
1314 769 1386 831 ad
1470 766 1790 848 imperium
1851 767 1956 828 (iiii
2017 769 2148 848 ejus

2230 678 2436 758 σχίσμα
2493 679 2610 756 περὶ
2679 679 2780 745 τὴν
2842 675 3162 746 Ἐκκλησίαν
3240 681 3500 761 ἐγεγόνει,
3544 683 3632 738 καί
3674 683 3739 738 τὰ
3795 681 3894 749 τῆς

2233 767 2532 828 συστάσεως
2602 765 2666 816 κ
2709 767 2872 847 μέχρι
2930 774 3028 834 τῆς
3085 767 3355 844 βασιλείας
3419 777 3510 826 τοῦ
3565 773 3676 830 υἱοῦ
3733 771 3894 827 αὐτοῦ

493 857 862 921 Constantini
921 859 1043 922 nati
1085 860 1145 920 in
1198 861 1526 938 Porphyra,
1561 864 1618 919 et
1649 855 1922 930 Romani,
1973 857 2130 936 hujus

2235 859 2628 912 Κωνσταντίνου
2710 865 2803 913 τοῦ
2878 861 3397 938 Πορφυρογεννήτου,
3455 861 3543 915 καὶ
3619 851 3891 935 Ῥωμανοῧ

490 949 709 1010 soceri.
743 947 869 1021 Quo
916 958 1187 1030 tempore
1239 946 1574 1029 publicatus
1628 953 1718 1007 est
1773 953 1991 1019 tomus,
2045 947 2146 1026 qui

489 1036 726 1099 unionis
752 1037 989 1115 dicitur,
1024 1045 1082 1100 et
1113 1037 1214 1118 qui
1260 1035 1459 1116 tradit,
1521 1034 1780 1115 quando.
1829 1043 1888 1095 et
1931 1035 2146 1115 quibus

489 1125 680 1187 tertiae
709 1129 928 1207 nuptiae
960 1125 1372 1207 permittendae
1417 1124 1560 1196 sint,
1609 1123 1987 1186 liberioribus
2010 1142 2143 1185 am-

490 1215 715 1276 natium
747 1216 1097 1278 libidinibus
1118 1214 1423 1294 egregium
1453 1215 1686 1276 frenum
1719 1212 2056 1292 imponens.
2090 1213 2144 1276 Is

490 1310 684 1366 tomus
725 1324 931 1368 mense
959 1305 1114 1369 Julio
1165 1303 1484 1386 quotannis
1525 1303 1584 1363 in
1616 1301 1870 1363 ambone
1903 1302 2138 1381 legitur,

489 1401 550 1452 et
578 1394 652 1455 ad
683 1396 866 1456 ﬂnem
895 1396 1022 1457 haec
1059 1394 1238 1456 verba
1270 1394 1534 1456 continet
1565 1410 1577 1454 :
1607 1393 1746 1472 Eos,
1778 1391 1878 1472 qui
1919 1411 2139 1453 annum

485 1482 1007 1564 quadragesimum
1056 1484 1396 1563 attigerunt,
1433 1489 1491 1544 et
1538 1480 1742 1542 tertias
1778 1481 1852 1541 ad
1907 1481 2142 1562 nuptias

484 1589 620 1634 sese
652 1573 994 1654 projiciunt,
1030 1575 1209 1637 veluti
1239 1573 1338 1656 qui
1385 1571 1666 1634 Ecclesiae
1709 1572 1828 1633 sint
1857 1571 2137 1652 inquina-

481 1670 700 1738 menta,
755 1663 1165 1745 quinquennio
1210 1660 1655 1724 communionis
1709 1669 1974 1724 exsortes
2004 1680 2140 1725 esse

485 1748 711 1812 debere
741 1752 1074 1822 sancimus;
1111 1769 1303 1831 eoque
1334 1759 1603 1830 tempore
1637 1749 1998 1830 exspirante,
2034 1767 2135 1810 se-

487 1839 605 1900 mel
637 1839 697 1901 in
734 1858 891 1902 anno
921 1841 994 1902 ad
1025 1840 1510 1903 communionem
1533 1839 1846 1913 accedere,
1881 1857 2130 1900 venera-

2229 952 2322 1000 τοῦ
2389 948 2638 1024 πενθεροὺ
2703 947 2886 1002 τούτου
2957 943 3222 1024 διήρκεσε.
3287 949 3386 1004 Καὶ
3463 958 3752 1015 τηνικαῦτα
3807 947 3886 1013 ἐξ·

2228 1033 2434 1114 ηνέχθη
2465 1035 2653 1114 τόμος,
2703 1037 2730 1091 ὁ
2787 1033 3070 1112 )εγόμενος
3112 1041 3210 1101 τῆς
3269 1036 3531 1110 ἐνώσεως,
3577 1034 3879 1112 διαλαμϐά-

2228 1146 2328 1178 νων
2359 1123 2488 1180 πότε
2519 1126 2606 1180 καὶ
2648 1124 2748 1180 τίσι
2805 1126 2895 1180 τὸν
2939 1125 3109 1202 τρίτον
3134 1123 3217 1180 δεῖ
3273 1126 3445 1202 γάμον
3502 1139 3876 1206 παραχωρεῖν,

2226 1226 2347 1276 ταῖς
2418 1213 2717 1288 ἀνειμέναις
2773 1219 2877 1268 τῶν
2935 1213 3173 1292 ἐρώντων
3229 1212 3522 1290 ἐπιθυμίαις
3567 1215 3626 1272 ἐκ
3680 1215 3880 1272 πολλοῦ

2226 1312 2316 1360 τοῦ
2365 1304 2637 1380 περιόντος
2710 1303 2954 1365 ἐπιτιθεὶς
2998 1301 3243 1382 χαλινὸν,
3339 1304 3397 1366 ὃς
3453 1305 3540 1360 καὶ
3596 1306 3732 1360 κατὰ
3788 1306 3880 1360 τὸν

2227 1387 2446 1447 Ἰούλιον
2499 1396 2645 1466 μῆνα
2702 1391 2924 1457 ἐτησίως
2995 1391 3079 1447 ἐπ’
3125 1389 3368 1466 ἅμϐωνος
3439 1393 3878 1471 ἀναγινώσκεται.

2228 1480 2365 1556 Πρὸς
2397 1486 2520 1557 γοῦν
2548 1487 2625 1554 τῷ
2653 1479 2816 1553 τέλει,
2849 1480 3013 1534 ταῦτά
3053 1469 3200 1560 ⁵φησι
3239 1496 3252 1509 ·
3307 1482 3436 1546 Τούς
3480 1469 3561 1546 εἷς
3599 1481 3714 1547 ἔτος
3743 1483 3879 1538 ἀνα-

2223 1564 2516 1634 ϐεϐηκότας
2575 1569 3018 1647 τεσσαρακοστὸν,
3103 1571 3189 1624 καὶ
3253 1571 3381 1648 πρὸς
3438 1571 3609 1649 τρίτον
3664 1572 3880 1634 ἑαυτοὺς

2223 1656 2590 1736 έπιρίπτοντας
2642 1658 2838 1736 γάμον,
2886 1661 2978 1713 οἶα
3024 1655 3160 1735 ρύπη
3205 1660 3305 1725 τῆς
3365 1656 3684 1726 Ἐκκλησίας
3741 1684 3877 1739 τυγ-

2221 1748 2511 1828 χάνοντας,
2557 1746 2721 1826 μέχρι
2783 1746 3087 1810 πενταετίας
3144 1747 3531 1817 ἀκοινωνήτους
3583 1750 3724 1806 εἶναι
3780 1753 3877 1805 θε-

2219 1835 2493 1907 σπίζοιιεν,
2537 1837 2625 1892 καὶ
2671 1843 2763 1893 τοῦ
2817 1837 3063 1892 τοσούτου
3121 1838 3318 1916 χρόνου
3377 1835 3678 1917 ἐξήκοντος,
3734 1838 3878 1904 ἅπαξ

479 1924 586 1988 bili
617 1928 891 1991 salutaris
919 1931 1226 1993 Paschalis
1247 1928 1600 2009 die,jejunio
1619 1928 1775 1990 diem
1802 1928 1968 1990 illum
1990 1945 2130 2008 pm-

2217 1933 2311 1982 τοῦ
2370 1923 2514 1989 ἔτους
2561 1930 2630 2000 τῇ
2691 1924 2938 1996 κοινωνίᾳ
3007 1924 3302 2006 προσιέναι,
3363 1928 3499 1982 κατὰ
3567 1928 3664 1995 τὴν
3705 1925 3876 1983 σεϐά-

481 2015 757 2094 cedente,
787 2027 1077 2099 quantum
1129 2017 1260 2100 ejus
1293 2017 1423 2081 ﬁeri
1455 2025 1646 2097 potest
1679 2025 1869 2078 semet
1911 2035 2133 2096 expur-

481 2113 710 2182 gantes.
741 2108 1035 2170 Sacerdos
1065 2116 1281 2184 autem,
1317 2106 1416 2188 qui
1443 2115 1655 2187 praeter
1689 2105 1748 2167 id
1780 2107 1936 2186 quod
1959 2126 1992 2167 ει
2020 2126 2132 2167 no-

483 2191 575 2254 bis
618 2202 707 2256 est
735 2203 1040 2277 statutum,
1074 2196 1147 2259 ad
1197 2215 1426 2258 sacram
1472 2195 1728 2275 aliquam
1775 2193 2132 2275 praeceptio-

482 2299 620 2344 nem
643 2302 747 2346 eos
763 2284 1380 2359 audetadmittere,de
1409 2283 1594 2363 gradu
1627 2302 1732 2344 suo
1758 2281 2130 2364 periclitabi-

482 2379 598 2432 tur.
621 2371 759 2434 Haec
789 2383 992 2437 autem
1028 2373 1308 2450 dicimus,
1339 2392 1471 2434 cum
1499 2372 1647 2434 nulli
1672 2381 1806 2433 sunt
1839 2370 1926 2433 eis
1956 2370 2129 2432 liberi

481 2460 782 2540 prioribus
828 2482 900 2525 ex
931 2463 1176 2544 nuptiis.
1213 2461 1318 2525 Sin
1370 2471 1592 2537 autem,
1627 2459 1866 2522 tertium
1927 2462 2129 2520 matri-

479 2550 747 2612 monium
779 2553 866 2614 eis
901 2571 1021 2614 non
1066 2552 1467 2633 permittetur.
1501 2549 1670 2623 Quod
1697 2548 1746 2610 si
1777 2548 1910 2630 quis
1941 2567 2127 2610 annos

2219 2033 2373 2088 σμιον
2403 2019 2496 2069 τοῦ
2543 2013 2805 2091 σωτηρίου
2863 2013 3058 2093 Πάσχα
3103 2012 3328 2092 ἡμέραν,
3388 2012 3441 2068 ἐν
3497 2021 3564 2091 τῇ
3618 2017 3718 2094 πρὸ
3746 2017 3880 2072 ταύ-

2217 2123 2315 2168 της
2373 2103 2576 2175 νεστείᾳ
2645 2101 2759 2158 καθ’
2805 2103 2928 2158 ὅσον
2981 2103 3098 2159 οἷόν
3152 2124 3208 2158 τε
3264 2104 3709 2183 ἀποκαθαίροντας
3753 2107 3879 2165 ἑαυ-

2216 2190 2359 2253 τούς.
2397 2181 2455 2248 Ὀ
2513 2189 2566 2245 δὲ
2625 2189 2840 2266 τολμῶν
2895 2193 3058 2270 ἱερεὺς
3120 2193 3262 2271 παρὰ
3319 2195 3410 2248 τὸν
3466 2181 3881 2272 διατεταγμένον

2215 2276 2336 2357 ὅρον
2407 2278 2760 2354 μεταλήψεως
2803 2280 2942 2344 θείας
3003 2282 3143 2345 τινὸς
3187 2281 3401 2346 τούτους
3452 2281 3694 2357 ἀξιῶσαι,
3755 2279 3880 2360 περὶ

2213 2369 2305 2423 τὸν
2345 2365 2486 2424 ἵδιον
2541 2367 2855 2428 κινδυνεύσει
2906 2370 3128 2444 βαθμόν,
3177 2377 3350 2427 Ταῦτα
3394 2368 3446 2426 δέ
3492 2392 3686 2450 φαμεν,
3739 2371 3874 2428 ὅταν

2213 2456 2290 2532 μὴ
2319 2455 2477 2512 τέκνα
2532 2457 2736 2522 τούτοις
2792 2456 2852 2512 ἐκ
2907 2463 3014 2512 τῶν
3096 2457 3366 2537 προτέρῶν
3423 2460 3610 2536 γάμων
3667 2466 3814 2540 παρῇ
3850 2481 3870 2498 ⁶

2211 2545 2254 2600 εἰ
2296 2543 2342 2600 δ’
2386 2545 2496 2619 οὖν,
2553 2546 2938 2625 ἀσυγχώρητος
2986 2548 3169 2609 αὖτοῖς
3218 2546 3362 2603 ἔσται
3419 2549 3453 2615 ἡ
3497 2551 3769 2626 τριγαμία.
3807 2553 3870 2608 Εἰ

479 2637 722 2715 triginta
753 2649 948 2715 natus,
983 2648 1043 2702 et
1069 2632 1342 2703 haeredes
1373 2658 1444 2702 ex
1491 2639 1790 2719 prioribus
1833 2638 2126 2717 conjugiis

2214 2632 2262 2690 δέ
2304 2657 2383 2700 τις
2414 2638 2816 2714 τριακοντούτης
2847 2636 2943 2716 ὥν,
2975 2638 3063 2694 καὶ
3106 2644 3198 2693 τοῦ
3246 2637 3428 2716 γένους
3479 2637 3622 2718 ἔχων
3665 2640 3724 2696 ἐκ
3754 2647 3866 2698 τῶν

479 2725 1128 2809 babens,nihilominus
1159 2730 1233 2791 ob
1265 2728 1520 2792 carnalis
1548 2726 1818 2789 libidinis
1840 2727 2129 2806 intempe-

2214 2725 2518 2803 φθασάντων
2549 2726 2736 2801 γάμων
2791 2723 3072 2804 διαδοχὴν,
3119 2725 3266 2800 ὅμως
3310 2747 3370 2803 γε
3421 2729 3527 2802 μὴν
3559 2725 3641 2784 διὰ
3669 2731 3729 2784 τὸ
3759 2735 3866 2797 τῆς

474 2820 727 2878 rantiam
789 2819 978 2880 tertia:
1028 2819 1337 2900 copulatus
1390 2817 1558 2879 uxori
1607 2815 1834 2878 fuerit:
1871 2815 2126 2877 triennio

2214 2817 2465 2892 σαρκικῆς
2523 2813 2797 2888 ἐπιθυμίας
2859 2812 3152 2870 ἀκόλαστον
3222 2813 3370 2892 τρίτῃ
3420 2816 3695 2894 συναφθείη
3757 2840 3865 2895 γυ-

477 2905 917 2968 communionis
935 2926 1138 2970 exsors
1161 2906 1512 2987 esto.Atque
1544 2905 1624 2967 ita
1653 2904 1937 2985 deinceps
1956 2913 2043 2966 ter
2066 2905 2125 2966 in

2214 2905 2368 2978 ναικὶ,
2428 2903 2512 2959 ἐπὶ
2566 2904 2862 2980 τετραετίαν
2922 2904 3282 2969 ἀκοινώνητος
3335 2903 3493 2963 ἔστω.
3547 2903 3662 2961 Εἶθ’
3721 2906 3868 2963 οὕτω

475 3011 633 3055 uino
646 2995 1062 3075 percipiat,die
1078 2996 1350 3058 videlicet
1368 2994 1629 3076 paschali
1642 2993 2122 3076 resurrectionis,

2214 2993 2315 3069 τρὶς
2388 3002 2478 3050 τοῦ
2532 2992 2768 3048 ἐνιαυτοῦ
2828 2991 3304 3067 μεταλαμϐανέτω,
3365 2993 3419 3048 ἐν
3487 2999 3555 3069 τῇ
3619 2993 3864 3051 ἀναστα-

479 3083 631 3144 etin
675 3084 1114 3147 obdormitione
1160 3085 1554 3146 immaculata;
1608 3081 1898 3163 Deipaue,
1955 3090 2013 3144 et
2064 3085 2124 3144 in

2214 3079 2346 3155 σίμῳ
2386 3079 2558 3159 ἡμέρᾳ
2586 3089 2676 3137 τοῦ
2724 3081 2938 3160 Πάσχα,
3000 3079 3054 3136 ἐν
3097 3085 3166 3156 τῇ
3219 3081 3467 3155 κοιμήσει
3533 3086 3631 3147 τῆς
3663 3081 3869 3160 ἀχράν-

476 3171 625 3233 festo
658 3172 1056 3236 natalitiorum
1092 3173 1361 3237 Domini:
1387 3192 1520 3236 cum
1538 3173 1770 3253 jejunia
1789 3171 1916 3261 dies
1942 3173 2124 3235 hosce

2214 3191 2299 3225 του
2335 3169 2618 3250 Θεοτόκου,
2650 3171 2736 3226 καὶ
2765 3169 2817 3226 ἐν
2848 3175 2916 3246 τῇ
2944 3167 3225 3248 γενεθλίων
3281 3175 3374 3225 τοῦ
3419 3170 3602 3249 Κυρίνυ
3648 3171 3806 3248 ἐορτῇ
3847 3191 3862 3203 ·

474 3262 872 3340 praecedentia
901 3264 1188 3344 majorem
1229 3271 1452 3345 partem
1477 3261 1777 3323 exstinctae
1798 3261 1859 3321 in
1881 3260 2008 3341 ipso
2032 3262 2120 3322 la-

2214 3266 2312 3313 τὼν
2342 3261 2443 3336 πρὸ
2499 3259 2698 3315 τούτων
2735 3265 2992 3325 νηστειῶν
3050 3262 3110 3314 τὸ
3167 3257 3422 3316 πλεῖστον
3477 3265 3576 3326 τῆς
3621 3259 3862 3316 ἐκτακεί-

473 3347 567 3409 bis
595 3349 939 3430 abstergere
969 3353 1312 3417 credantur.
1346 3351 1446 3413 Sin
1469 3351 1674 3413 liberis
1697 3350 2119 3424 caret,veniam

2214 3368 2302 3414 της
2362 3351 2506 3422 αὖτῷ
2565 3346 2777 3414 κηλίδος
2827 3348 3170 3427 ἀποσμήχειν
3213 3348 3627 3420 πιστευομένων,
3675 3351 3734 3406 Εἰ
3799 3349 3860 3406 δὲ

472 3438 938 3522 impetrat,quod
955 3443 1279 3505 liberorum
1296 3441 1798 3524 precrcandorum
1817 3439 2118 3502 desiderio

2214 3434 2363 3501 ἴπαις
2414 3435 2486 3493 ὧν
2530 3437 2809 3517 τυγχάνει,
2857 3437 3179 3515 συγγνώμην
3249 3437 3501 3503 ἀξιοῦται.
3557 3437 3624 3494 δι’
3673 3437 3856 3520 ἔφεσιν

473 3528 678 3590 tertias
707 3531 996 3611 optaverit
1033 3523 1306 3612 nuptias;
1365 3537 1766 3608 consuetaque
1815 3545 1988 3609 paena
2015 3547 2119 3590 re-

2214 3523 2534 3589 παιδοποιίας
2604 3528 2695 3583 τὸν
2765 3527 2933 3604 τρίτον
3003 3528 3175 3604 γάμον
3225 3529 3553 3606 αἱρούμενος,
3612 3530 3697 3584 καὶ
3773 3536 3855 3598 τῷ

473 3617 740 3680 medium
771 3618 827 3680 ei
855 3619 1256 3698 adhibebitur,
1288 3628 1350 3681 ut
1381 3617 1572 3680 tribus
1590 3617 1762 3679 annis
1792 3636 1825 3678 a
1855 3636 2120 3680 commu-

2214 3617 2410 3686 συνήθει
2480 3615 2728 3692 ἐπιτιμίῷ
2768 3617 3231 3698 θεραπευθήσεται,
3290 3616 3373 3672 ἐπὶ
3443 3620 3578 3695 τρισὶ
3630 3618 3854 3696 χρόνοις

471 3706 649 3769 nione
673 3718 964 3772 arceatur.
999 3695 1286 3773 Caeterum
1319 3708 1588 3770 eruditus
1617 3706 1716 3767 ille
1751 3705 1812 3766 in
1843 3705 2119 3768 omnibus

2214 3707 2298 3771 τῆς
2340 3704 2611 3768 κοινωνίας
2669 3705 2997 3782 εἰργόμενος.
3061 3695 3118 3762 Ὀ
3187 3695 3242 3759 δὲ
3315 3705 3486 3765 πάντα
3528 3695 3689 3786 σοφὸς
3751 3714 3856 3762 Βα-

471 3794 768 3875 Basilius,
827 3798 1188 3876 octogesimo
1245 3816 1473 3860 canone
1524 3815 1629 3857 suo
1692 3812 1705 3857 :
1769 3794 2116 3875 Nuptiarum

2214 3791 2393 3858 τίλειος
2450 3793 2504 3848 ἐν
2547 3800 2623 3868 τῷ
2667 3792 2726 3848 π’
2769 3793 2948 3849 κανόνι
2998 3810 3011 3824 ⁶
3061 3795 3171 3860 Τὴν
3201 3791 3532 3872 πολογαμίαν
3580 3798 3627 3850 οἱ
3673 3796 3852 3851 Πατέ-

474 3886 894 3968 pluralitatem,
925 3887 1140 3968 inquit,
1176 3886 1401 3950 silentii
1432 3883 1685 3964 caligine
1719 3882 1924 3945 Patres
1945 3883 2118 3946 obve-

2214 3903 2308 3958 seq,
2382 3885 2534 3963 φησὶ,
2590 3889 2668 3958 τῷ
2738 3886 2836 3950 τῆς
2911 3883 3136 3962 ἀφασίας
3206 3882 3570 3959 συνεκάλυψαν
3643 3885 3850 3945 σκότει.

467 3974 689 4052 larunt,
747 3977 925 4038 veluti
972 3977 1312 4057 bestialem,
1345 3986 1403 4038 et
1429 3975 1686 4038 alienam
1736 3971 1808 4033 ab
1859 3973 2120 4034 humana

2214 3975 2292 4028 aia
2320 3969 2568 4038 κτηνώδη
2597 3973 2682 4027 καὶ
2729 3976 2826 4038 τῆς
2883 3971 3212 4051 ἀνθρωπίνης
3269 3972 3583 4029 ἀπεοικυῖαν
3653 3971 3854 4052 διαγω-

469 4066 926 4128 consuetudine.
973 4064 1155 4128 Nobis
1201 4073 1396 4128 autem
1443 4063 1514 4125 ad
1565 4062 1828 4124 animum
1877 4062 2111 4138 accidit,

2214 4065 2324 4140 (ἧς.
2382 4067 2526 4137 Ημϊν
2555 4059 2608 4116 δὲ
2677 4063 3011 4140 παρίσταται,
3075 4059 3194 4128 ἤτοι
3247 4059 3396 4118 δοκεῖ
3451 4063 3538 4118 καὶ
3599 4063 3858 4142 κρίνεται,

469 4152 585 4214 hoc
632 4161 741 4234 est,
793 4154 1028 4216 videtur
1058 4169 1118 4218 et
1151 4154 1342 4235 placet
1377 4151 1608 4232 judicio
1667 4161 1894 4227 nostro,
1929 4150 2116 4230 magis

2214 4149 2360 4207 πλέον
2406 4150 2443 4218 ἣ
2497 4151 2596 4217 τὴν
2665 4151 2910 4230 παρνείαν
2967 4151 3165 4216 ταύτην
3219 4149 3551 4222 κολάζεσθαι.
3601 4151 3853 4229 Πολυγα-

469 4246 624 4306 hanc
653 4247 1082 4327 castigandam,
1115 4266 1291 4328 quam
1325 4247 1515 4327 ipsam
1558 4243 2004 4306 scortationem.
2040 4245 2114 4306 Et

2214 4241 2290 4297 ιία
2346 4237 2400 4295 δέ
2455 4239 2620 4314 ἐστιν,
2668 4239 2727 4296 οὗ
2784 4241 2845 4295 τὸ
2903 4237 3133 4301 πολλαῖς
3190 4237 3486 4318 ἀδιαφόρως
3542 4242 3851 4322 μίγνυσθαι,

469 4335 809 4416 nuptiarum
861 4327 1291 4417 pluritasiest,
1346 4354 1465 4398 non
1520 4351 1653 4395 cum
1717 4333 1916 4394 multis
1971 4351 2106 4412 pro-

2214 4329 2331 4389 ιλλά
2360 4327 2560 4392 πολλὰς
2591 4329 2874 4408 ἀγαγέσθαι
2924 4330 3013 4384 τὸν
3063 4330 3242 4404 αὒτὸν,
3297 4331 3340 4384 εἰ
3387 4330 3474 4385 καὶ
3524 4331 3602 4405 μὴ
3633 4329 3852 4409 ἀθρόον,

469 4425 697 4486 miscue
743 4443 870 4487 rem
904 4424 1148 4506 habere,
1181 4425 1286 4488 sed
1316 4420 1592 4487 eumdem
1654 4421 1853 4502 plures
1899 4439 2111 4482 uxores

2214 4419 2370 4495 Ῥάμος
2416 4419 2554 4506 γὰρ,
2630 4430 2688 4473 ου
2742 4420 2826 4506 τὸ,
2873 4419 3077 4496 γυναικὶ
3126 4421 3502 4506 ,ωμφθαρῆναι
3546 4420 3706 4494 μόνον
3763 4419 3854 4477 ἐπὶ

469 4512 714 4590 ducere,
747 4517 888 4578 licet
911 4534 1027 4576 non
1055 4505 1168 4577 una
1207 4523 1266 4576 et
1297 4515 1506 4576 eadem
1531 4511 1681 4574 vice.
1707 4512 1854 4573 Nam
1889 4511 2110 4591 nuptias

2214 4505 2675 4587 ιαταχυδαιοτέραν
2730 4505 3032 4580 διάλεκτον,
3084 4505 3224 4579 ,ἀλλὰ
3267 4506 3450 4585 ἀνδρὸς
3509 4510 3596 4566 καὶ
3665 4531 3851 4586 γυναι-

467 4620 587 4663 non
638 4614 864 4666 tantum
911 4616 1052 4667 sunt
1099 4603 1448 4666 concubitus
1477 4620 1610 4662 cum
1656 4599 1908 4660 muliere
1960 4601 2108 4680 (l6),

2195 4600 2288 4662 κὸς
2348 4596 2598 4676 συνάφεια
2656 4597 2743 4652 καὶ
2831 4595 3196 4676 συγκλήρωσις
3287 4607 3378 4656 τοῦ
3437 4598 3552 4673 βίου
3619 4599 3848 4672 παντὸς,

445 4690 622 4772 ,δίουι
646 4694 854 4771 vulgus
884 4693 1192 4756 hominum
1230 4692 1388 4772 loqui
1433 4691 1600 4766 solet,
1636 4689 1739 4750 sed
1773 4667 2111 4767 conjunctio

2214 4689 2332 4743 θείου
2400 4707 2456 4742 τε
2511 4685 2598 4741 καὶ
2655 4685 2976 4762 ἀνθρωπίνου
3045 4684 3244 4742 δικαίου
3299 4686 3571 4767 κοινωνία,
3650 4689 3725 4751 ὡς
3802 4693 3850 4744 οἱ

467 4784 650 4844 maris
681 4792 739 4844 et
766 4782 1028 4858 feminae,
1055 4789 1112 4844 et
1143 4782 1337 4844 omnis
1367 4779 1499 4841 vitae
1530 4777 2114 4852 consortium,divini

463 4877 527 4930 et
565 4870 808 4933 humani
852 4871 1009 4952 juris
1057 4869 1544 4940 communicatio,
1605 4867 2111 4946 quemadmodum

462 4958 628 5038 leges
673 4962 931 5024 tradunt.
985 4959 1114 5022 Non
1145 4960 1302 5023 enim
1338 4979 1408 5022 ex
1439 4955 1860 5036 conjunctione
1891 4956 2110 5018 dunta-

467 5057 562 5108 xat
589 5062 1010 5128 agnoscuntur,
1043 5069 1245 5114 verum
1299 5048 1477 5110 etiam
1527 5064 1594 5108 ex
1643 5044 1881 5106 illorum
1927 5047 2109 5107 allec-

466 5135 648 5213 tione,
681 5140 784 5219 qui
830 5149 1270 5201 contraxerunt.
1326 5137 1479 5199 Dicit
1530 5142 1728 5196 autem
1770 5134 2112 5213 nuptiarum

469 5224 857 5304 pluralitatem
889 5247 924 5290 a
951 5229 1223 5292 Patribus
1273 5227 1510 5290 silentio
1564 5223 1942 5304 praeteritam,
1977 5223 2118 5305 quia

468 5313 676 5376 tertias
697 5317 940 5397 quidem
960 5317 1192 5397 nuptias
1215 5317 1306 5378 lex
1338 5314 1643 5395 agnoscit:
1679 5321 1736 5372 at
1767 5313 2114 5375 earumdem

2196 4775 2346 4851 νόμοι
2403 4773 2810 4853 διαγορεύουσιν.
2871 4773 2942 4830 Οὐ
2986 4775 3085 4854 γὰρ
3155 4776 3262 4832 ἀπὸ
3331 4777 3500 4852 μόνης
3572 4781 3670 4842 τῆς
3728 4798 3851 4834 συν-

2196 4865 2376 4945 αφείας
2407 4865 2747 4941 γινώσκεται,
2781 4862 2918 4922 ἀλλὰ
2964 4866 3050 4922 καὶ
3108 4865 3213 4921 ἀπὸ
3273 4869 3373 4932 τῆς
3433 4862 3713 4929 διαθέσεως
3743 4873 3855 4922 τῶν

2197 4952 2647 5019 συναλλαξάντων.
2713 4949 3208 5020 Ἀποσεσιωπῆσθαι
3278 4951 3333 5009 δέ
3377 4975 3508 5034 φησι
3564 4954 3686 5016 τοῖς
3732 4960 3853 5010 Πα-

2195 5045 2395 5124 τράσιν,
2431 5043 2510 5098 ὅτι
2554 5045 2588 5110 ἡ
2619 5041 2716 5117 μὲν
2768 5044 3018 5120 τριγαμία
3074 5051 3151 5118 τῷ
3201 5043 3348 5118 νόμῳ
3391 5043 3798 5122 ἐπιγινώσκεται
3835 5061 3852 5077 ·

2195 5137 2232 5202 ἡ
2277 5132 2328 5190 δὲ
2386 5131 2691 5212 πολυγαμία
2749 5133 2830 5188 λοὶ
2871 5145 2989 5197 τοῖς
3049 5136 3257 5212 νόμοις,
3317 5133 3403 5188 καὶ
3459 5145 3575 5197 τοῖς
3632 5133 3852 5191 κανόσιν

2197 5224 2506 5302 ἀπείρηται.
2580 5229 2690 5279 Πᾶν
2741 5223 2840 5298 γὰρ
2896 5220 3258 5301 συνάλλαγμα,
3322 5223 3440 5286 τοὺς
3494 5220 3644 5300 ὅρους
3691 5224 3855 5298 ὑπερ-

2196 5312 2384 5371 ϐαῖνον
2424 5317 2523 5380 τῆς
2581 5312 2885 5390 τριγαμίας,
2931 5311 3233 5390 πολυγαμία
3278 5316 3456 5390 σαφῶς
3507 5312 3850 5386 ὀνομάζεται,

1786 5491 2040 5559 VABLE
2084 5491 2397 5558 LECTION
2404 5493 2514 5557 ES.

551 5575 614 5626 28
641 5577 905 5646 στάσεως,

2029 5744 2274 5809 ΝΟΤΛΕ.

552 5837 754 5921 (16)1.
793 5843 848 5904 1.
881 5845 954 5904 D.
986 5841 1074 5902 De
1100 5842 1202 5904 rit.
1240 5849 1417 5922 πυρί.
