4120 6412
243 405 385 470 1261

1582 394 2305 462 ϐΡιᾹὲΟΟ-ΒΟΜΑΝΠΜ.

3488 398 3512 460 1
3525 395 3644 462 262

242 540 338 598 Καὶ
379 539 480 607 τῆς
542 537 789 616 πορνείας
837 534 891 592 δὲ
936 533 1121 614 εἴρηκε
1171 533 1412 614 χείρονα,
1466 529 1610 608 μάλα.
1651 532 1892 594 εἰκότως.

1988 528 2285 616 pluralitas
2316 535 2438 590 tum
2469 528 2728 610 legibus,
2761 537 2886 591 tum
2931 529 3262 594 canonibus
3305 537 3395 593 est
3425 531 3634 612 prohi-

248 620 305 687 Ὀ
339 631 436 705 μὲν
486 630 585 707 γὰρ
627 627 918 706 πορνεύων,
976 626 1048 690 είς
1105 625 1289 680 ἑαυτὸν
1322 621 1482 698 μόνον
1528 621 1625 688 τὴν
1695 617 1897 675 ἀδικίαν

241 719 596 796 περιίστησιν,
658 715 838 796 ἀκοντὶ
887 713 964 788 τῷ
1005 713 1244 792 βαράθρῳ
1292 715 1391 777 τῆς
1436 707 1720 772 ἀκολασίας
1767 707 1896 766 ἐαυ-

240 793 331 864 τὸν
389 804 726 885 ἒπιῤῥίπτων.
794 793 851 861 Ὀ
927 800 980 858 δὲ
1038 801 1283 881 τέταρτον
1352 800 1388 865 ἢ
1443 797 1686 873 πέμπτον
1725 797 1897 875 γάμον

240 895 394 965 δῆθεν
437 897 607 970 ἑαυτῷ
652 890 998 968 συναλλάξας,
1053 903 1404 970 κατορχεῖται
1478 887 1574 962 μὲν
1631 886 1736 942 τῶν
1785 907 1896 941 κω-

240 983 472 1042 λυόντων
503 989 690 1041 τοῦτον
748 981 899 1038 θείων
954 980 1215 1059 κανόνων,
1276 975 1451 1034 ἀδικεῖ
1501 974 1554 1032 δὲ
1605 975 1726 1038 τοὺς
1757 997 1896 1053 γνη-

240 1074 383 1138 σίους
455 1075 612 1132 αύτοῦ
667 1067 888 1149 παῖδας,
945 1069 1319 1145 παρασπείρων
1404 1066 1610 1128 τούτοις
1670 1065 1758 1120 καὶ
1816 1063 1900 1118 νό-

240 1167 386 1226 θους.
437 1164 530 1218 Διὸ
559 1162 647 1218 καὶ
699 1160 834 1236 μετὰ
863 1159 960 1227 τὴν
1002 1163 1101 1225 τῆς
1162 1155 1495 1235 παρανομίας
1551 1151 1894 1230 ἀπαλλαγὴν,

241 1253 329 1309 καὶ
359 1252 458 1318 τὴν
509 1251 732 1328 γνησίαν
784 1246 1194 1327 ἐξομολόγησιν,
1255 1246 1342 1303 καὶ
1381 1243 1543 1300 πλέον
1600 1247 1706 1298 τῶν
1774 1262 1900 1320 πορ-

242 1342 539 1399 νευσάντων
589 1338 879 1396 εὐθύνεσθαι
930 1335 1094 1402 ἀξιοῖ.
1154 1335 1283 1398 Τοὺς
1315 1335 1413 1410 μὲν
1471 1333 1570 1412 γὰρ
1613 1332 1687 1394 εἷς
1730 1330 1899 1387 ἑπτα-

241 1431 405 1509 ετίαν,
462 1428 677 1492 τούτους
737 1425 791 1482 δὲ
854 1427 924 1492 εἰς
995 1426 1137 1482 ὀκτὼ
1178 1423 1476 1502 παρατείνει
1549 1422 1793 1500 χρόνους,
1858 1421 1901 1475 εἰ

241 1517 470 1599 ἀκριϐῶς
533 1519 626 1575 τὸν
669 1525 788 1574 νοῦν
842 1517 1156 1586 ἐπιστήσαις
1199 1527 1318 1578 τοῖς
1375 1513 1468 1568 τοῦ⁹
1526 1511 1676 1588 ἁγίου
1723 1509 1877 1567 θεσπί

247 1629 471 1684 σμαιῐιν⁹
507 1609 566 1664 Εἰ
609 1607 709 1686 γὰρ
764 1612 870 1662 τῶν
911 1603 998 1661 δύο
1044 1605 1222 1661 τόπων
1271 1608 1370 1671 τῆς
1429 1600 1707 1678 μετανοίας
1739 1599 1900 1675 μόνον

254 1698 531 1774 μνησθεὶς,
591 1695 847 1774 τέσσαρας
890 1693 944 1750 ἒν
1009 1696 1190 1757 αὖτοῖς
1275 1692 1499 1749 διελθεῖν
1542 1689 1700 1770 ὢρισε
1758 1688 1898 1768 χρό-

244 1809 387 1866 νους,
448 1785 586 1853 ἦπου
640 1786 728 1842 καὶ
771 1783 824 1840 ἐν
877 1796 996 1848 τοῖς
1055 1780 1194 1839 δυσὶν
1263 1780 1482 1860 ἑτέροις,
1544 1780 1632 1842 οὓς
1693 1780 1900 1866 παρῆκε

1980 615 2120 682 bita.
2154 615 2365 681 Omnis
2423 617 2583 679 enim
2641 626 2976 681 contractus
3035 619 3492 683 matrimonialis
3534 619 3639 703 qui

1982 707 2290 768 tertiarum
2321 706 2658 787 nuptiarum
2692 706 2842 770 fines
2875 709 3108 785 transit,
3143 709 3485 791 nuptiarum
3513 712 3642 792 plu-

1979 796 2180 858 ralitas
2237 796 2392 858 haud
2451 796 2633 857 dubio
2664 795 2902 859 dicitur.
2935 797 3221 862 Eamdem
3282 801 3644 862 scortatione

1981 886 2247 966 pejorem
2279 903 2396 947 non
2422 884 2527 947 abs
2557 903 2624 947 re
2654 887 3078 966 pronuntiavit.
3112 886 3259 950 Nam
3281 890 3380 970 qui
3403 897 3636 952 scorta-

1982 983 2096 1046 tur,
2131 972 2193 1034 in
2222 991 2286 1034 se
2307 972 2497 1034 solum
2531 973 2760 1036 facinus
2792 975 2904 1037 hoc
2932 975 3234 1052 admitttit,
3263 978 3404 1038 dum
3425 986 3638 1058 sponte

1981 1079 2086 1122 sua
2107 1068 2300 1123 semet
2323 1059 2385 1121 in
2408 1061 2748 1141 voraginem
2773 1061 3247 1144 intemperantiae
3277 1065 3633 1146 praecipitat:

1982 1148 2082 1229 qui
2119 1167 2255 1210 vero
2287 1159 2524 1230 quartas
2569 1158 2669 1212 aut
2717 1151 2950 1232 quintas
2984 1153 3344 1216 contraxerit
3399 1155 3636 1235 nuptias

1983 1239 2034 1298 is
2066 1247 2123 1299 et
2154 1256 2354 1300 sacros
2385 1256 2667 1313 canones,
2685 1239 2786 1321 qui
2809 1258 2908 1301 eas
2936 1240 3274 1322 prohibent,
3309 1243 3635 1323 proculcat,

1985 1335 2045 1390 et
2072 1345 2386 1407 germanos
2417 1347 2556 1390 suos
2578 1327 2800 1390 liberos
2833 1328 3016 1391 afﬁcit
3039 1330 3280 1410 injuria,
3309 1332 3450 1393 dum
3483 1351 3634 1413 prae—

1983 1425 2074 1478 ter
2103 1435 2206 1478 eos
2231 1416 2406 1478 etiam
2439 1417 2675 1498 spurios
2704 1421 3333 1500 procreat.Propterea
3363 1430 3496 1502 post
3537 1422 3633 1503 ip-

1983 1506 2106 1567 sius
2130 1505 2412 1568 facinoris
2455 1506 2934 1582 omissionem,et
2954 1525 3151 1569 veram
3175 1509 3636 1592 confessionem,

1983 1596 2104 1656 vult
2133 1595 2310 1656 etiam
2342 1595 2580 1674 gravius
2610 1595 2772 1677 ipsos
2795 1596 3019 1677 puniri,
3052 1616 3229 1678 quam
3261 1599 3362 1680 qui
3393 1600 3639 1664 scortati

1983 1682 2341 1747 fuerint.His
2357 1683 2518 1746 enim
2543 1685 2944 1766 septennium,
2963 1685 3082 1749 illis
3104 1706 3296 1749 annos
3321 1697 3453 1752 octo
3485 1707 3631 1754 cou-

1984 1774 2208 1849 stituit;
2241 1773 2293 1835 si
2321 1783 2600 1836 accurate
2632 1783 2892 1836 mentem
2926 1774 2987 1836 in
3020 1794 3252 1857 ea,quae
3280 1778 3370 1840 vir
3395 1788 3642 1842 Sanctus

247 1873 332 1932 διὰ
373 1862 690 1950 συντομίαν.
749 1874 822 1938 ὼς
865 1871 1082 1944 δήλους,
1131 1869 1336 1950 ἑτέρους
1395 1867 1479 1925 δεῖ
1520 1867 1778 1950 τέσσαρας
1828 1863 1899 1922 δι-

1988 1862 2674 1939 statuit,deﬁxeris.Nam
2703 1863 2754 1925 si
2785 1865 3040 1926 duorum
3066 1866 3350 1931 duntaxat
3369 1869 3639 1932 locorum

247 1976 471 2042 αγαγεῖν
509 1947 611 2042 πρὸ
681 1967 783 2042 τῆβς
837 1968 942 2018 τῶν
1013 1947 1358 2039 ἂγιασμάτων
1383 1955 1681 2035 μεθέξεως.
1745 1947 1802 2014 Ὀ
1847 1954 1899 2012 δὲ

1988 1954 2348 2034 poenitentia;
2373 1953 2679 2015 mentione
2707 1954 2879 2028 facta,
2927 1963 3184 2036 quatuor
3225 1957 3287 2018 in
3320 1957 3408 2019 eis
3451 1978 3639 2021 annos

246 2054 413 2128 νόμος
476 2053 637 2132 φησίν
664 2071 678 2086 ·
740 2036 912 2108 ³Ἔστω
968 2051 1055 2107 οὖν
1103 2059 1255 2109 τοῦτο
1303 2054 1430 2106 πᾶσι
1475 2043 1796 2118 κατάδηλον,
1827 2047 1899 2110 ὥς

1988 2044 2289 2132 praeterire
2319 2042 2542 2105 debere
2575 2043 2814 2107 deﬁnit:
2838 2045 3084 2106 omnino
3106 2045 3166 2107 in
3191 2045 3428 2110 duobus
3457 2049 3634 2111 etiam

247 2141 300 2197 εἴ
345 2166 426 2207 τις
470 2140 758 2218 τολμήσειε
805 2142 931 2220 πρὸς
979 2140 1225 2218 τέταρτον
1275 2139 1469 2217 γάμον,
1519 2137 1610 2191 τὸν
1641 2134 1698 2190 οὗ
1728 2135 1898 2212 γάμον

251 2229 448 2306 ἐλθεῖν,
507 2232 567 2288 οὗ
616 2231 776 2306 μόνον
819 2228 933 2286 ἀντ’
993 2226 1198 2292 οὐδενὸς
1242 2230 1270 2285 ὁ
1324 2232 1561 2288 τοιοῦτος
1609 2223 1899 2300 νομιζόμε-

252 2341 340 2386 νος
366 2319 738 2398 λογισθήσεται
793 2319 988 2395 γάμος,
1051 2315 1172 2373 ἀλλ’
1243 2314 1358 2375 οὐδὲ
1428 2317 1474 2370 οἱ
1503 2311 1554 2379 ἐξ
1621 2311 1778 2370 αὒτοῦ
1819 2332 1904 2368 τε-

253 2408 469 2488 χθέντες
513 2409 721 2486 γνήσιοι
777 2405 1181 2486 λογισθήσονται
1227 2402 1440 2480 παῖδες,
1499 2403 1585 2458 καὶ
1639 2404 1760 2488 ταῖς
1785 2423 1903 2458 ποι-

253 2486 373 2562 ναῖς
430 2495 485 2553 δὲ
543 2503 648 2560 τῶν
714 2494 1131 2572 μεμολυσμὲνων
1181 2499 1251 2570 τῇ
1318 2491 1534 2572 πορνείᾳ
1588 2486 1901 2560 ὕποϐληθή-

247 2608 426 2643 σονται
500 2588 546 2642 οἱ
609 2584 858 2659 τοιοῦτοι,
931 2581 1024 2640 ἀπ’
1097 2581 1347 2653 ἀλλήλων
1406 2580 1656 2661 πρότερον
1714 2576 1902 2658 διαιρε-

247 2675 452 2738 θέντες.

1984 2131 2142 2207 aliis,
2167 2150 2314 2213 quos
2345 2132 2684 2211 compendii
2709 2151 2886 2194 causa
2907 2133 3088 2196 veluti
3118 2134 3462 2199 manifestos
3483 2137 3640 2198 omi-

1985 2221 2082 2294 sit,
2115 2221 2217 2284 alii
2239 2229 2490 2302 quatuor
2521 2219 2663 2282 anni
2692 2231 2868 2284 erunt
2917 2222 3193 2300 exigendi
3245 2232 3384 2288 ante
3433 2244 3638 2288 sacra-

1987 2318 2322 2372 mentorum
2356 2310 2827 2391 perceptionem.
2863 2311 3037 2390 Legis
3080 2321 3280 2376 autem
3311 2313 3438 2377 hac
3463 2315 3643 2378 verba

1984 2408 2170 2461 sunt:
2205 2397 2510 2463 Universis
2561 2399 2938 2463 manifestum
3001 2411 3150 2480 esto,
3184 2404 3342 2485 quod
3400 2404 3450 2467 si
3505 2405 3640 2486 quis

1985 2507 2163 2551 ausus
2219 2488 2400 2550 fuerit
2438 2488 2512 2550 ad
2555 2500 2802 2570 quartas
2846 2491 3160 2553 convolare
3214 2493 3472 2574 nuptias,
3510 2513 3643 2576 quae

1985 2577 2208 2658 nuptiae
2239 2596 2356 2639 non
2388 2585 2549 2653 sunt,
2587 2597 2706 2639 non
2732 2579 2902 2640 msdo
2921 2579 3284 2656 futurum,ut
3313 2601 3398 2644 ea:
3419 2583 3642 2664 nuptiae

1986 2685 2092 2748 pro
2122 2667 2302 2728 nullis
2335 2665 2665 2728 habeantur
2695 2684 2710 2729 :
2745 2668 2850 2729 sed
2875 2686 2950 2730 ne
2983 2669 3155 2732 liberi
3195 2670 3438 2752 quidem
3461 2691 3530 2734 ex
3555 2673 3648 2736 eis

248 2762 563 2845 procreati,
597 2781 702 2844 pro
735 2761 1014 2842 legitimis
1041 2760 1338 2823 ducantur
1375 2780 1392 2838 ;
1423 2758 1691 2840 adeoque
1725 2755 1918 2838 poenis
1944 2757 2124 2820 etiam
2157 2758 2514 2838 pollutorum
2545 2757 2910 2821 scortatione
2942 2757 3518 2840 talessubjicientur,
3543 2761 3648 2825 ubi

247 2854 510 2935 primum
538 2871 573 2914 a
604 2871 670 2914 se
694 2851 949 2914 invicem
984 2850 1268 2932 dirempti
1294 2849 1538 2912 fuerint.

251 2966 280 2997 α
335 2945 456 3020 Περὶ
499 2946 597 3011 τῆς
657 2943 729 3007 εἰς
790 2940 1030 3020 δεύτερον
1099 2941 1273 3020 γάμον
1348 2939 1522 2998 ἐλθεῖν
1574 2937 1900 3020 βουλομένης

329 3016 606 3102 γυναικὸς,
664 3021 741 3102 ἒν,
786 3016 1125 3102 ,ἀποδημίᾳί
1154 3020 1190 3090 ἢ
1259 3019 1502 3100 στρατείᾳ
1570 3018 1664 3077 τοῦ
1719 3016 1901 3099 ἀνδρὸς

328 3101 510 3183 αὒτῆςῄ
541 3101 918 3183 ἀφανισθέντος
931 3147 942 3161 .
983 3123 1008 3159 ι

333 3182 391 3248 Ὀ
421 3177 624 3250 λα’τοό
667 3190 900 3270 μεγάλου
930 3188 1203 3246 Βασιλείου
1258 3189 1456 3250 κανών.
1493 3177 1555 3245 Ἠ
1614 3189 1900 3269 ἀναχωρή-

243 3302 457 3354 σαντος,
490 3282 642 3361 φησὶ,
687 3287 779 3336 τοῦ
811 3276 1016 3358 ἀνδρὸς,
1057 3279 1144 3334 καὶ
1178 3277 1405 3359 ἀφανοῦς
1453 3276 1629 3354 ὄντος,
1660 3279 1739 3354 μὴ
1762 3278 1898 3334 ἀνα-

239 3371 470 3448 μείνασα
519 3369 618 3436 τὴν
687 3366 966 3440 ἐπάνοδον,
1018 3365 1146 3444 μήτ’
1204 3366 1268 3424 αὗ
1316 3368 1449 3447 πρὸς
1504 3373 1610 3424 τῶν
1668 3363 1898 3446 ἀκριϐῶς

239 3461 313 3517 τὰ
369 3459 490 3519 κατ’
547 3456 612 3508 29
686 3463 856 3518 αὒτῶν
912 3457 1222 3536 ἐγνωκότων
1279 3458 1515 3532 μαθοῦσα
1586 3458 1629 3514 εἰ
1687 3456 1897 3524 ἀληθῶς

240 3549 546 3624 ἐτεθνήκει,
617 3549 704 3604 καὶ
760 3545 1094 3625 γαμουμένη,
1131 3545 1310 3622 ἑτέρῳ,
1367 3551 1444 3620 τῷ
1497 3547 1592 3612 τῆς
1649 3546 1899 3625 μοιχείας

240 3636 492 3717 ἐνέχεται
523 3623 853 3716 κρίματιξὌ
885 3633 938 3691 δὲ
979 3623 1095 3709 λς’
1136 3637 1188 3691 αἱ
1238 3641 1344 3690 τῶν
1394 3634 1478 3692 ἐπὶ
1527 3637 1730 3714 μακρὸν
1751 3623 1901 3691 ἀπο-

244 3727 560 3803 δημούντων
589 3729 922 3804 στρατιωτῶν
973 3723 1225 3803 σύνευνοι,
1279 3729 1356 3798 τῷ
1391 3723 1557 3817 ςότῷ,
1602 3725 1753 3804 φησὶ,
1803 3723 1899 3791 τῆς

245 3815 503 3896 μοιχείας
557 3813 850 3894 ἐγκλήκατι
909 3814 1343 3893 περεπίπτουσιν,
1403 3810 1636 3893 ίἘχομσι
1679 3810 1734 3869 δέ
1784 3834 1902 3869 τινα

243 3903 600 3984 συγγνώμην,
657 3911 734 3979 τῷ
804 3901 859 3960 ἒν
894 3901 1074 3984 χρόνῳ
1128 3901 1348 3958 θανάτου
1421 3901 1501 3958 ἀεὶ
1555 3902 1677 3966 τοὺς
1737 3921 1900 3979 στρα-

242 4002 445 4058 τιῶτας
499 3995 902 4072 ὑποπτεύεσθαι,
971 3991 1062 4049 ἅτε
1139 3993 1255 4071 περὶ
1310 3989 1596 4072 πολέμους,
1642 3991 1730 4048 καὶ
1780 4011 1901 4046 κιν-

241 4084 456 4158 δύνους,
487 4083 574 4140 καὶ
626 4084 830 4164 σφαγὰς
884 4080 1390 4164 ἀναστρεφομένους,
1457 4089 1584 4143 Τοῖς
1637 4077 1747 4138 δυσὶ
1785 4079 1902 4136 τού-

239 4195 361 4236 τοις
395 4182 488 4232 τοῦ
517 4159 757 4252 μεγάλου.
791 4172 973 4228 κανόσι
1000 4159 1096 4226 καί
1124 4159 1177 4238 -ἡ
1209 4159 1291 4243 ς’
1348 4167 1562 4232 σύνοδος
1619 4169 1900 4248 ἀρεσθεῖσα

1985 2937 2066 2994 De
2109 2936 2343 3010 muliere
2395 2935 2664 3010 secundas
2717 2937 2790 2992 ad
2833 2938 3060 3010 nuptias
3108 2939 3356 2998 transire
3408 2941 3636 3008 volente,

2055 3009 2231 3092 cujus,
2259 3009 2496 3092 maritus
2542 3007 2604 3064 in
2649 3007 3114 3080 peregrinatione.
3162 3011 3248 3068 vel
3294 3013 3644 3085 expeditione

1923 3108 1963 3159 ρ
2058 3080 2357 3136 interierit.

2062 3177 2265 3240 Canon
2319 3195 2458 3242 xxxr
2508 3177 2708 3240 Basilii
2765 3179 2962 3259 magni
3009 3197 3022 3243 :
3077 3180 3314 3257 Mulier,
3349 3181 3452 3257 ait,
3505 3201 3638 3264 qua

1983 3270 2193 3332 marito
2225 3289 2474 3352 peregre
2507 3271 2795 3352 profecto,
2832 3292 2944 3334 nec
2973 3274 3168 3336 adhuc
3223 3284 3635 3355 comparente,

1982 3359 2238 3421 reditum
2289 3361 2420 3440 ejus
2451 3379 2569 3422 non
2601 3363 3072 3445 exspectaverit;
3111 3381 3224 3426 nec
3275 3362 3348 3425 ab
3401 3364 3499 3440 iis,
3534 3367 3634 3446 qul

1983 3449 2112 3527 ejus
2160 3450 2395 3528 negotia
2448 3458 2667 3510 norunt
2722 3458 3020 3529 accurate,
3079 3469 3222 3515 vere
3263 3471 3340 3514 ne
3373 3461 3639 3515 mortuus

1983 3536 2082 3614 sit,
2116 3537 2477 3600 intellexerit
2507 3585 2523 3613 ,
2580 3547 2756 3619 atque
2788 3539 2868 3601 ita
2897 3541 3172 3622 nupserit
3218 3541 3430 3618 alteri,
3461 3541 3639 3603 adul-

1985 3625 2117 3688 terii
2164 3626 2392 3706 judicio
2454 3635 2707 3690 tenetur.
2755 3627 2904 3691 Item
2937 3649 3128 3693 canon
3179 3648 3380 3695 xxxvr.
3415 3629 3642 3694 Uxores

1985 3716 2236 3778 militum
2284 3718 2486 3797 procul
2545 3717 2744 3798 aliquo
2795 3721 3330 3800 proficiscentium,
3385 3722 3445 3784 in
3477 3722 3636 3785 idem

1983 3805 2261 3868 adulterii
2313 3806 2544 3868 crimen
2592 3805 2864 3870 incidunt
2917 3830 2931 3871 :
2991 3810 3096 3873 sed
3145 3813 3373 3874 veniam
3437 3819 3638 3874 tamen

1985 3895 2241 3976 aliquam
2263 3902 2577 3977 propterea
2607 3906 2934 3976 merentur,
2968 3901 3126 3981 quod
3158 3919 3399 3984 semper
3432 3899 3640 3963 existi-

1990 3992 2224 4046 mentur
2257 3985 2318 4046 in
2341 3985 2589 4046 articulo
2623 3986 2831 4048 mortis
2876 4005 3009 4050 esse
3055 3989 3299 4066 milites,
3326 3990 3503 4053 veluti
3534 3991 3640 4071 qui

1985 4072 2047 4133 in
2103 4073 2345 4153 praeliis,
2397 4081 2456 4135 et
2511 4073 2818 4154 periculis,
2882 4084 2940 4138 et
2988 4077 3248 4141 caedibus
3297 4089 3631 4142 versentur.

1981 4163 2224 4226 Duobus
2257 4162 2423 4224 hisce
2454 4162 2657 4224 Basilii
2688 4163 3016 4226 canonibus
3071 4169 3402 4230 assentiens
3459 4168 3635 4230 etiam

240 4251 609 4329 ἐνενηκοστὸν
648 4261 816 4340 τρίτον
876 4259 1072 4316 κανόνα
1157 4257 1345 4325 ἑαυτῆς
1403 4257 1718 4332 ἐποιήσατο,
1797 4258 1895 4313 αὒ-

1988 4262 2148 4313 sexta
2175 4251 2454 4332 synodus,
2487 4267 2630 4312 XCIII
2688 4270 2977 4314 canonem
3039 4271 3212 4318 suum
3270 4256 3432 4331 fecit,
3495 4257 3640 4337 ipsis

239 4365 368 4414 τοῖς
397 4364 514 4416 τοῖς
544 4350 700 4406 αἱ)τοῦ
754 4349 956 4428 ῥήμασι
1002 4346 1346 4427 χρησαμένη,
1396 4348 1484 4402 καὶ
1534 4348 1895 4424 προστίθησιν,

1988 4341 2114 4421 ejus
2145 4340 2341 4402 verbis
2399 4358 2524 4414 usa,
2560 4347 2619 4428 et
2668 4340 2889 4404 deinde
2931 4341 3222 4422 adjiciens
3255 4364 3270 4408 :
3308 4345 3496 4420 Miles,
3535 4345 3639 4427 qui

240 4444 322 4506 ὡς
355 4438 676 4509 Ἐπανήκων
706 4440 734 4494 ὁ
758 4427 1108 4517 στρατιώτης
1139 4433 1199 4491 ὲκ
1226 4436 1322 4502 τῆς
1339 4435 1553 4514 χρονίας
1574 4433 1896 4510 ἀποδημίας,

1988 4449 2055 4491 ex
2102 4429 2382 4491 diuturna
2437 4427 2808 4517 profectione
2855 4432 3191 4508 revertitur,
3255 4433 3306 4494 si
3361 4433 3632 4514 voluerit,

242 4532 292 4587 εἰ
351 4527 658 4608 βουληθείη,
709 4516 938 4602 λήψεται
995 4525 1094 4592 την
1140 4521 1273 4580 ἰδίαν
1316 4535 1544 4602 γυναῖκα
1577 4539 1592 4553 ⁶
1654 4523 1898 4601 συγγνώ-

1988 4536 2227 4580 uxorem
2259 4535 2424 4579 suam
2457 4516 2729 4596 recipiet.
2764 4516 2950 4580 Venia
3005 4536 3142 4581 vero
3193 4528 3310 4582 tam
3359 4521 3472 4602 ipsi
3497 4540 3638 4582 mu-

240 4641 330 4696 μη
375 4614 430 4673 δὲ
473 4617 559 4674 καὶ
585 4605 749 4693 ταύτῃ
796 4615 884 4671 καὶ
926 4613 1004 4688 τῷ
1062 4612 1302 4688 νομίμως
1357 4611 1660 4692 συναφθέντι
1704 4609 1897 4696 δίδοται

1988 4606 2138 4687 lieri,
2169 4625 2345 4687 quam
2367 4605 2492 4667 viro
2542 4605 2804 4684 legitime
2832 4623 2967 4669 cum
2997 4626 3068 4668 ea
3093 4608 3367 4689 copulato
3421 4609 3627 4673 datur.

242 4691 419 4785 ἀνδρί,
469 4705 541 4764 Οί)
587 4705 687 4785 γὰρ
726 4691 1099 4778 ἔπιτιμῶνται,
1161 4698 1245 4758 διὰ
1300 4701 1400 4769 τὴν
1465 4691 1700 4780 ἄγνοιαν.
1737 4691 1800 4758 Ἣ
1843 4698 1897 4756 δὲ

1988 4695 2108 4758 Νοη
2146 4695 2306 4758 enim
2359 4694 2707 4775 puniuntur,
2766 4703 3009 4776 propter
3055 4696 3633 4778 ignorantiam.Ejus

241 4804 346 4855 τοῦ
386 4795 464 4871 μὴ
523 4792 674 4858 ὄντος
717 4791 1064 4873 στρατιώτου,
1125 4789 1496 4870 ἀσύγγνωστος
1553 4790 1631 4866 μὲι
1679 4790 1904 4866 ἀναμεί-

241 4907 389 4944 νασα
425 4885 525 4951 τὴν
554 4881 832 4942 ἐπάνοδον.
864 4881 922 4938 Ei
982 4877 1037 4934 δὲ
1095 4879 1200 4959 οὐχ
1256 4880 1482 4958 αἱρεῖται
1526 4880 1561 4946 ἡ
1617 4879 1748 4957 favi}
1807 4878 1906 4946 τὴν

244 4976 392 5055 μετὰ
448 4976 542 5030 τοῦ
596 4970 972 5033 ἐπανελθόντος
1035 4969 1360 5047 στρατιώτου
1415 4965 1728 5044 συμϐίωσιν,
1790 4965 1907 5026 οὐδὲ

245 5072 349 5122 τοῦ
387 5061 624 5144 δευτέρου
672 5059 854 5140 ἀνδρὸς
889 5059 978 5114 καὶ
1048 5055 1345 5133 βουλομένη
1404 5071 1669 5114 συνοικεῖν
1741 5055 1907 5125 ἐαθή-

245 5175 428 5215 σεται,
479 5143 541 5210 Εί
587 5153 688 5231 γὰρ
728 5147 997 5228 βουλεθείη
1055 5143 1192 5209 ὅλως
1238 5147 1371 5222 μετὰ
1422 5146 1521 5213 τὴν
1575 5146 1772 5202 ἐκείνου
1805 5145 1906 5201 ἐπ-

247 5241 467 5317 ἆνοδον,
527 5243 570 5298 εί
611 5242 700 5298 καὶ
756 5240 834 5316 μὴ
897 5235 1166 5316 προσίεται
1236 5236 1460 5316 ταύτην,
1515 5234 1590 5292 ἔτι
1641 5249 1906 5293 συνοικεῖν

247 5321 336 5409 τῷ
376 5329 620 5410 δευτέρῳ,
677 5332 750 5396 ὡς
807 5323 1063 5406 μοιχαλὶς
1106 5325 1558 5405 τιμωρηθήσεται,
1609 5325 1700 5381 καὶ
1742 5328 1770 5382 ὁ
1798 5325 1904 5403 γά..

250 5443 362 5502 μος
427 5420 610 5478 αύτίκα
668 5417 1136 5486 διασπασθήσεται.
1202 5413 1440 5477 Ἐκείνας
1504 5414 1604 5493 γὰρ
1658 5414 1902 5494 συγγνώ-

1987 4795 2183 4848 autem
2217 4802 2402 4858 uxor,
2447 4783 2551 4865 qui
2602 4801 2720 4844 non
2752 4790 2841 4843 est
2871 4783 3067 4865 miles,
3101 4785 3150 4846 si
3201 4787 3460 4848 reditum
3511 4806 3630 4848 non

1988 4873 2439 4957 exspectaverit,
2475 4871 2704 4934 veniam
2733 4891 2852 4933 non
2884 4872 3185 4954 impetrat.
3221 4876 3392 4949 Quod
3424 4879 3471 4937 si
3507 4895 3639 4939 mu-

1987 4965 2098 5026 lier
2125 4963 2348 5026 reversi
2401 4962 2603 5023 militis
2659 4961 3117 5025 contubernium
3178 4964 3474 5045 repudiet,
3526 4983 3638 5027 nec

1989 5053 2163 5115 alteri
2217 5051 2445 5126 marito,
2498 5050 2636 5111 licet
2681 5049 2740 5110 id
2790 5060 3043 5130 expetat,
3100 5053 3444 5115 cohabitare
3494 5071 3636 5134 per-

1991 5143 2278 5203 mittetur.
2312 5138 2455 5200 Nam
2506 5138 2556 5200 si
2587 5137 2837 5198 voluerit
2889 5141 3136 5202 omnino
3189 5151 3318 5221 post
3376 5142 3634 5204 reditum

1993 5231 2216 5298 militis.
2253 5231 2388 5290 licet
2413 5246 2543 5289 eam
2599 5245 2718 5287 non
2748 5227 3038 5303 admittat,
3072 5229 3270 5292 adhuc
3298 5239 3496 5292 tamen
3527 5251 3635 5292 co-

1989 5320 2258 5383 habitare
2287 5317 2550 5380 secundo
2597 5315 2830 5392 marito,
2882 5328 3158 5398 tanquam
3207 5320 3476 5384 adultera
3522 5340 3636 5402 pu-

1990 5410 2206 5485 nietur,
2249 5417 2307 5471 et
2363 5405 2802 5468 matrimonium
2861 5407 3056 5469 statim
3111 5407 3449 5471 dirimetur.
3482 5411 3632 5472 Nam

1571 5588 1825 5656 VARIE
1870 5585 2188 5655 LECTION
2195 5585 2306 5651 ES.

343 5769 403 5823 ⁸9
429 5770 549 5830 κατ’
577 5768 756 5828 αὐτόν.
