4120 6444
519 413 680 482 1263

1891 415 2031 479 JUS
2063 410 2512 479 ΕΑΝΘΝῙΟΗΜ

3739 415 3881 482 1Ωθ4

511 550 645 613 illas
719 549 1044 632 impetrare
1121 552 1351 613 veniam
1428 549 1674 615 tradunt
1739 549 1965 625 Patres,
2025 569 2152 632 qua

2244 569 2346 622 μης
2401 546 2662 614 ἀξιοῦσθαι
2731 572 2890 630 φασιν
2942 554 2992 609 οἱ
3035 553 3288 632 Πατέρες,
3343 555 3439 616 τὰς
3494 551 3714 630 ἆτοίμως
3783 551 3878 632 ἀφ’

514 649 789 722 prompte
838 640 1102 702 secundo
1160 661 1193 703 a
1250 640 1628 703 matrimonio
1687 639 2044 715 discedunt,
2106 650 2152 702 et

2248 637 2530 712 ισταμένας
2603 649 2694 698 τοῦ
2790 638 3027 721 δευτέρου
3113 643 3457 724 συνοικεσίου,

511 739 820 813 peccatum
843 748 911 792 ex
929 728 1262 808 ignorantia
1285 730 1618 810 profectum
1641 749 1759 792 non
1781 729 2110 810 approbant
2143 749 2157 794 :

513 839 632 882 non
663 838 796 898 quae
824 828 1183 901 repugnant,
1219 829 1278 881 et
1305 819 1584 883 adulterii
1628 819 1929 902 proposito
1967 819 2160 883 inhae-

513 908 739 974 rent.Si
778 907 949 971 mil'es
984 907 1047 969 in
1079 908 1458 992 expeditione
1487 908 1661 989 degat
1701 911 1724 977 (
1741 909 1854 987 l7),
1899 909 2012 972 hoc
2044 919 2154 982 est.

512 1000 574 1061 in
604 997 992 1081 utilipublice
1007 1008 1312 1080 apparatu,
1339 1008 1718 1080 quotcunque
1747 998 1987 1060 tandem
2017 1000 2160 1062 anni

510 1089 756 1166 fuerint,
802 1107 953 1150 uxor
1001 1089 1132 1169 ejus
1181 1088 1484 1150 hominem
1543 1096 1866 1170 exspectet,
1927 1090 2159 1152 tametsi

512 1180 703 1242 nullas
730 1178 805 1242 ab
837 1197 906 1242 eo
937 1178 1164 1240 litteras
1206 1177 1522 1260 acceperit.
1557 1175 1728 1250 Quod
1755 1179 1806 1240 si
1835 1178 2012 1240 etiam
2045 1179 2155 1242 de-

510 1270 776 1332 functum
805 1267 1029 1342 audiat,
1063 1286 1142 1331 ne
1172 1267 1255 1332 ita
1291 1265 1534 1348 quidem
1581 1267 1781 1328 statim
1815 1267 2016 1330 nubat.
2052 1267 2156 1331 Sin

509 1367 727 1440 praeter
749 1363 1031 1419 statutum
1064 1357 1178 1418 hoc
1207 1355 1501 1438 nupserit,
1537 1365 1654 1420 tam
1683 1356 1836 1438 ipso,
1858 1375 2031 1439 quam
2055 1357 2156 1439 qui

508 1467 640 1511 eam
671 1447 858 1522 duxit,
921 1455 1198 1527 tanquam
1235 1446 1489 1508 adulteri
1521 1446 1870 1528 puniuntur.
1907 1445 2073 1519 Quod
2105 1447 2153 1508 si

507 1536 822 1618 probatum
854 1534 1057 1616 fuerit,
1091 1553 1191 1597 eos
1234 1536 1334 1616 qui
1385 1537 1462 1596 de
1509 1543 1697 1597 morte
1745 1534 2153 1617 deposuerint,

508 1625 811 1706 mentitos,
845 1621 1399 1688 exauctorantur.Et
1428 1627 1528 1705 qui
1559 1642 1829 1686 reversus
1854 1624 2152 1700 estmiles,

503 1714 811 1780 licentiam
841 1713 1023 1776 habet
1045 1732 1311 1788 uxorem,
1339 1713 1390 1776 si
1409 1714 1567 1790 velit,
1601 1732 1768 1776 suam
1794 1714 2150 1795 recipiendi.

502 1806 590 1870 De
621 1803 1093 1894 captivisautem
1122 1803 1350 1894 novella
1379 1803 1619 1894 Leonis,
1655 1803 2011 1894 cognomine
2039 1807 2150 1868 Sa-
2173 1845 2213 1894 Β

505 1894 721 1978 pientis
789 1891 964 1972 (l8),
1029 1892 1254 1969 sancit;
1343 1892 1784 1956 matrimonium
1846 1913 1916 1956 ex
1973 1912 2154 1957 causa

505 1981 862 2068 captivitatis
916 2002 1034 2044 non
1082 1982 1275 2046 solvi:
1311 2001 1425 2045 nec
1460 1982 1516 2045 ei
1564 1983 1740 2065 parti,
1793 2003 1925 2065 qua;
1963 1983 2153 2046 libera

504 2071 810 2150 manserit,
863 2071 1087 2147 licere;
1144 2080 1208 2134 ut
1262 2072 1517 2134 alterum
1577 2072 1650 2134 ad
1702 2073 2150 2136 matrimonium

500 2161 978 2248 re'Spiciat.Quod
1010 2162 1061 2225 si
1090 2163 1269 2223 etiam
1299 2160 1402 2223 alii
1432 2181 1496 2223 se
1523 2162 1920 2242 conjunxerit,
1956 2162 2148 2226 licen-

505 2247 644 2318 tiam
677 2252 899 2316 habere
931 2258 1157 2332 partem
1191 2269 1344 2332 eam,
1379 2269 1510 2333 quae
1534 2269 1772 2314 reversa
1805 2251 1881 2314 sit
1910 2271 1979 2316 ex
2005 2270 2151 2331 cap-

505 2345 750 2420 tivitate,
783 2339 1120 2405 membrum
1161 2359 1332 2402 suum
1362 2338 1704 2418 revocandi,
1740 2349 1800 2404 et
1819 2342 2150 2408 secundum

507 2431 956 2497 matrimonium
980 2428 1320 2492 d'irimendi.

500 2524 662 2594 Quod
683 2522 990 2597 presbyter,
1017 2520 1112 2593 qui
1135 2519 1348 2598 nuptiis
1378 2518 1658 2576 benedixit
1675 2517 1912 2576 alterum
1927 2523 2152 2578 contra-

533 2601 706 2662 hentis
732 2600 1178 2667 matrimonium,
1200 2615 1328 2656 cum
1356 2614 1417 2656 eo
1443 2599 1736 2656 convivari
1760 2615 1874 2657 non
1904 2601 2112 2658 debeat.

581 2687 780 2747 Canon
804 2681 1049 2745 concilii
1069 2679 1565 2742 Neocmsariensis
1595 2679 1886 2761 septimus
1907 2700 2026 2743 non
2049 2701 2151 2763 pu-

507 2782 592 2838 tat
617 2773 840 2836 debere
890 2769 1296 2852 presbyterum
1343 2767 1594 2850 nuptiali
1642 2768 1971 2832 secundum
2003 2788 2151 2834 con-

505 2862 799 2928 trahentis
829 2858 1272 2922 matrimonium
1299 2857 1565 2920 convivio
1617 2858 1930 2923 interesse.
1964 2859 2152 2933 Quem

502 2950 663 3014 enim
699 2947 1124 3030 objurgaturus
1177 2953 1285 3021 est,
1322 2952 1386 3008 et-
1410 2945 1482 3007 ad
1513 2945 1654 3007 anni
1699 2946 1953 3028 spatium
1986 2966 2154 3011 sacra

499 3039 850 3114 exclusurus
901 3035 1284 3119 perceptiene
1318 3083 1333 3111 ,
1389 3053 1524 3097 cum
1581 3053 1650 3097 eo
1709 3035 1948 3116 quinam
2023 3037 2152 3100 ﬂeri

507 3135 722 3213 potest,
781 3125 1049 3206 ejusdem
1101 3132 1168 3186 ut
1216 3132 1356 3186 tunc
1386 3142 1609 3186 mensae
1661 3125 1739 3187 sit
1794 3144 2058 3204 consors,
2093 3135 2208 3210 etc

503 3216 848 3302 opinionem
903 3214 978 3278 de
1029 3232 1094 3277 se
1142 3213 1422 3296 praebeat,
1463 3213 1651 3302 quasi
1702 3215 2019 3298 participes
2075 3217 2151 3279 sit

501 3301 657 3388 ejus,
684 3305 845 3388 quod
873 3305 1068 3384 agitur
1089 3302 1127 3363 ?
1144 3305 1283 3366 Post
1309 3301 1544 3386 nuptias
1574 3308 1772 3365 tamen
1825 3304 1981 3368 vesci
2013 3323 2149 3370 cum

500 3387 570 3462 eo
595 3387 1173 3478 non'prohibebitur.
1418 3389 1424 3396 ’

579 3485 984 3559 Christianos,
1016 3483 1123 3564 qui
1149 3483 1230 3546 ad
1248 3484 1495 3565 nuptias
1515 3488 1682 3560 eunt,
1714 3500 1836 3545 non
1858 3482 2070 3546 debere

963 3571 1218 3635 ludicris
1245 3575 1504 3636 intentos
1532 3589 1676 3635 esse.

574 3667 776 3728 Ganon
806 3660 1155 3724 Laodicenaa
1185 3660 1392 3743 synodi
1422 3678 1523 3723 Lm
1549 3661 1835 3742 praecipit,
1863 3662 2147 3725 utChris-

496 3752 662 3829 tiani,
711 3751 812 3833 qui
844 3760 984 3813 eunt
1015 3750 1086 3820 ad
1120 3751 1354 3830 nuptias
1401 3749 1752 3830 gravitatem
1782 3749 1896 3811 sibi
1927 3769 2145 3813 conve-

493 3842 762 3905 nientem
823 3847 1082 3915 servent,
1119 3847 1177 3900 et
1225 3839 1596 3914 saltantibus,
1630 3846 1731 3901 aut
1760 3838 2020 3902 ludicras
2049 3859 2145 3904 res

494 3930 832 4011 agcntibus,
865 3931 1132 3992 animum
1165 3948 1281 3990 non
1315 3929 1646 3992 advertant.
1681 3927 1846 4001 Quod
1879 3949 2142 4013 praecep-

491 4027 615 4082 tum
647 4018 897 4097 canonis
922 4019 1102 4100 hujus
1133 4017 1309 4082 modo
1337 4017 1672 4096 neglectum
1692 4019 1876 4096 jacet.

491 4108 585 4171 De
615 4107 950 4191 virginibus
974 4101 1206 4190 praeter
1223 4115 1555 4189 parentum
1583 4124 1835 4170 suorum
1866 4111 2148 4174 volunta-

1042 4205 1162 4259 tem
1216 4195 1597 4259 nubentibus.

577 4285 778 4350 Canon
811 4285 1016 4349 Basilii
1045 4285 1242 4366 magni
1272 4302 1518 4360 xxxvnl,
1553 4285 1777 4366 puellas
1794 4285 1946 4348 ﬁlias
1977 4286 2145 4348 fami-

3553 643 3641 698 καὶ
3693 648 3766 716 τῷ
3831 639 3877 705 ἐξ

2245 725 2458 804 ἀγνοίας
2516 728 2594 803 μή
2651 729 3017 806 συντιθεμένας
3082 732 3448 811 ἁμαρτήματι,
3519 731 3579 787 οὗ
3634 732 3740 806 μὴν
3791 731 3876 794 τὰς

2245 814 2649 893 ἆνθισταμένας,
2710 822 2798 876 καὶ
2854 821 2954 888 τὴν
3012 811 3258 902 μοιχείαν
3316 821 3749 903 προαιρουμένας.
3786 821 3879 876 Εὲιν

2245 905 2572 984 στρατιώτης
2633 906 2688 963 ἐν
2743 907 2990 984 ὲξπεδίτῳ
3039 908 3220 989 διάγῃ,
3294 910 3457 990 ᾔγουν
3526 911 3580 967 ἐν
3635 909 3880 990 δημωφε-

2241 996 2329 1049 λεϊ
2380 997 2868 1074 κατασκετάσματι,
2924 998 3078 1065 ὅσους
3135 999 3332 1070 δήποτε
3385 1000 3676 1076 ἐνιαυτοὺς,
3733 1019 3875 1078 περι-

2242 1081 2446 1156 μενέτω
2474 1091 2658 1142 τοῦτον
2698 1088 2732 1154 ἡ
2766 1091 2946 1146 αὐτοῦ.
2992 1089 3227 1166 γαμετὴ,
3268 1088 3366 1145 κὲίν
3410 1091 3453 1146 εἰ
3496 1089 3576 1164 μὴ
3605 1089 3878 1167 γράμματι

2240 1169 2448 1236 ἐδέξατο
2474 1175 2599 1252 παρ’
2632 1174 2812 1237 αὐτου.
2874 1178 2933 1234 Εἰ
2989 1174 3043 1232 δὲ
3095 1179 3181 1233 καὶ
3222 1177 3610 1248 τελευτήσαντα
3652 1178 3876 1254 πύθοιτο³

2239 1257 2366 1334 μηδ’
2399 1259 2564 1325 οὕτως
2608 1263 2796 1326 ευθέως
2853 1265 3144 1342 γαμείσθω.
3193 1267 3252 1324 Εἰ
3310 1265 3364 1322 δὲ
3419 1267 3568 1345 παρὰ.
3589 1268 3682 1322 τὸν
3722 1286 3880 1344 προσ-

2239 1345 2510 1427 διορισμὸν
2553 1352 2823 1429 γιμηθείη
2881 1363 3088 1429 τοῦτον,
3146 1357 3234 1410 καὶ
3289 1356 3443 1430 αὐτὴ,
3491 1357 3578 1411 καὶ
3632 1358 3660 1410 ὁ
3716 1351 3882 1410 λαϐὼν

2239 1438 2425 1524 αὐτὴν,
2471 1439 2544 1504 ὡς
2592 1443 2779 1524 μοιχοὶ
2834 1450 3208 1521 τιμωροῦνται.
3248 1447 3306 1502 Εἰ
3354 1442 3409 1500 δὲ
3459 1447 3506 1501 οἱ
3552 1444 3878 1518 κεταθέμενοι

2241 1523 2612 1606 ἀποδειχθετεν
2670 1531 3014 1608 ψευσάμενοι,
3075 1532 3572 1613 ἀποστρατεύονται.
3631 1535 3731 1592 Καὶ
3770 1531 3882 1611 ἔχει

2239 1613 2414 1671 ἄδειαν
2472 1619 2501 1673 ὁ
2569 1617 2869 1677 ἐπανελθὼν
2915 1622 3267 1702 στρατιώτης,
3345 1623 3444 1691 τὴν
3499 1621 3631 1680 ἰδίαν
3674 1619 3880 1693 λαϐεῖν,

2237 1705 2281 1759 εἰ
2309 1703 2573 1782 βούλοιτο,
2620 1711 2882 1784 γαμετήν.
2940 1712 3064 1790 Περὶ
3111 1709 3166 1767 δὲ
3197 1711 3560 1792 αἰχμαλώτων
3628 1714 3662 1780 ἡ
3733 1711 3888 1790 νεαρὰ

2237 1792 2460 1859 Λέοντος
2503 1806 2595 1856 τοῦ
2651 1805 2846 1880 Σοφοῦ,
2893 1801 2970 1876 μὴ
3025 1799 3236 1858 λύεσθαι
3293 1800 3564 1882 διορίζεται
3633 1802 3884 1882 προφάσει

2235 1884 2335 1949 τῆς
2392 1884 2766 1966 αἰχμαλωσίας
2823 1891 3021 1968 γάμον,
3081 1889 3216 1967 μηδὲ
3275 1899 3354 1967 τῷ
3407 1891 3668 1971 ἐλευθέρμ
3687 1913 3885 1957 συντη-

2233 1971 2440 2050 ρηθέντι
2501 1974 2645 2053 μέρει
2701 1977 2896 2043 ἐξεῖναι
2954 1980 3087 2058 πρὸς
3145 1979 3322 2058 ἕτερον
3389 1979 3598 2038 ἀπιδεῖν
3642 1979 3890 2036 συνοικέ-

2234 2082 2369 2122 σιον.
2419 2064 2481 2120 Εἰ·
2507 2061 2560 2120 δὲ
2602 2067 2690 2122 καὶ
2721 2069 3002 2148 συναφθείη
3047 2066 3236 2150 ἑτέρῳ,
3292 2069 3466 2127 ἄδειαν
3522 2069 3639 2150 ἔχει
3669 2071 3733 2125 τὸ
3763 2070 3889 2126 ὅπου

2233 2151 2462 2238 στρέψαν
2491 2152 2648 2234 μέρος
2695 2155 2756 2212 ἐκ
2796 2159 2893 2226 τῆς
2955 2157 3344 2238 εἰχμαλωσίας,
3376 2161 3438 2216 τὸ
3493 2160 3692 2216 οἰκεῖον
3750 2157 3885 2214 ἀνα-

2234 2237 2514 2298 καλεῖσθαι
2598 2242 2788 2320 μέλος,
2860 2247 2947 2303 καὶ
3007 2237 3119 2303 τὸν
3199 2245 3437 2327 δεύτερον
3507 2249 3680 2327 γάμον
3769 2245 3888 2304 δια-

2236 2349 2374 2402 σπᾳν
2385 2377 2400 2393 .

2323 2530 2354 2564 ο
2405 2517 2496 2568 Οτι
2550 2509 2608 2566 οὖ
2659 2507 2744 2592 δεῖ
2801 2519 2878 2587 τῷ
2932 2509 3238 2592 διγαμοῦντι
3297 2519 3656 2574 συνεστιᾶσθαι
3715 2517 3809 2574 τὸν

2616 2589 3032 2671 ὶερολογήσαντά
3059 2589 3444 2676 πρεσϐύτερον,
3484 2620 3512 2652 ι

2319 2667 2642 2762 εΟγῗέὲῗδομος
2702 2682 2796 2748 τῆς
2853 2681 2906 2739 ἐν
2968 2685 3344 2762 Νεοκαισαρείά
3412 2684 3626 2743 συνόδου
3681 2688 3888 2761 κακῶν,

2236 2761 2584 2854 πρεσϐύτερον
2668 2768 2720 2825 ἐν
2789 2776 2896 2826 τῶν
2987 2772 3146 2850 γάμῷ
3167 2847 3187 2854 _
3216 2761 3308 2830 τοῦ
3378 2771 3889 2854 δευτερργαμοῦντος-

2235 2852 2498 2910 ἐσθιᾶσθαι
2525 2855 2589 2905 50
2619 2859 2712 2914 οὐκ
2757 2856 2936 2916 οἰέταυ
2981 2847 3114 2923 δεῖν,
3167 2847 3258 2918 “ον
3288 2864 3390 2942 γὰρ
3453 2847 3701 2940 ἐπιτιμᾷν
3755 2865 3890 2941 μέλ-

2233 2942 2340 3023 λει,
2370 2945 2458 3006 καὶ
2487 2944 2574 3036 in’
2607 2945 2841 3006 ἐνιαυτὸν
2884 2955 2985 3016 τῆς
3051 2951 3192 3015 θείας
3249 2951 3447 3032 εἴργειν
3505 2953 3888 3036 μεταλήψεως,

2231 3040 2347 3098 πῶς
2411 3034 2527 3092 οἷόν
2583 3057 2642 3093 τε
2685 3051 2963 3094 κοινωνεῖν
3017 3040 3188 3114 τούτῳ
3251 3042 3513 3119 τραπέζης
3571 3034 3886 3124 numina;

2231 3124 2320 3178 καὶ
2373 3125 2510 3180 κατὰ
2590 3135 2765 3195 τοῦτο,
2795 3125 2977 3184 δοκεῖν
3018 3135 3096 3204 τῷ
3150 3130 3414 3207 γινομένῳ
3485 3134 3885 3213 συμπράττεινς

2234 3213 2380 3268 Μετὰ
2421 3212 2600 3288 μέντοι
2654 3217 2744 3273 τὸν
2797 3217 2995 3297 γάμον,
3071 3222 3212 3295 αὗτῷ
3269 3221 3549 3277 συνεσθίειν
3591 3222 3649 3278 οὗ
3705 3212 3886 3280 κωλυέ

2231 3301 2448 3371 θήσεται
2459 3351 2473 3368 ,

2240 3497 2272 3540 ε
2319 3488 2411 3538 Οτι
2466 3483 2589 3547 τοὺς
2647 3485 2720 3549 εἰς
2763 3485 2936 3565 γάμον
2978 3485 3233 3555 ἀπιόντας
3288 3491 3629 3570 Χριστιανοὺς
3691 3495 3752 3552 οὗ
3807 3489 3889 3548 δεῖ

2717 3577 2981 3655 παιγνίοις
3012 3577 3324 3660 προσέχειν.
3365 3603 3387 3637 ι

2319 3651 2376 3719 εΟ
2432 3665 2792 3730 πεντηκοστὸς
2831 3651 3022 3744 ’τρίτος
3054 3651 3065 3658 ἰ
3097 3651 3293 3735 τῆξιν
3351 3667 3628 3744 Λαοδικείᾳ
3681 3671 3887 3729 κελώει

2233 3751 2437 3825 κακὼν,
2492 3753 2612 3819 τοὺς
2668 3755 2741 3818 εἷς
2794 3755 2967 3834 γάμον
3057 3757 3310 3825 ἀπιόντας
3367 3762 3714 3838 Χριστιανοὺς
3788 3765 3888 3832 τῆς

2233 3840 2610 3917 προσηκούσης
2681 3843 2861 3909 αὐτοῖς
2929 3844 3319 3903 ἀντιποιεῖσθαι
3376 3847 3724 3926 σεμνότητος,
3801 3852 3890 3907 καὶ

2235 3928 2311 4017 μὴ
2340 3940 2456 4017 τοῖς
2513 3931 2858 4010 ὀρχουμένοις
2901 3933 2938 4000 ἦ
2994 3936 3234 4006 παίζουσι
3277 3935 3563 4017 προσέχειν
3615 3939 3709 3994 τὸν
3741 3947 3888 3999 νοῦν.

2231 4015 2530 4092 Ἠμέληται
2573 4018 2629 4074 δὲ
2656 4031 2812 4080 τανῦν
2839 4023 2906 4079 τὰ
2934 4025 3156 4088 κανόνος
3183 4015 3390 4089 τούτου.

2237 4128 2261 4160 α
2297 4108 2420 4186 Περὶ
2425 4150 2451 4186 δ
2477 4113 2586 4164 τῶν
2627 4109 2992 4188 ,γαμουμένων
3069 4113 3336 4193 παρθένων
3411 4123 3672 4195 γυναικῶν
3743 4119 3888 4197 παρὰ

2590 4198 2814 4276 γνώμην
2844 4207 2949 4256 τῶν
2999 4203 3203 4259 οἰκείων
3233 4203 3453 4282 γονέων,
3493 4227 3517 4262 ι

2313 4273 2370 4340 t0
2422 4305 2730 4362 τριακοστος
2793 4286 2978 4366 ὄγδοος
3028 4301 3119 4350 τοῦ
3162 4273 3397 4371 μεγάλου
3449 4293 3722 4352 Βασιλείου
3781 4318 3887 4353 κα-

493 4377 736 4449 liarum,
770 4394 902 4458 quae
940 4383 1154 4456 praeter
1200 4374 1559 4463 voluntatem
1605 4382 1833 4463 patrum
1895 4395 2140 4439 suorum

2244 4372 2331 4429 νὼν
2385 4374 2478 4438 τὰς
2537 4374 2844 4442 ὑπεξουσίας
2901 4380 3084 4460 κόρας,
3159 4384 3216 4437 αἳ
3278 4385 3421 4463 παρὰ
3475 4385 3697 4463 γνώμην
3766 4389 3875 4443 τῶν

491 4464 737 4527 amasiis
768 4451 960 4527 semet
988 4462 1049 4524 in
1082 4462 1448 4526 matrimonii
1477 4451 1838 4526 consortium
1874 4464 2140 4526 tradide-

2245 4460 2366 4551 δίων
2437 4464 2680 4544 πατέρων
2750 4480 2868 4532 τοῖς
2937 4451 3185 4548 ἐρασταῖς
3258 4451 3365 4536 εἰς’
3401 4451 3573 4551 γάμου
3590 4451 3883 4533 ’κοινωνίαν

491 4555 636 4627 rint,
669 4562 948 4636 tanquam
983 4553 1331 4616 meretrices
1364 4553 1529 4635 punit
1585 4550 1646 4615 Si
1678 4559 1897 4628 tamen,
1926 4552 2140 4635 inquit,

2244 4549 2574 4610 ὲκὸεδώκασιν
2647 4555 2859 4630 ἑαυτὰς,
2941 4560 3013 4621 ὡς
3101 4560 3298 4639 πόρνας
3384 4549 3742 4635 καταδικάζει.
3820 4566 3878 4621 Εἰ

491 4644 864 4706 reconciliati
893 4662 1026 4706 cum
1063 4643 1149 4704 eis
1205 4651 1478 4724 parentes
1525 4642 1765 4720 fuerint,
1802 4651 1861 4704 et
1892 4643 2144 4705 ﬁliarum

2244 4640 2439 4731 ιέντοι,
2493 4645 2647 4724 φησὶ,
2730 4643 3068 4725 διαλλαγεϊεν
3144 4651 3332 4713 αὐταῖς
3404 4652 3450 4707 οἱ
3524 4665 3728 4731 γονεῖς,
3800 4655 3887 4709 καὶ

492 4751 628 4794 cum
654 4733 877 4796 amasio
897 4740 954 4795 et
974 4739 1307 4814 stupratore
1339 4751 1446 4793 suo
1477 4732 1904 4793 commercium
1938 4732 2147 4813 proba-

2244 4729 2364 4784 ιετὰ
2389 4729 2444 4778 ὅί
2495 4731 2596 4799 τὴν
2636 4739 2728 4789 τοῦ
2783 4732 3002 4812 ἐραστοῦ
3044 4737 3132 4792 καὶ
3203 4737 3434 4818 φθορέως
3480 4729 3649 4798 αῦτῶν
3721 4740 3892 4801 συνοί-

489 4821 704 4898 verint,
740 4822 900 4908 quod
934 4820 1007 4884 ab
1042 4821 1211 4882 initio
1244 4829 1450 4883 contra
1473 4821 1632 4899 leges
1654 4819 2148 4903 fiebat,deinceps

2244 4841 2388 4886 ιησιν
2443 4819 2835 4904 καταδέξαιντο,
2882 4826 2945 4881 τὸ
2990 4825 3042 4892 ἐξ
3092 4827 3270 4908 ἀρχῆς
3314 4829 3622 4907 παράνομον
3675 4837 3747 4908 τῇ
3777 4834 3883 4887 τῶν

491 4907 805 4992 parentum
839 4929 1140 4974 consensu
1173 4911 1388 4990 corrigi
1417 4918 1473 4971 et
1505 4909 1703 4970 sanari
1725 4909 2149 4974 videtur.Nihi-

2244 4908 2428 4987 γονέων
2484 4909 2699 4990 ὕστερον
2762 4914 3049 4972 συναινέσει
3108 4907 3258 4974 δοκεῖ
3304 4920 3699 4998 θεραπεύεσθαι.
3726 4907 3886 4988 Πλὴν

490 4999 751 5063 lominus
782 5001 960 5063 etiam
994 5001 1107 5064 hoc
1135 5001 1310 5062 modo
1344 5009 1588 5082 propter
1614 4998 1940 5060 admissum
1984 4999 2148 5080 prius

2244 5001 2316 5055 ιαὶ
2389 4998 2527 5056 οὕτω
2581 5023 2641 5081 γε
2711 4999 2796 5060 διὰ
2861 5005 2963 5072 τὴν
3035 5006 3294 5088 προτέραν
3364 5008 3688 5089 παρονομίαν
3749 5011 3890 5087 μετὰ

489 5089 739 5166 facinus,
774 5091 984 5153 saltem
1017 5099 1149 5171 post
1179 5090 1524 5165 triennium,
1559 5088 1838 5169 precibus
1879 5087 2145 5150 interve—

2244 5089 2342 5180 τρία
2412 5088 2508 5157 ἔτη
2583 5096 2680 5158 τῆς
2775 5097 3054 5160 κοιτωνίας
3144 5087 3410 5162 αἰτοῦντες
3447 5087 3884 5180 Ἵᾶξιωθήσονται,

491 5180 815 5258 nientibus,
847 5180 1330 5243 communionem
1357 5178 1780 5259 impetrabunt.
1805 5176 1978 5267 Enim
2005 5196 2142 5241 vero

2249 5176 2394 5267 Αλλὰ
2464 5179 2587 5236 τότε
2641 5179 2740 5256 μὲν
2800 5181 3090 5242 συναινέσει
3161 5185 3303 5264 μόνῃ
3360 5188 3388 5242 ὁ
3439 5187 3610 5267 γάμος
3665 5176 3897 5248 ’ίστατοῗ

491 5274 637 5330 tunc
666 5268 953 5352 temporis
983 5268 1202 5352 nuptiae
1243 5269 1370 5331 solo
1417 5285 1712 5331 consensu
1769 5265 2029 5330 coibant.
2062 5270 2142 5332 At

2246 5265 2343 5347 Etp'
2411 5269 2565 5344 ἡμῶν
2621 5267 2675 5325 δὲ
2733 5272 2828 5328 οὐκ
2885 5271 2947 5328 ἃν
3016 5275 3238 5344 συσταίη
3310 5265 3478 5358 χωρὶς
3564 5275 3887 5357 ἱερολογίας.

1828 5421 2086 5489 VARIIE
2123 5421 2559 5496 LECTIONES.

573 5504 638 5557 30
667 5507 956 5570 ἑστιᾶσθαι.
1039 5506 1096 5556 51
1127 5508 1218 5564 καὶ
1219 5509 1345 5588 ,τὴν
1376 5507 1512 5582 μετὰ
1536 5511 1650 5564 τοῦ.

2061 5664 2311 5737 NOTAE.

584 5827 712 5908 (1⁸7)
741 5825 984 5891 Novella
1017 5828 1152 5909 11⁸1,
1186 5849 1317 5911 cap.
1356 5833 1450 5892 11.
2220 5831 2348 5914 (18)
2381 5833 2623 5899 Novella
2651 5839 2749 5905 33.
