4120 6416
309 414 461 483 1265

1625 416 2344 484 θωποο-ιιοκΑΝυΜ.

3532 413 3687 482 1%6

305 549 475 610 Ἀλλά
515 554 602 609 καί
655 555 684 610 6
735 550 794 629 μ’
839 551 914 610 ἔτι
963 551 1016 611 δε
1060 555 1149 610 καὶ
1190 557 1218 611 6
1269 545 1387 632 μβ’,
1429 556 1524 623 τὴν
1572 551 1692 611 ἄνευ
1733 553 1938 632 γνώμηι

2040 555 2244 612 nostro
2283 555 2553 629 tempore
2589 566 2714 611 non
2761 547 3193 611 contrahuntur
3231 546 3456 630 absque
3502 549 3690 614 sacris

303 642 395 698 τοῦ
450 643 640 701 οἰκείου
719 640 976 700 δεσπότου
1079 642 1265 711 δούλην
1362 643 1727 723 γαμουμένην,
1807 639 1951 698 omV

304 727 524 811 ἄμοιρον
584 730 732 812 ἔχειν
778 733 978 811 πόρνης
1053 733 1389 813 ψηφίζονται,
1436 735 1498 790 Αἱ
1559 733 1659 812 γὰρ
1701 734 1952 798 συνθῆκαι

302 829 409 878 τῶν
466 821 805 898 ὑπεξουσίων,
900 822 1045 884 οὐδὲν
1120 823 1305 904 ’έχουσι
1389 822 1623 901 βέϐαιον.
1693 823 1952 898 Ταύτῃτοι

303 913 391 968 καὶ
455 915 503 968 οἱ
546 912 688 989 παρά
744 912 966 990 γνώμην
1008 921 1114 970 τῶν
1169 913 1496 992 κρατούντων
1567 912 1750 990 γάμοι,
1815 933 1952 989 πορ-

302 1013 442 1056 νεῖαι
500 999 820 1078 λογίζονται.
872 1003 926 1058 Ei
983 1000 1039 1058 δέ
1079 1025 1140 1081 γε
1197 1002 1480 1078 μετέπειτα
1531 1003 1597 1058 τὰ
1637 1007 1732 1059 τοῦ
1773 1000 1952 1056 τοιού-

302 1112 394 1146 του
459 1088 874 1168 παῤῥησιασθείη
931 1091 1127 1169 γάμου,
1200 1098 1292 1148 τοῦ
1345 1093 1518 1169 κυρίου
1576 1093 1735 1166 αὒτῇς
1783 1088 1820 1157 ἢ
1874 1094 1952 1162 τῷ

302 1177 460 1255 γάμῳ
518 1180 679 1253 μόνον
767 1180 1286 1258 συγκατανεύσαντος
1351 1180 1386 1246 ἦ
1442 1181 1530 1236 καὶ
1582 1179 1678 1246 τὴν
1739 1176 1948 1234 ἐλευθε-

301 1265 414 1343 ρίαν
458 1265 840 1346 χαρισαμένου,
888 1270 916 1324 6
945 1269 1115 1347 γάμος
1157 1269 1253 1345 μὲν
1306 1269 1601 1342 ἀνεύθυνος,
1647 1269 1682 1334 ἡ
1711 1265 1767 1323 δὲ
1809 1288 1946 1346 προ-

300 1353 425 1433 τέρα
482 1357 731 1436 ἁμαρτία,
796 1361 889 1414 οἷα
943 1358 1182 1437 πορνεία,
1226 1355 1439 1421 δικαίως
1481 1357 1922 1432 ἐπιτιμηθήσεται

305 1443 478 1512 Δούλη
535 1443 589 1501 δὲ
633 1450 874 1525 γαμικῶς
921 1445 1226 1522 ὁτῳδήποτε
1281 1451 1601 1529 συναφθεϊσα
1672 1445 1942 1524 ἐλευθέρῳ,

299 1539 389 1588 τοῦ
439 1531 693 1592 δεσπότου
734 1534 953 1610 εἰδότος,
1028 1537 1116 1593 καὶ
1157 1537 1234 1611 μη
1278 1535 1666 1614 ἀντιλέγοντος,
1726 1537 1828 1615 οὐχ
1869 1536 1944 1598 ὡς

296 1623 465 1699 πόρνη
509 1621 905 1702 λογισθήσεται.
961 1617 1024 1682 Ἠ
1075 1627 1174 1706 γὰρ
1219 1625 1416 1682 ἐκείνου
1465 1625 1589 1703 σιγὴ
1644 1625 1742 1693 τὴν
1795 1624 1942 1683 ἐλευ-

294 1711 466 1790 θερίαν
565 1712 616 1778 ἐξ
685 1713 922 1794 ἀνάγκης
980 1717 1066 1772 καὶ
1174 1717 1237 1771 τὸ
1341 1714 1711 1794 ἀναμάρτητον
1774 1715 1940 1790 ταύτῃ

2037 637 2335 719 precibus.
2369 636 2665 700 Praeterea
2695 657 2883 700 canon
2912 653 3012 713 xc,
3064 643 3125 699 et
3174 653 3318 711 xui,
3380 639 3682 716 ancillam,

2034 744 2165 807 quae
2194 726 2344 788 citra
2373 725 2600 788 domini
2649 727 2741 790 sui
2771 727 3130 790 voluntatem
3164 726 3353 805 nubit,
3385 729 3539 791 nihil
3572 731 3682 793 ba-

2037 813 2181 876 bere
2212 822 2497 891 statuunt,
2532 815 2689 896 quod
2721 817 2782 878 in
2829 815 3212 879 meretricem
3248 836 3368 880 non
3405 819 3681 900 quadret.

2035 901 2180 964 Nam
2213 903 2450 965 illorum
2485 912 2654 984 pacta
2681 906 2785 986 qui
2815 912 2952 967 sunt
2977 907 3039 968 in
3069 905 3320 969 aliorum
3367 916 3681 988 potestate,

2035 992 2184 1054 nihil
2216 1001 2406 1054 ratum
2439 993 2680 1057 habent.
2711 994 2838 1068 Quo
2859 995 2946 1071 ﬁt,
2986 1003 3049 1056 ut
3093 994 3337 1076 nuptias,
3366 1016 3496 1078 quae
3529 998 3685 1062 citra

2034 1081 2415 1144 dominorum
2445 1083 2803 1146 voluntatem
2832 1084 3280 1160 contrahuntur,
3321 1103 3425 1166 pro
3445 1096 3680 1150 scorta~

2035 1171 2294 1243 tionihns
2325 1170 2682 1236 habeantur.
2715 1171 2888 1246 Quod
2921 1173 2972 1235 si
3001 1192 3115 1254 qua
3144 1173 3322 1236 fuerit
3354 1195 3500 1238 ausa
3533 1179 3683 1244 tales

2030 1260 2382 1323 contrahere
2412 1261 2848 1342 nuptias,cujus
2877 1261 3155 1326 dominus
3181 1273 3386 1344 postea
3412 1266 3502 1328 vel
3521 1267 3680 1349 ipsas

2031 1349 2313 1411 duntaxat
2343 1351 2582 1431 nnptias
2613 1353 2928 1432 approbet,
2963 1352 3054 1414 vel
3107 1353 3284 1415 etiam
3344 1354 3677 1422 libertatem

2029 1437 2331 1518 largiatur,
2385 1438 2529 1518 ipsae
2583 1440 2825 1520 quidem
2887 1435 3109 1520 nuptias
3139 1441 3315 1522 culpa
3343 1453 3570 1520 carent,
3613 1455 3682 1510 at

2033 1525 2193 1608 prius
2251 1534 2447 1589 tamen
2500 1536 2836 1608 peccatum,
2891 1537 3034 1610 puta
3085 1531 3402 1607 scortatio,
3466 1534 3679 1598 merito

2027 1616 2325 1698 punietur.
2387 1615 2528 1690 Quae
2584 1635 2720 1679 vero
2774 1617 2991 1680 ancilla
3065 1637 3170 1700 per
3227 1622 3674 1688 matrimonium

2022 1705 2357 1787 cuicunque
2375 1705 2649 1785 copulata
2667 1705 2841 1768 fuerit
2857 1706 3390 1786 ingenuo,domino
3414 1711 3674 1793 sciente,

294 1801 591 1880 χαρίζεται,
684 1793 745 1859 Ἠ
798 1802 1073 1869 ὑπεξουσία
1130 1803 1166 1872 ἢ
1243 1793 1542 1870 ὕπεξουσιος
1618 1805 1677 1860 οὔ
1730 1802 1938 1860 δύναται

2027 1813 2137 1856 nec
2166 1795 2635 1891 contradicente,
2656 1815 2788 1891 non
2829 1799 3282 1891 pro__r_neretrice
3323 1799 3667 1866 habebitur.

294 1890 532 1965 νομίμως
575 1903 794 1969 γαμεῖν,
830 1893 908 1968 μὴ
951 1899 1311 1957 ωναινοῦντος
1369 1899 1460 1950 τοῦ
1501 1892 1724 1972 ἔχοντος
1755 1893 1936 1956 αὐτοὺς

2027 1883 2255 1972 Quippe
2283 1882 2589 1946 silentium
2614 1884 2747 1964 ejus
2777 1893 2899 1946 tum
2931 1885 3265 1950 libertatem
3328 1892 3670 1956 necessario

292 1977 622 2046 ὑπεξουσίους
659 1998 674 2013 ’
721 1984 765 2039 εί
825 1984 903 2059 μή
963 2005 1064 2040 που
1121 1985 1150 2040 6
1191 1984 1366 2063 πατὴρ
1448 1995 1727 2062 γεγονυῖαν
1785 1983 1940 2042 αὑτοῦ

293 2069 391 2134 τὴν
475 2071 731 2150 θυγατέρα
828 2071 1037 2152 χρόνων
1125 2071 1471 2152 εἰκοσιπέντε,
1545 2068 1686 2150 ἀνδρὶ
1767 2068 1935 2142 ζεῦξαι

294 2156 590 2236 ὑπερέθετο.
653 2160 783 2217 Τότε
842 2163 942 2240 γὰρ
999 2160 1249 2242 ἐλευθέρῳ
1293 2165 1642 2242 συζευχθῆναι
1688 2161 1826 2236 μόνη
1877 2158 1938 2209 δε

296 2245 355 2304 οὒ
385 2246 678 2307 κεκώλυται
689 2295 702 2310 .

297 2539 327 2570 α
383 2519 504 2595 Περὶ
545 2518 734 2596 γάμων
793 2517 1113 2597 παρανόμων
1169 2520 1258 2574 καὶ
1313 2518 1573 2594 ἀθεμίτων
1641 2521 1746 2574 τῶν
1804 2540 1938 2596 συγ-

977 2609 1168 2685 γενῶν,
1203 2631 1229 2662 n

369 2702 485 2754 Τῶν
515 2696 592 2771 μὴ
620 2696 854 2772 ἐννόμως
883 2696 1174 2775 γινομένων
1230 2697 1440 2776 γάμων,
1476 2699 1523 2755 οἱ
1562 2699 1661 2772 μὲν
1689 2694 1933 2776 λέγονται

287 2783 548 2858 ἀθέμιτοι,
583 2787 654 2851 ὡς
714 2787 761 2842 οἱ
819 2786 952 2860 μετὰ
995 2791 1282 2863 συγγενῶν,
1343 2786 1380 2854 ἢ
1431 2788 1728 2865 αἱρετικῶν.
1776 2788 1836 2844 Οἱ
1879 2783 1933 2841 δὲ

284 2874 606 2953 παράνομοι,
653 2875 725 2937 ὡς
771 2877 818 2931 οἱ
875 2875 1008 2950 μετά
1062 2873 1566 2954 ἐπιτροπευομένης,
1613 2878 1674 2934 Οἱ
1722 2874 1776 2930 δὲ
1837 2897 1935 2932 κα-

283 2963 543 3042 τάκριτοι,
595 2965 668 3029 ὡς
725 2967 772 3020 οἱ
830 2965 965 3038 μετά
1033 2968 1130 3030 τῆς
1172 2963 1578 3038 ἀνατεθειμὲνης
1637 2969 1714 3038 τῷ
1770 2971 1886 3038 Θεῷ
1913 2982 1928 2998 ⁸

2023 1970 2248 2063 tribuit,
2279 1979 2403 2063 tum
2433 1991 2564 2034 eam
2603 1991 2638 2034 a
2665 1981 2909 2055 peccato
2961 1974 3198 2040 liberat.
3234 1977 3667 2063 Filiat‘amilias,

2020 2062 2110 2124 vel
2140 2061 2571 2137 filiusfamilias,
2604 2063 2870 2143 legitime
2901 2065 3133 2145 nuptias
3161 2068 3514 2131 contrahere
3549 2061 3668 2132 non

2021 2159 2286 2230 possunt,
2321 2169 2392 2214 eo
2441 2171 2561 2213 non
2594 2155 3029 2229 consentiente,
3087 2156 3258 2236 cujus
3287 2155 3350 2218 in
3380 2165 3672 2239 potestate

2017 2248 2156 2301 sunt
2189 2261 2203 2301 :
2241 2239 2352 2302 nisi
2386 2249 2551 2322 pater
2581 2242 2758 2303 tiliam
2790 2261 2982 2320 suam,
3015 2263 3147 2324 qua:
3187 2263 3306 2307 xxv
3333 2264 3521 2309 annos
3548 2248 3669 2311 im-

2019 2329 2289 2410 pleverit,
2321 2330 2446 2392 viro
2488 2331 2768 2411 copulare
2816 2331 3138 2397 distulerit.
3170 2333 3340 2397 Tunc
3392 2336 3556 2400 enim
3608 2345 3676 2400 ut

2019 2419 2276 2498 ingenue
2307 2419 2590 2482 duntaxat
2635 2420 2969 2502 copuletur,
3002 2441 3121 2484 non
3153 2431 3242 2487 est
3269 2424 3664 2506 prohibitum.

2116 2509 2205 2570 De
2234 2510 2462 2587 nuptiis
2492 2511 2769 2588 nefariis,
2801 2518 2858 2574 et
2884 2511 3118 2576 illicitis
3143 2523 3562 2595 cognatorum.

2097 2685 2352 2765 Nuptias,
2386 2704 2501 2768 que
2531 2687 2794 2769 legitime
2824 2706 2943 2750 non
2974 2690 3427 2766 contrahuntur.
3447 2694 3666 2774 partim

2017 2773 2296 2862 dicuntur
2341 2775 2583 2850 illicitae,
2630 2777 2836 2858 quales
2864 2787 3026 2853 sunt,
3059 2797 3191 2860 quae
3229 2798 3364 2842 cum
3396 2773 3666 2862 cognatis

2015 2861 2412 2938 intercedunt,
2461 2874 2562 2927 aut
2612 2885 2746 2928 cum
2807 2867 3106 2929 haereticis
3165 2889 3180 2929 :
3234 2869 3446 2950 partim
3480 2861 3660 2935 nefa-

2012 2950 2141 3022 τίω,
2173 2953 2350 3013 veluti
2383 2955 2592 3016 tutoris
2621 2973 2756 3017 cum
2817 2973 2910 3030 ea,
2967 2957 3140 3036 cujus
3173 2957 3416 3020 tutelam
3448 2960 3612 3040 geris
3649 2983 3664 3025 :

285 3040 400 3116 circ-
434 3055 480 3109 οἱ
537 3052 634 3126 μὲν
689 3055 824 3108 θεῒοι
879 3054 1095 3116 κανόνες
1165 3051 1478 3110 διασπᾶσθαι
1523 3053 1696 3128 μόμον
1741 3054 1928 3110 θεσπί-

2027 3040 2230 3120 partim
2281 3042 2597 3113 damnatm.
2622 3044 2707 3104 uti
2749 3062 2878 3125 quae
2907 3046 3338 3108 contrahuntur
3363 3066 3501 3109 cum
3525 3067 3662 3111 mu-

282 3148 480 3214 ζουσιν,
545 3143 590 3198 οἱ
634 3138 688 3196 δὲ
729 3141 886 3216 νόμοι
930 3142 1016 3197 καὶ
1088 3139 1401 3216 δημεύεσθαι
1483 3143 1604 3202 τοὺς
1660 3140 1929 3198 συναλλά-

2027 3129 2164 3191 liere
2192 3129 2312 3194 Deo
2330 3140 2674 3194 consecrata
2707 3151 2720 3195 :
2750 3152 2897 3214 quas
2917 3135 3070 3199 sacri
3094 3154 3352 3199 canones
3375 3137 3671 3203 duntaxat

283 3229 474 3296 ξαντας
517 3230 605 3285 καὶ
673 3227 1004 3309 ὲξορίζεσθαι.
1067 3227 1314 3296 Εὖτελεϊς
1373 3229 1428 3285 δὲ
1479 3228 1634 3293 ὄντας
1690 3232 1779 3287 καὶ
1820 3253 1932 3306 μα-

281 3319 570 3389 στίζεσθαι,
608 3323 897 3382 Λατινικῶς
928 3316 983 3374 δὲ
1011 3321 1039 3375 6
1070 3319 1168 3393 μὲν
1184 3319 1491 3398 παράνομος
1520 3320 1692 3397 γάμος
1723 3318 1933 3398 λέγεται

279 3408 558 3487 νεφθᾶριον
588 3405 674 3483 53,
732 3409 760 3463 6
809 3405 865 3462 δὲ
921 3407 1264 3486 κατάκριτος,
1311 3405 1571 3484 δαμνᾶτος
1605 3425 1620 3440 ⁹
1681 3407 1932 3487 ’ίγκεστος

277 3495 364 3572 δὲ,
398 3497 426 3552 6
454 3495 726 3573 ἀθέμιτος.

537 3696 564 3729 α
599 3673 1020 3754 Περὶνκληρικῶν
1062 3673 1616 3753 ἀθεμιτογαμούντων,
1655 3697 1683 3730 ι

369 3755 427 3822 Ὀ
469 3768 640 3822 τοίνυν
669 3753 738 3820 ιθ’
764 3753 869 3820 τῶν
912 3764 1076 3843 ἁγίων
1119 3763 1428 3820 ἀποστόλων
1459 3765 1662 3840 κακὼν,
1719 3756 1775 3823 (Ο
1817 3763 1927 3840 δύο,

273 3855 464 3936 φησὶν,
539 3850 771 3933 ἀδελφὰς
834 3853 1118 3933 ἀγόμενος,
1191 3852 1228 3920 ἢ
1300 3850 1605 3932 ἀδελφιδῆν,
1677 3853 1931 3933 κληρικὸς

276 3944 428 4001 εἶναι
472 3943 531 3998 οὗ
587 3939 820 4004 δύναται.
867 3948 974 4006 Πᾶς
1007 3942 1106 4021 γὰρ
1149 3944 1176 3998 6
1221 3940 1466 4017 ἀθέμιτος
1509 3943 1683 4021 γάμος
1739 3943 1851 4000 εἴτε
1881 3942 1933 4010 ἐξ

275 4036 540 4114 αἵματος,
573 4033 685 4092 εἴτε
714 4034 765 4100 ἐξ
817 4035 1153 4115 ἀγχιστείας,
1213 4033 1494 4091 διασπᾶται
1528 4051 1542 4065 ⁶
1577 4038 1666 4094 καὶ
1695 4039 1722 4094 6
1765 4039 1936 4112 τούτῳ

275 4115 466 4200 ἆῖὂδξ,
515 4127 618 4205 οὔχ
646 4124 791 4190 ὅπως
820 4132 914 4181 τοῦ
944 4124 1140 4205 κλήρου
1173 4123 1466 4205 ἐξωθεῖται,
1497 4124 1633 4184 ἀλλά
1674 4128 1762 4183 καὶ
1809 4127 1929 4185 ἐπι-

271 4215 474 4291 τιμίοις
505 4202 881 4270 ὓποϐάλλεται.
943 4203 1001 4271 ’0
1053 4202 1159 4293 γὰρ
1227 4202 1313 4285 κζ’
1353 4219 1444 4271 τοῦ
1488 4213 1722 4292 μεγάλου
1767 4223 1932 4272 Βασι-

270 4303 442 4379 λείου,
515 4300 654 4381 ἱερέα
710 4303 801 4359 τὸν
861 4301 1073 4378 ἀθέσμ·ρ
1119 4303 1278 4380 γάμῳ
1346 4301 1400 4358 ἐν
1460 4303 1644 4381 ἀγνοίᾳ
1700 4325 1931 4384 περιπα-

2017 3217 2384 3282 dirimendas
2415 3229 2840 3286 statuuntzcum
2858 3223 3021 3303 leges
3051 3225 3454 3288 velinteorum
3482 3227 3668 3305 bona,

2017 3305 2189 3398 bona.
2215 3308 2320 3398 qui
2344 3327 2443 3371 eas
2468 3317 2896 3385 contraxerint,
2935 3311 3260 3393 publicari;
3294 3322 3470 3396 atque
3503 3319 3665 3398 ipsos

2015 3396 2316 3486 relegari:
2351 3400 2508 3480 quod
2552 3400 2602 3461 si
2651 3419 2924 3480 personae
2981 3402 3100 3464 sint
3159 3404 3438 3486 humiles,
3487 3396 3664 3469 etiam

2015 3485 2264 3565 ﬂagellis
2284 3487 2455 3548 caedi.
2480 3487 2583 3550 Hae
2611 3490 2830 3570 nuptlae
2858 3491 2988 3571 (19)
3016 3490 3220 3571 lingua
3240 3485 3431 3557 latina,
3448 3494 3665 3558 dicun-

2014 3581 2110 3635 tur
2130 3575 2392 3652 nefariaa,
2424 3577 2742 3650 damnatae,
2777 3580 3046 3643 incestas.

2095 3665 2189 3730 De
2214 3666 2453 3732 clericis
2481 3672 2742 3734 incestas
2767 3673 3266 3737 contrahentibus
3314 3678 3580 3755 nuptias.

2095 3756 2279 3837 Igitur
2323 3777 2515 3822 canon
2557 3768 2896 3823 sanctorum
2926 3763 3334 3843 apostolorum
3365 3782 3460 3828 xxx
3501 3785 3516 3828 :
3553 3765 3670 3840 Qui

2016 3853 2186 3930 duas,
2222 3849 2434 3930 inquit,
2467 3868 2706 3912 sorores
2750 3850 2910 3912 ducit
2943 3861 3044 3915 aut
3103 3870 3258 3930 eam,
3313 3873 3446 3934 qua;
3493 3859 3667 3922 uxori

2016 3955 2139 3999 suae
2181 3939 2404 4001 sororis
2459 3947 2548 4000 est
2605 3939 2747 4015 ﬁlia,
2777 3940 3034 4004 clericus
3065 3959 3196 4004 esse
3245 3943 3478 4026 nequit.
3513 3945 3660 4011 Nam

2016 4045 2227 4089 omnes
2253 4027 2499 4089 incestae
2530 4027 2902 4108 nuptiae,sive
2933 4048 3041 4110 per
3060 4034 3660 4113 consanguinitat‘om,

2017 4114 2144 4176 sive
2177 4133 2282 4194 per
2310 4115 2660 4204 afﬁnitatem
2692 4115 3094 4180 dirimuntur:
3130 4128 3188 4180 et
3218 4119 3320 4202 qui
3344 4121 3432 4183 eis
3463 4141 3529 4185 se
3546 4125 3667 4204 pol-

2015 4203 2274 4283 luit,non
2299 4203 2460 4266 clero
2492 4203 2783 4267 duntaxat
2802 4205 3256 4286 expellitur,sed
3279 4209 3471 4290 poenis
3491 4212 3669 4277 etiam

2017 4293 2351 4373 subjicitur.
2396 4292 2628 4374 Quippe
2665 4311 2826 4358 xxvn
2884 4296 3086 4358 Basilii
3120 4298 3318 4378 magni
3344 4318 3533 4362 canon
3563 4321 3670 4363 sa-

273 4393 457 4474 ρέντα,
513 4393 613 4458 τὴν
671 4390 790 4449 καθ’
850 4396 1012 4468 αἷμα,
1071 4394 1240 4472 τυχὸν
1294 4393 1666 4468 προσήκουσαν
1714 4396 1922 4452 εἰσοικι-

2027 4383 2346 4463 cerdotem,
2373 4381 2474 4463 qui
2502 4401 2609 4463 per
2639 4383 3030 4474 ignorantiam
3062 4387 3120 4448 in
3146 4387 3382 4467 nuptias
3410 4389 3669 4454 incestas

269 4471 530 4556 ξάμενον,
624 4479 659 4547 ἢ
751 4481 1072 4558 μονάστριαν
1165 4471 1227 4534 τὸ
1324 4480 1462 4558 ἱερὸν
1559 4479 1935 4559 ἀρνησαμένην

2027 4471 2317 4544 inciderit,
2359 4472 2440 4532 uti
2469 4471 2569 4552 qui
2615 4472 2764 4534 forte
2794 4473 3082 4553 sanguine
3127 4474 3241 4537 sibi
3284 4478 3662 4558 conjunctam

267 4574 497 4651 σχῆμα,
543 4568 578 4636 ἢ
621 4568 718 4625 τὴν
787 4576 863 4642 τῷ
907 4569 1061 4647 πατρὶ
1111 4567 1267 4624 αύτοῦ
1335 4567 1820 4647 ἒπιτροπευομένην
1846 4570 1932 4644 54,

2027 4561 2078 4621 in
2111 4561 2350 4622 domum
2376 4559 2710 4651 deduxerit;
2743 4561 2832 4624 vel
2855 4562 3204 4649 solitariam,
3238 4584 3368 4645 qua;
3398 4567 3668 4631 habitum

265 4650 462 4718 τοῦτον
491 4663 590 4724 τῆς
679 4657 815 4732 μετά
871 4664 976 4713 τῶν
1032 4653 1396 4737 πρεσϐυτέρων
1454 4655 1708 4736 κατέδρας
1765 4661 1935 4736 μόνης

2027 4669 2251 4712 sacrum
2281 4650 2644 4731 repudiarit;
2676 4651 2764 4711 vel
2797 4669 2950 4723 eam,
3005 4654 3174 4733 cujus
3224 4654 3468 4716 tutelam
3502 4671 3673 4738 pater

265 4760 576 4828 μετασχεῖν
607 4745 770 4821 ἀξιοῖ,
803 4752 910 4804 τῶν
954 4743 1008 4802 δὲ
1065 4745 1267 4803 λοιπῶν
1312 4745 1588 4826 ἐνεργειῶν
1636 4751 1736 4814 τῆς
1789 4752 1937 4827 ἱερω-

2027 4741 2209 4821 ipsius
2240 4739 2531 4820 gesserit;
2565 4740 2724 4801 hunc
2754 4758 2891 4820 ergo
2925 4741 3108 4804 solius
3141 4745 3298 4804 inter
3325 4746 3670 4811 sacerdotes

496 4835 817 4912 ἀπέχεσθαι,
890 4844 1216 4912 μετανοῦντα
1305 4834 1592 4901 διαπαντὸς
1667 4843 1782 4912 Θεῷ
1853 4849 1938 4902 καὶ

2027 4816 2310 4892 sessionis
2332 4829 2681 4911 participem
2715 4816 2846 4891 esse
2869 4830 3009 4906 vult,
3047 4841 3106 4894 et
3126 4850 3160 4893 a
3185 4831 3434 4912 reliquis
3463 4851 3670 4898 sacer-

261 4929 566 5005 ἀνθρωποις
627 4925 762 5000 μετά
817 4923 1054 5004 δακρύων
1089 4940 1102 4955 ⁶
1165 4930 1244 4998 τῷ
1299 4924 1419 5005 μὲν,
1452 4926 1526 4988 ὡς
1571 4925 1721 5001 μόνῳ
1774 4925 1930 4984 δυνα-

2027 4920 2171 4981 dotii
2200 4917 2548 5005 muneribus
2571 4917 2895 4993 abstinere,
2931 4929 3220 5002 perpetuo
3255 4921 3667 5000 paenitentiam

266 4983 297 4985 η
348 4983 385 4984 η
501 4983 505 4984 ν
553 4983 564 4990 ,
627 4983 636 5000 ,
918 4983 928 5004 ι
1217 4983 1227 4998 ι
1299 4983 1310 5000 ι
1404 4983 1419 5005 ι
1512 4983 1523 4988 -
1571 4983 1581 5001 ι
1693 4983 1702 4999 ι
1889 4983 1895 4984 ⁷

265 4983 422 5095 μένῳ
463 5017 555 5081 τὰς
598 5015 854 5094 ἁμαρτίας
912 5014 1117 5096 ἀφιέναι
1153 5030 1168 5044 ⁸
1226 5027 1344 5077 τοϊς
1399 5013 1477 5088 δὲ,
1525 5015 1615 5072 ἵνα
1657 5017 1756 5083 τὴν
1803 5039 1934 5096 συγ-

2027 5007 2143 5070 Den
2192 5017 2250 5070 et
2301 5003 2642 5068 hominibus
2691 5025 2823 5068 cum
2879 4983 3154 5090 lacryinis
3185 4983 3460 5089 agentem
3497 5029 3511 5074 :
3546 5013 3670 5076 Deo

260 5105 517 5187 χώρησιν
575 5105 716 5178 αὗτῷ
785 5103 930 5182 παρά
964 5095 1180 5182 ⁷Κυρίου
1253 5104 1602 5173 αἰτήσωνται.
1677 5095 1933 5186 Εὒλογεῒν

2027 5096 2374 5181 quidem,uti
2405 5096 2505 5177 qui
2529 5104 2766 5187 peccata
2785 5095 2950 5187 solus
2978 5099 3288 5161 remittere
3319 5101 3538 5182 possit:
3565 5103 3668 5166 ho-

365 5175 489 5251 '1)?!
555 5195 619 5250 τὰ
691 5194 864 5250 οίκεϊα
920 5192 1224 5272 θεραπεύειν
1296 5191 1574 5274 ὀφείλοντα
1608 5195 1923 5274 ῌτραύματα,

2027 5175 2280 5250 minibus
2309 5175 2541 5260 autem,
2567 5193 2630 5247 ut
2657 5185 2771 5266 ipsi
2801 5186 3301 5251 condonationem
3320 5175 3394 5251 ἐι
3433 5192 3666 5256 veniam

267 5281 395 5343 οὔτε
422 5281 548 5361 ἰδίᾳ,
601 5279 717 5340 οὔτε
769 5271 998 5359 δημοσίᾳ
1043 5271 1351 5362 προσήκειν
1378 5283 1556 5362 φησίν.
1604 5271 1673 5364 ᾮ
1715 5283 1769 5340 δὲ
1797 5285 1927 5343 τού-

2027 5299 2044 5340 ι
2079 5277 2330 5342 Domino
2349 5276 2812 5358 petant.Verum
2845 5281 2913 5339 ut
2941 5275 3424 5345 benedictionem
3452 5280 3674 5363 imper-

262 4839 432 4905 σύνης
496 4835 817 4917 ἀπέχεσθαι,

1604 5448 1862 5518 VARI/E
1906 5443 2334 5520 LECTIONES.

355 5609 418 5661 52
448 5612 636 5687 μόνον,
724 5609 781 5655 ³⁸
811 5613 1074 5693 νεφάριος,
1160 5612 1226 5664 54
1253 5612 1738 5693 ἐπιτροπευθετσαν.

724 5609 781 5655 88
811 5613 1074 5694 νεφάριος,
1160 5612 1226 5664 34
1253 5612 1738 5693 ἐπιτροπευθετσαν.
1947 5687 1952 5692 ,
2021 5683 2026 5692 ,

1841 5694 2088 5763 ΝΟΤΕ.

368 5771 494 5852 (19)
516 5769 762 5837 Novella
790 5791 894 5854 xu,
928 5790 1060 5854 cap.
