4120 6416
500 406 651 476 l%7
1879 412 2011 475 IUS
2049 408 2495 477 GANONICUM
3717 405 3877 471 1268

486 544 677 608 tiatur
699 543 773 625 is,
796 543 936 625 quia
964 542 1206 627 propria
1230 561 1448 607 sanare
1462 544 1708 607 vulnera
1723 544 1926 620 debet,
1951 562 2143 626 neque

2229 567 2335 603 των
2365 548 2425 603 οὔ
2454 545 2666 623 μέτεστι
2710 546 2794 605 διά
2823 550 2884 606 τὸ
2932 548 3208 627 ἀνόμημα,
3269 549 3313 603 εἰ
3367 547 3455 603 καὶ
3503 545 3639 601 κατὰ
3664 543 3874 620 ἄγνοιαν

491 631 790 715 privatim,
825 630 1020 715 neque
1069 632 1308 715 publice
1354 633 1680 696 convenire
1730 634 1900 696 dicit.
1931 632 2008 696 At
2051 626 2143 714 qui

2236 634 2445 717 γέγονε,
2491 643 2606 702 πῶς
2662 639 2821 717 οὗτος
2887 636 3049 717 ἑτέρῳ
3103 626 3347 704 δυνηθείη
3405 631 3750 711 μεταδοῦναις
3825 630 3879 686 Ei

495 721 1080 804 propteradmissum
1109 722 1338 784 facinus
1359 721 1614 802 ipsemet
1629 723 1843 785 horum
1862 726 2143 804 particeps

2235 722 2291 780 δὲ
2332 716 2508 805 τοῦτο,
2557 725 2737 807 σχολῇ
2767 716 2824 806 γ’
2851 725 2915 783 ἂν
2943 729 3004 783 τὸ
3053 732 3211 801 σῶμα
3264 734 3358 784 τοῦ
3407 723 3590 803 Κυρίου
3618 719 3877 794 διανεμεῖ,

489 829 624 875 esse
669 811 916 894 nequit,
966 810 1109 873 licet
1157 830 1265 893 per
1324 812 1717 892 ignorantiam
1776 812 1994 874 factum
2054 810 2143 883 sit,

2238 812 2567 895 Ἀποχρῶσα
2636 816 2737 896 γὰρ
2807 816 2952 890 αὒτῷ
3011 815 3305 894 συγγνώμη
3367 812 3453 869 διὰ
3494 811 3594 880 τὴν
3645 809 3877 888 ἄγνοιαν,

492 919 752 984 quonam
803 899 985 963 modo
1040 900 1486 962 communicare
1547 919 1683 962 cum
1740 900 1858 963 alio
1919 898 2143 981 possit?

2238 904 2299 960 τὸ
2372 905 2449 980 μὴ
2494 902 2871 981 ἐπιτιμηθῆναι
2928 904 3066 963 ἀλλὰ
3121 905 3208 961 καὶ
3264 909 3363 970 τῆς
3422 899 3671 979 καθέδρας
3728 896 3881 954 εἰσέτι

490 989 660 1064 Quod
710 1008 853 1053 sane
901 988 953 1051 si
998 1006 1204 1051 verum
1250 996 1376 1067 est,
1428 990 1615 1052 multo
1670 988 1869 1051 minus
1932 1005 2143 1068 corpus

2231 992 2506 1074 μετέχειν,
2563 996 2666 1052 Τὸν
2722 992 2778 1051 δὲ
2821 995 3020 1051 κανόνα
3076 1001 3261 1051 τοῦτον
3315 992 3371 1048 ἔν
3418 988 3592 1074 ’καλοῦ
3620 987 3775 1066 μοίρᾳ
3814 990 3880 1061 τῇ

488 1077 729 1142 Domini
778 1077 1115 1142 distribuet.
1156 1076 1314 1141 Satis
1364 1077 1526 1140 enim
1577 1097 1790 1158 magna
1846 1078 1974 1139 haec
2032 1076 2148 1158 ipsi

485 1168 659 1231 venia
688 1175 781 1231 est
811 1174 1053 1250 propter
1095 1165 1700 1248 ignorantiam,quod
1743 1186 1860 1229 non
1905 1165 2145 1248 punitus

485 1258 586 1334 sit,
620 1259 740 1320 imo
773 1259 951 1320 etiam
982 1256 1280 1320 cathedrae
1308 1256 1385 1318 sit
1413 1255 1609 1318 adhuc
1640 1256 2146 1337 particeps.Hunc

482 1356 679 1411 autem
733 1364 1024 1410 canonem
1089 1346 1312 1427 optime
1374 1345 1825 1427 pronuntiatum
1878 1345 2142 1408 arbitrati

486 1436 683 1499 sancti
703 1438 909 1501 Patres
930 1434 1145 1517 synodi
1165 1442 1366 1509 sextae,
1404 1434 1753 1514 vigesimum
1779 1443 2008 1498 sextum
2031 1434 2145 1499 sibi

483 1526 780 1599 fecerunt,
823 1525 1097 1607 ipsismet
1137 1526 1266 1606 ejus
1306 1523 1505 1587 verbis
1545 1524 1662 1606 usi,
1696 1525 1808 1588 hoc
1838 1525 2142 1605 duntaxat,

483 1616 745 1697 adjecto,
799 1615 958 1697 quod
1007 1614 1304 1678 incestum
1351 1614 1648 1695 ejusmodi
1694 1611 2139 1676 matrimonium

485 1703 643 1767 haud
668 1702 851 1766 dubie
872 1702 1277 1766 dirimendum
1310 1704 1409 1788 sit,
1449 1725 1560 1769 nec
1583 1703 2149 1788 permittendum,ut

488 1793 611 1856 ullo
645 1793 821 1855 modo
854 1792 943 1855 vir
971 1812 1042 1856 ea
1072 1793 1326 1877 fruatur,
1364 1804 1608 1879 propter
1637 1812 1811 1875 quam
1844 1792 2146 1854 functione

2227 1069 2414 1161 πρῳτη
2442 1080 2700 1163 λεχθῆναι
2764 1085 3073 1159 νομίσαντες
3118 1086 3164 1139 οἱ
3214 1082 3313 1148 τῆς
3344 1069 3428 1155 ς’
3477 1075 3691 1136 συνόδου
3745 1078 3876 1132 θεῖοι

2227 1170 2456 1250 Πατέρες
2513 1173 2748 1228 εἰκοστὸν
2799 1171 2951 1229 ἕκτον
3032 1171 3245 1235 ἑαυτοῖς
3321 1169 3700 1239 πεποιήκασσν,
3779 1164 3874 1220 αὖ·

2225 1272 2348 1323 ταῖς
2377 1273 2499 1325 ταῖς
2529 1263 2686 1318 αὐτοῦ
2734 1261 3071 1342 χρησάμενοι
3127 1259 3321 1336 λέξεσι,
3352 1257 3662 1337 προσθέντες
3694 1253 3874 1329 μόνον,

2229 1351 2300 1414 ὼς
2377 1352 2406 1406 6
2464 1356 2702 1416 τοιοῦτος
2758 1350 2985 1427 ἄθεσμος
3055 1351 3226 1430 γάμος
3282 1346 3561 1430 προδήλως
3619 1342 3877 1412 διαλυθή-

2229 1460 2399 1512 σεται,
2473 1441 2562 1496 καὶ
2634 1437 2877 1516 οὐδαμῶς
2933 1442 2962 1496 6
3020 1440 3154 1519 ἀνὴρ
3229 1439 3511 1515 μετουσίαν
3579 1431 3681 1499 ἕξει
3749 1432 3876 1509 πρὸς

2225 1527 2349 1603 τὴν,
2403 1526 2469 1584 δι’
2512 1528 2579 1596 ἣν
2634 1534 2733 1595 τῆς
2788 1531 2928 1608 ἱερᾶς
2986 1527 3247 1608 ἐνεργείας
3302 1525 3579 1601 ἐπέρηται
3602 1540 3618 1556 ⁸
3682 1523 3727 1577 εἰ
3784 1520 3881 1599 γὰρ

2226 1618 2304 1693 μὴ
2361 1614 2707 1685 διασπασθείη
2763 1619 2824 1674 τὸ
2895 1614 3123 1694 ἄθεσμον
3207 1615 3553 1687 συνοικέσιον,
3612 1611 3731 1670 οὔτε
3783 1610 3880 1676 τὴν

2227 1704 2478 1786 καθέδραν
2523 1703 2650 1782 ἔεει,
2685 1705 2821 1763 ἀλλᾶ
2870 1707 2959 1763 καὶ
2987 1712 3087 1775 τῆς
3161 1704 3486 1773 Ἐκκλησίας
3526 1700 3881 1786 ἐξωσθήσεται

2229 1785 2392 1871 μετὰί
2423 1800 2525 1863 τῆς
2609 1795 2930 1875 παρανόμως
3010 1799 3153 1870 αὒτῷ
3221 1793 3572 1874 μιγνυμένης,
3651 1790 3743 1846 καὶ
3800 1785 3883 1842 διὰ

492 1901 659 1945 sacra
691 1883 951 1965 privatus
979 1881 1077 1984 sit.
1117 1881 1351 1964 Quippe
1394 1884 1445 1947 si
1475 1876 1925 1984 matrimonium
1976 1881 2143 1944 ince-

2229 1888 2328 1984 ¹τῆς
2372 1890 2479 1941 τῶν
2522 1885 2803 1965 ἀρχόντων
2870 1885 3104 1952 ἐξουσίας
3163 1886 3191 1941 6
3247 1885 3417 1962 γάμος
3484 1876 3879 1984 διαλτθήτεται.

486 1978 642 2033 stum
673 1991 793 2034 non
818 1972 997 2034 fuerit
1026 1971 1418 2053 diremptum,
1444 1991 1640 2055 neque
1670 1970 2011 2034 cathedram
2036 1971 2143 2033 ha-

486 2060 676 2137 bebit,
708 2069 884 2144 atque
927 2061 1107 2124 etiam
1159 2061 1495 2142 expelletur
1523 2081 1592 2125 ex
1625 2060 1880 2124 ecclesia
1908 2079 2042 2122 cum
2077 2078 2149 2122 ea

2249 1982 2289 2031 Ο
2340 1973 2439 2052 γὰρ
2487 1975 2624 2049 μετὰ
2677 1975 2777 2041 τὴν
2846 1973 3127 2053 ἐπίγνωσιν
3170 1972 3434 2049 ἐπιμένων
3499 1976 3570 2047 τῇ
3624 1967 3878 2045 ἁμαρτίᾳ,

2227 2062 2300 2127 ὡς
2331 2062 2655 2139 αἱμομίκτης
2682 2063 2927 2143 ἀτεχνῶς
2957 2064 3413 2142 τιμωρηθήσεται,

489 2170 745 2234 quacum
780 2142 1007 2214 nefarie
1038 2151 1404 2214 concubuit:
1440 2161 1500 2215 et
1528 2149 1882 2214 auctoritate
1913 2148 2361 2229 magistratuum
2430 2157 2629 2231 nuptae
2674 2142 3022 2214 solventlur.
3074 2148 3220 2213 Nam
3278 2149 3381 2232 qui
3439 2154 3571 2230 post
3621 2142 3885 2223 agnitio-

493 2259 631 2304 nem
657 2240 720 2302 in
753 2248 993 2322 peccato
1024 2248 1387 2323 perseverat,
1421 2240 1578 2304 haud
1613 2238 1792 2301 dubie
1822 2246 2101 2319 tanquam
2135 2238 2376 2322 proprio
2407 2239 2681 2320 sanguini
2712 2256 2776 2304 se
2807 2239 3068 2303 miscens
3100 2239 3402 2322 punietur.

618 2329 703 2393 De
733 2330 911 2393 (uicis
939 2331 1202 2394 incestus
1231 2330 1730 2394 contrahentibus
1756 2329 2025 2409 nuptias.

569 2417 836 2501 Epistola
863 2418 1066 2482 Basilii
1101 2418 1297 2499 magni
1335 2419 1407 2481 ad
1444 2418 1771 2483 Diodorum
1793 2418 2151 2480 Tarsensem

494 2508 1040 2590 episcOpum,omni
1056 2509 1348 2591 sapientia
1360 2510 1534 2589 plena
1548 2515 1728 2583 est,et
1744 2507 2012 2568 suasoria
2024 2525 2155 2569 ora-

488 2606 683 2660 torum
732 2604 891 2660 arte.
920 2605 1153 2662 ornata.
1204 2597 1442 2661 Tractat
1491 2605 1688 2659 autem
1740 2615 1829 2670 ea,
1877 2614 2007 2678 quae
2042 2613 2150 2677 per

487 2685 599 2750 Dei
628 2686 876 2766 gratiam
901 2685 1199 2750 hodierno
1222 2687 1321 2751 die
1354 2686 1501 2749 nulli
1545 2685 1775 2749 homini
1810 2685 2147 2749 Christiano

487 2775 552 2838 in
593 2781 857 2838 mentem
891 2778 1160 2839 veniunt.
1204 2776 1434 2858 Quippe
1470 2775 1765 2838 Diodorus
1799 2792 1831 2837 a
1869 2774 2147 2856 quopiam

487 2863 911 2948 interrogatus,
952 2874 1156 2948 posset
1185 2885 1261 2929 ne
1282 2866 1563 2929 defuncta
1592 2884 1772 2928 uxore
1801 2882 1935 2941 sua,
1972 2881 2145 2925 soro-

487 2969 617 3018 rem
650 2952 780 3035 ejus
819 2954 879 3016 in
929 2955 1372 3018 matrimonium
1421 2953 1719 3034 accipere,
1770 2971 1878 3035 per
1922 2952 2149 3014 litteras

487 3042 905 3125 responderat,
965 3045 1026 3107 id
1081 3044 1327 3107 minime
1376 3043 1706 3126 prohiberi.
1756 3044 1903 3106 Cum
1946 3048 2148 3105 autem

497 3149 746 3211 magnus
775 3131 879 3196 ille
907 3131 1082 3196 Pater
1110 3133 1363 3196 Basilius
1395 3131 1685 3210 ejusmodi
1716 3130 1955 3213 nuptias
1986 3136 2147 3194 veta-

2507 2353 2534 2385 α
2582 2332 2706 2411 Περὶ
2739 2329 2944 2387 λα’ίκῶν
2976 2331 3533 2410 ἀθεμιτογαμούντων.
3580 2349 3609 2382 ι

2321 2410 2383 2476 Ἦ
2454 2417 2508 2476 δὲ
2552 2410 2684 2500 πρὸς
2745 2417 3008 2497 Διόδωρον
3050 2420 3143 2476 τὸν
3184 2416 3474 2476 ἒπὶσκοπον
3522 2421 3726 2495 Ταρσού
3799 2420 3890 2471 τοῦ

2237 2506 2472 2587 μεγάλου
2518 2506 2791 2565 Βασιλείου
2843 2506 3125 2589 ἐπιστολὴ,
3181 2508 3358 2575 πάσης
3403 2506 3500 2583 μὲν
3555 2505 3744 2586 σοφίας
3800 2523 3890 2560 πε·

2236 2594 2537 2677 πλήρωται,
2624 2598 2713 2654 καὶ
2786 2598 3042 2677 ῥητορικῇ
3115 2598 3476 2677 περιήνθισται
3544 2593 3880 2661 πιθανότητι.

2231 2682 2700 2761 ’Λνασκευάζειδὲ,
2734 2685 2863 2743 ἅττα
2908 2685 3077 2752 οὐδεὶς
3123 2688 3195 2752 εἷς
3235 2684 3301 2737 35
3345 2684 3578 2742 διάνοιαν
3621 2682 3885 2757 ἀνθρώπῳ

2232 2781 2529 2853 Χριστιανῴ
2556 2780 2625 2853 τῇ
2681 2778 2775 2833 τοῦ
2823 2783 2954 2835 Θεοῦ
3002 2776 3185 2856 χάριτι
3229 2775 3329 2843 τὴν
3360 2774 3590 2852 τήμερον
3636 2770 3880 2852 ἔρχεται,

2231 2862 2548 2943 Ἐρωτηθεὶς
2625 2864 2726 2944 γὰρ
2784 2864 2916 2943 πρός
2969 2886 3112 2929 τινος
3143 2867 3171 2921 6
3245 2860 3528 2942 Διόδωρος,
3585 2861 3629 2917 εἰ
3674 2857 3887 2917 δυναιτο

2228 2951 2326 3021 τῆς
2381 2954 2626 3032 γυναικὸς
2695 2953 2852 3010 αὐτοῦ
2902 2954 3162 3021 θανούσης
3232 2953 3330 3020 τὴν
3391 2950 3595 3018 ἐκείνης
3652 2945 3886 3029 ἀδελφὴν

2229 3040 2516 3120 ἀγαγέσθαι
2627 3044 2758 3122 πρὸς
2868 3042 3065 3123 γάμον,
3176 3040 3489 3121 ἀπεκρίνατο
3572 3036 3883 3118 ἐγγράφως,

2230 3140 2386 3188 τοῦτο
2415 3130 2493 3206 μὴ
2542 3130 2857 3195 κωλύεσθαι.
2912 3139 2999 3206 Τῷ
3053 3130 3108 3188 δὲ
3141 3129 3360 3208 μεγαλῳ
3405 3128 3567 3208 [Ιατρὶ
3624 3124 3888 3198 Βασιλείῳ

494 3232 612 3296 ret,
636 3219 834 3285 oblata
876 3230 965 3285 est
1012 3221 1068 3284 ei
1114 3220 1337 3304 scripta
1372 3222 1499 3284 haec
1540 3212 2143 3283 Diodorisententia.

2231 3220 2322 3275 τὸν
2351 3226 2587 3276 τοιουτον
2628 3221 3010 3301 ἀπαγορεύοντι
3055 3217 3328 3297 νόμονέιϐ,
3372 3221 3523 3304 ητοῦ
3554 3212 3887 3293 Θεοδώρουδῗ

497 3294 687 3383 Quam
719 3329 853 3372 cum
886 3329 951 3373 se
979 3294 1630 3392 graviter-molesteque
1659 3309 1819 3372 ferre
1867 3308 1956 3369 vir
2005 3325 2143 3369 san-

2233 3306 2495 3389 ἕγγραφος
2545 3294 2822 3390 ἀπόφασις.
2911 3294 3317 3390 ἐμφανίζεταιξ
3388 3299 3548 3387 ’Υπὲρ
3642 3305 3712 3371 ἧς
3802 3306 3887 3362 καὶ

497 3404 628 3460 ctus
655 3399 1040 3479 ostendisset,
1075 3400 1385 3483 epistolam
1434 3400 1587 3462 hanc
1621 3415 1835 3479 magna
1863 3396 2143 3459 refertam

2231 3395 2611 3470 δεινοπαθήσας
2669 3402 2698 3456 6
2752 3398 2928 3479 ἅγιος,
3017 3399 3133 3467 τὴν⁴
3186 3397 3393 3466 πολλῆς
3470 3395 3732 3477 ὠφελείας
3791 3393 3886 3473 γέ-

495 3486 749 3551 utilitate
788 3490 1277 3571 composuit,qua
1303 3507 1424 3553 non
1443 3489 1553 3551 has
1589 3485 1950 3563 tantum,sed
1969 3484 2143 3547 etiam

2230 3509 2432 3565 μουσαν
2487 3488 2732 3554 συνέταξε
2790 3489 2988 3555 ταύτην
3060 3488 3369 3564 ἐπιστολὴν,
3430 3488 3508 3565 μὴ
3556 3487 3720 3564 μόνον
3797 3485 3887 3541 τὸν

491 3594 703 3640 omnes
754 3578 989 3642 illicitas
1033 3580 1273 3661 nuptias
1321 3578 1554 3641 evertit.
1607 3575 1841 3658 Quippe
1881 3572 2143 3656 generali

2229 3583 2488 3653 τοιοῦτον,
2547 3576 2686 3637 ἀλλὰ
2739 3581 2828 3637 καὶ
2910 3580 3083 3636 πάντα
3172 3578 3398 3655 ἄθεσμον
3487 3575 3885 3656 ἀνατρέπουσαν

486 3667 888 3749 appellatione
920 3668 1284 3751 impuritatis
1333 3685 1498 3739 usus,
1545 3684 1758 3729 omnes
1805 3661 2143 3744 hujusmodi

2232 3667 2429 3746 γάμον.
2470 3672 2558 3742 Τῷ
2586 3667 2713 3747 ξγὰρ
2768 3675 2964 3747 γενικῴ
3017 3668 3359 3749 χρησάμενος
3413 3666 3510 3736 ειῆς
3564 3665 3883 3744 ἀκαθαρσίας

392 3768 393 3773 ‘
487 3756 725 3837 nuptias
741 3756 1002 3822 breviter
1019 3767 1109 3822 est
1124 3758 1487 3839 complexus.
1512 3758 1806 3820 Ceterum
1828 3753 1890 3815 in
1913 3770 2143 3816 canone

2229 3756 2474 3832 ὀνόματι,
2547 3757 2763 3839 τούτους
2817 3756 3052 3822 ἅπαντας
3100 3755 3504 3837 ἐμπεριείληφεν
3561 3754 3615 3810 ἐν
3655 3755 3859 3833 βραχεῖ
3869 3796 3881 3809 .

486 3835 634 3908 uin
656 3864 671 3910 :
697 3850 786 3912 De
819 3847 916 3927 iis,
948 3847 1052 3918 ait.
1086 3847 1188 3931 qui
1218 3835 1371 3910 duas
1415 3864 1657 3909 sorores
1686 3845 1931 3918 ducunt,
1966 3840 2140 3924 quale

2229 3839 2315 3902 Ἐν
2340 3843 2395 3901 δὲ
2425 3850 2504 3919 τῷ
2556 3835 2649 3925 κγ’
2702 3847 2907 3928 κανόνι,
2955 3847 3079 3926 Περὶ
3121 3835 3249 3903 τῶν
3272 3843 3382 3926 δύο,
3425 3835 3615 3921 ῥησὶν,
3651 3841 3880 3921 ἀδελφὰς

488 3933 565 3997 sit
596 3943 861 3998 nostrum
904 3936 1245 4019 judicium:
1300 3956 1370 4000 ex
1409 3934 1661 4016 epistola
1712 3951 1821 4013 per
1871 3932 2060 4008 brevi,
2105 3949 2141 3992 a

2229 3935 2530 4014 γαμούντων
2604 3934 2751 4002 ὅπως
2809 3934 3010 4017 ἔχομεν
3083 3936 3327 4014 κρίσεως,
3401 3934 3507 3991 ἀπὸ
3563 3940 3655 3991 τοῦ
3713 3933 3881 3991 ἐκπε-

488 4023 663 4086 nobis
691 4025 1105 4107 dictata,cujus
1129 4026 1467 4107 exemplum
1500 4023 1849 4086 reverentia:
1880 4030 1994 4082 tua:
2023 4019 2139 4080 mi-

2229 4023 2541 4106 φωνημένου
2622 4025 2760 4101 ἡμῖν
2815 4022 3188 4100 ἐπιστολιδίου,
3274 4027 3334 4081 οὗ
3414 4025 3477 4081 τὸ
3562 4023 3880 4102 ἀντίγραφον

484 4114 694 4191 simus,
727 4122 894 4177 recte
943 4115 1263 4196 intelliges.
1292 4114 1521 4190 Quibus
1544 4114 1604 4175 in
1636 4110 1835 4174 verbis
1884 4111 2039 4172 hanc
2068 4109 2142 4171 ad

2229 4112 2635 4190 ἀπεστὰλκαμέν
2665 4136 2760 4172 σου
2789 4120 2856 4191 τῇ
2885 4112 3148 4187 εὒλαϐείᾳ,
3196 4114 3252 4170 εὖ
3281 4112 3426 4190 μάλα
3473 4111 3598 4189 εἴση
3632 4131 3646 4146 ·
3681 4114 3882 4178 ταύτην

481 4202 808 4266 Diodorum
844 4204 1094 4284 epistola
1130 4205 1454 4285 signiﬁcat,
1482 4220 1659 4285 quam
1686 4202 1875 4282 ipsam
1902 4216 2141 4281 quoque

2229 4200 2292 4271 δὴ
2335 4200 2635 4281 λέγων’-τὴν
2677 4205 2808 4285 πρὸς
2845 4201 3104 4281 Διόδωρον
3161 4202 3471 4277 ἐπιστολὴν,
3523 4203 3591 4270 ἣν
3634 4202 3879 4281 καὶπρὸς

480 4292 555 4355 ad
586 4302 857 4354 sanctum
879 4293 1360 4375 Amphilochium
1409 4292 1593 4355 misit.
1627 4290 1698 4352 Et
1723 4308 1888 4361 vero,
1923 4288 2139 4369 inquit,

2229 4292 2317 4347 τὸν
2377 4290 2529 4370 ἅγιον
2585 4290 2864 4373 πέπομφεν
2919 4290 3303 4372 Ἀμφιλόχιον.
3392 4298 3479 4367 Τῷ
3533 4288 3589 4347 δὲ
3639 4287 3874 4365 λαϐόντι,

483 4381 576 4445 sui
602 4380 706 4464 qui
740 4381 940 4444 fratris
970 4401 1214 4447 uxorem
1257 4381 1515 4459 duxerit,
1564 4401 1681 4443 non
1735 4379 1903 4462 prius
1937 4376 2133 4459 paeni-

2229 4382 2378 4462 ιρησὶ,
2441 4389 2533 4440 τοῦ
2580 4379 2711 4440 ἰδίου
2752 4379 2977 4461 ἀδελφοῦ
3048 4381 3146 4449 τὴν
3202 4393 3455 4460 γυναῖκα,
3515 4381 3575 4437 οὗ
3625 4379 3875 4458 πρότερον

484 4471 683 4534 tentia;
713 4472 881 4535 locus
897 4472 1154 4549 dabitur,
1172 4492 1349 4555 quam
1384 4471 1457 4536 ab
1483 4490 1552 4535 ea
1575 4468 1913 4533 diverterit.
1948 4465 2137 4547 Hujus

2229 4468 2381 4535 τόπος
2426 4470 2704 4547 μετανοίας
2761 4468 3060 4544 δοθήσεται,
3121 4472 3248 4555 πρὶν·
3295 4471 3356 4526 ἃν
3409 4470 3605 4537 ταύτης
3639 4468 3873 4543 ἀποστῇ.

482 4559 1289 4643 epistolzequinquagesimns
1304 4563 1481 4625 etiam
1500 4571 1746 4642 quartus
1767 4556 1975 4639 synodi
1998 4574 2136 4618 sex--

482 4655 557 4713 ιω
577 4668 767 4712 canon
800 4652 1093 4729 meminit,
1115 4670 1249 4714 cum
1268 4653 1377 4715 ait:
1395 4649 1655 4720 Tametsi
1686 4664 1902 4729 paucas
1913 4664 1983 4709 ex
2004 4663 2139 4727 pro-

482 4737 688 4801 hibitis
717 4740 937 4821 nuptiis
957 4740 1046 4802 vir
1065 4748 1305 4804 sanctus
1325 4737 1786 4819 enumeraverit,
1819 4744 1876 4799 et
1896 4736 2136 4798 silentio

481 4828 823 4911 complures
847 4847 1051 4892 earum
1086 4830 1464 4912 praeterierit,
1497 4848 1574 4892 ne
1601 4846 1772 4891 suam
1805 4823 2137 4888 orationem

480 4916 743 4999 profanis
763 4916 1069 4982 vocabulis
1090 4918 1449 4996 sordidaret,
1472 4936 1580 5000 per
1608 4914 1955 4997 generalem
1976 4913 2136 4975 dun-

481 5012 636 5068 taxat
667 5005 1045 5085 impuratatis
1088 5009 1551 5091 appellationem
1584 5004 1831 5068 nefariis
1859 5002 2137 5066 omnibus

480 5095 706 5177 nuptiis
731 5094 1011 5159 indicatis
1042 5119 1056 5156 :
1092 5116 1202 5160 nos
1227 5106 1425 5162 tamen
1470 5094 1791 5159 deﬁnimus
1835 5111 1997 5169 eum,
2029 5092 2135 5174 qui

482 5202 618 5246 cum
649 5184 1009 5249 consobrina
1031 5206 1139 5250 sua
1170 5188 1404 5270 nuptias
1436 5184 1754 5258 contrahit,
1779 5183 1871 5245 vel
1905 5190 2134 5263 patrem

483 5279 545 5335 et
574 5272 763 5336 ﬁlium
793 5293 927 5336 cum
965 5283 1154 5339 matre
1188 5295 1258 5340 ac
1282 5277 1426 5353 tilia,
1465 5274 1555 5338 vel
1590 5281 1818 5355 patrem
1854 5279 1911 5335 et
1952 5272 2139 5334 ﬁlium

481 5379 620 5449 cum
650 5360 883 5424 duabus
904 5365 1241 5449 sororibus,
1273 5366 1365 5429 vel
1396 5366 1546 5429 duos
1567 5363 1782 5426 fratres
1813 5379 1947 5424 cum
1985 5361 2138 5424 dua-

474 5448 589 5514 bus
612 5449 951 5528 sororibus,
987 5453 1098 5517 sub
1130 5448 1423 5519 canonem
1455 5452 1756 5537 septennii
1785 5450 2033 5527 cadere;
2055 5451 2140 5515 sic

2220 4559 2427 4627 Ταύτης
2455 4564 2554 4627 τῆς
2612 4559 2898 4628 ἐπιστολῆς
2953 4561 3041 4616 καὶ
3099 4562 3127 4616 6
3166 4549 3227 4616 νδ
3238 4549 3248 4567 ’
3301 4558 3397 4627 δῆς
3456 4558 3614 4626 ἕκτης
3663 4554 3874 4614 συνόδου

2218 4649 2394 4706 κανὼν
2462 4649 2755 4726 μέμνηται,
2827 4648 2918 4706 καί
2974 4672 3136 4730 φησιν
3170 4668 3185 4683 '
3234 4650 3291 4707 Εἰ
3347 4650 3435 4706 καί
3492 4647 3698 4727 ὀλίγους
3771 4652 3872 4703 τῶν

2218 4736 2587 4817 ἀπειρημένων
2643 4739 2831 4818 γάμων
2885 4740 2914 4795 6
2972 4738 3122 4816 ἅγιος
3180 4738 3537 4817 ἠριθμήσατο,
3600 4740 3779 4812 σιωπῇ
3823 4733 3873 4790 δὲ

2218 4828 2337 4892 τοὺς
2387 4826 2577 4892 πλέους
2627 4827 2827 4883 τούτων
2880 4825 3230 4906 παρέδραμεν,
3292 4825 3387 4883 ’ἕνα
3434 4826 3522 4903 μὴ
3581 4827 3670 4882 τὸν
3713 4824 3870 4903 λόγον

2217 4918 2563 4997 καταρυπάνη
2601 4930 2719 4981 τοτς
2767 4913 3016 4993 βεϐήλοις
3089 4916 3335 4996 ὀνόμασι,
3396 4939 3466 4993 τῃ
3512 4921 3610 4983 τῆς
3641 4915 3872 4992 ἀκαθαρ-

2218 5006 2333 5071 σίας
2433 5006 2594 5083 μόνον
2689 5011 2877 5085 γενικῇ
2949 5006 3278 5085 προσηγορίᾳ
3344 5007 3465 5071 τοὺς
3535 5004 3867 5084 παρανόμους

2218 5094 2527 5171 σύμπαντας
2572 5093 2839 5161 ὑποδείξας
2892 5095 3118 5174 γάμους.
3176 5092 3324 5152 Ἀλλ’
3401 5095 3564 5172 ἡμεῖς
3612 5094 3869 5173 ὁρίζομεν,

2221 5185 2314 5241 τὸν
2521 5184 2686 5257 οἰκείᾳ
2756 5181 3010 5265 ἐξαδέλςρη
3068 5191 3311 5263 γαμικῶς
3369 5185 3783 5261 συναπτόμενον,
3836 5184 3872 5251 ἧ

2222 5273 2423 5355 πατέρα
2454 5274 2542 5331 καὶ
2570 5274 2679 5332 υἱὸν
2740 5274 2925 5352 μητρὶ,
2986 5274 3075 5329 καὶ
3104 5276 3337 5353 θυγατρὶ,
3388 5274 3425 5342 ἦ
3482 5272 3571 5331 δύο
3620 5272 3869 5355 ἀδελφαῖς

2222 5362 2423 5434 πατέρα
2481 5363 2568 5419 καὶ
2635 5362 2770 5435 υἱὸν,
2827 5359 2865 5429 ἣ
2931 5359 3184 5441 ἀδελφοὺς
3267 5360 3356 5419 δύο
3410 5360 3551 5418 δυσὶν
3594 5360 3866 5443 ἀδελφαῖς,

2220 5452 2322 5509 ὑπὸ
2351 5453 2440 5509 τὸν
2470 5454 2568 5520 τῆς
2618 5453 2895 5518 ἑπταετίας
2954 5451 3163 5508 πίπτειν
3221 5452 3438 5528 κανόνα,
3489 5450 3870 5531 ἀφισταμένους

1818 5618 2073 5685 VABUE
2117 5619 2551 5686 LECTIONES.

551 5727 606 5771 35
632 5728 765 5787 ἅττα
794 5728 910 5787 οὐδὲ
942 5735 1040 5799 εἰς,
1124 5729 1182 5775 ³⁸
1210 5733 1407 5813 γάμου.
1493 5727 1547 5772 ³⁷
1580 5728 1875 5810 Διοδώρου.
