4120 6440
341 360 368 420 1
380 357 498 424 269

1660 352 2372 423 GR/ECO-ROMANUM.

3560 343 3719 408 i270

336 492 588 573 πρότερον
644 500 735 550 τοῦ
820 496 1126 575 παρανόμου
1212 494 1553 551 συνοικεσίου.
1633 483 1691 550 Ὀ
1758 490 1813 549 δὲ
1894 498 1984 547 τοῦ

2072 498 2292 564 tamen,
2332 497 2395 552 ut
2452 507 2488 552 a
2543 489 2770 552 nefario
2826 490 3100 572 conjugio
3150 488 3316 570 prius
3369 486 3711 552 discedant.

336 580 573 661 μεγάλου
627 581 898 640 Βασιλείου
964 576 1041 655 ξζ¹
1093 583 1192 651 τὴν
1252 579 1622 662 ἀδελφομιξίαν
1679 582 1752 648 είς
1810 578 1984 638 εἴκοσι

339 672 588 751 χρόνους,
621 674 712 753 ὡς-
736 673 824 753 καὶ
851 673 942 728 τὸν
985 674 1142 753 φόνον
1173 671 1259 746 58,
1282 677 1381 739 τῆς
1411 673 1684 734 κοινωνίας
1715 667 1982 731 ἐκϐάλλει.

341 749 400 818 Ὅ
437 759 573 839 δέγε
626 749 733 833 ξη’,
796 751 859 816 Ἠ
915 749 1012 829 τῇς
1056 760 1417 841 ἀπειρημένης
1474 761 1624 840 φησὶ,
1684 758 1985 837 συγγενείας

340 851 472 929 πρὸς
522 850 694 928 γάμον
755 850 1003 931 σύστασις
1058 852 1102 907 εἰ
1155 850 1442 931 φωραθείη,
1494 850 1586 931 τὰ-
1614 853 1720 905 τῶν
1774 854 1986 929 μοιχῶν

336 922 575 1014 ἐπιτίμια
598 922 840 1005 δέξεται.
908 922 1067 1020 Ἃπερ
1111 922 1258 1013 εἰσὶν,
1310 940 1345 1007 ἡ
1403 941 1474 1001 είς
1519 927 1587 994 ιε’
1615 922 1837 1018 χρόνους
1872 922 1984 1005 ’τῆς

334 1028 608 1093 κοινωνίας
679 1027 951 1108 στέρησις,
1014 1028 1266 1109 πρότερον
1334 1035 1426 1087 τοῦ
1510 1028 1685 1106 γέμου
1740 1024 1984 1083 διασπω-

331 1116 511 1192 μένου.

414 1197 471 1264 Ὀ
498 1204 553 1262 δὲ
585 1229 642 1262 οε
655 1196 687 1281 ’,
739 1198 795 1265 ζ0
825 1205 1026 1288 ἀδελφῇ
1057 1204 1159 1280 ἰδίᾳ
1185 1207 1246 1264 ἐκ
1286 1208 1484 1286 πατρὸς
1527 1206 1564 1275 ἢ
1607 1207 1810 1286 μητρὸς
1839 1227 1982 1281 συμ-

325 1296 584 1375 μιανθεὶς,
658 1297 747 1353 γαὶ
814 1302 908 1353 τοῦ
964 1295 1117 1354 οἴκου
1157 1298 1258 1363 τῆς
1300 1297 1607 1376 προσευχῆς
1669 1293 1980 1374 ἐξωθείσθω,

329 1388 513 1462 φησὶν,
545 1383 679 1448 ἕσως
709 1382 771 1441 ἂν
822 1384 928 1440 ἀπὸ
982 1389 1051 1461 τῇ
1096 1389 1194 1453 τῆς
1223 1381 1277 1427 39
1319 1383 1564 1460 ἀθεμίτου
1605 1384 1694 1440 καὶ
1742 1382 1982 1462 παρανό-

334 1494 438 1548 μου
494 1470 706 1548 μίξεως.
771 1470 1177 1553 Ἀποσχόμενος
1221 1471 1300 1548 δὲ,
1359 1474 1446 1529 καὶ
1496 1470 1650 1538 ἀξίως
1710 1473 1984 1548 μετανοή-

336 1582 454 1635 σας,
501 1562 636 1637 μετά
665 1559 864 1618 δώδεκα
913 1560 1008 1630 ’ἐτη
1057 1566 1154 1630 τῆς
1197 1562 1336 1626 θείας
1380 1560 1634 1627 ἀξιούσθω
1683 1561 1983 1625 κοινωνίας.

336 1637 395 1707 Ὀ
425 1646 480 1704 δὲ
539 1638 631 1717 οη’
661 1665 676 1680 ⁸
738 1652 799 1708 Οἱ
849 1647 936 1706 δύο
983 1648 1206 1731 ἀδελφὰς
1263 1651 1336 1715 είς
1380 1648 1700 1709 συνοικέσιον
1770 1646 1984 1724 λαμϐά-

332 1758 535 1817 νοντες,
607 1740 651 1794 εί
705 1739 794 1796 καὶ
852 1740 988 1797 κατὰ
1065 1737 1340 1820 διαφόρους
1385 1739 1632 1821 χρόνους,
1707 1739 1841 1814 μετά
1922 1739 1983 1793 τὸ

332 1823 717 1895 διασπασθῆναι
771 1828 863 1885 τὸν
918 1828 1163 1905 ἀθέμιτον
1206 1829 1401 1906 γάμον,
1459 1834 1536 1903 τῷ
1591 1832 1691 1895 τῆς
1735 1827 1982 1907 μοιχείας

330 1914 634 1973 ὑπόκεινται
663 1918 903 1997 κρίματι.
951 1907 1011 1975 ιΟ
1060 1915 1115 1973 δὲ
1144 1908 1280 1992 ος’.
1315 1909 1374 1976 Ὀ
1426 1917 1583 1980 αὖτὸς
1635 1914 1794 1987 ἔστω,
1827 1916 1979 1996 φησὶ,

332 2003 512 2087 τύπος⁸
555 2006 643 2062 καὶ
700 2008 817 2084 περὶ
888 2012 996 2063 τῶν
1054 2007 1150 2070 τὰς
1219 2007 1422 2087 νύμφας
1467 2008 1635 2063 αὐτῶν
1677 2003 1982 2081 λαμϐανόν-

332 2114 461 2156 των,
498 2084 554 2151 Ὀ
584 2092 640 2149 δὲ
673 2085 753 2151 σθ’
787 2117 800 2130 θ
837 2097 936 2154 Καὶ
979 2098 1025 2152 οἱ
1078 2108 1202 2161 ταῖς
1247 2084 1510 2174 μητρυαῖς
1557 2094 1728 2152 αὐτῶν
1756 2093 1979 2170 ἐπιμαι-

333 2182 544 2257 νόμενοι
569 2182 655 2263 40,
686 2190 762 2257 τῷ
816 2184 999 2241 κανόνι
1051 2185 1378 2260 ὑπόκεινται,
1432 2188 1478 2259 ᾧ
1503 2185 1590 2241 καὶ
1619 2186 1667 2241 οἱ
1694 2195 1816 2246 ταῖς
1854 2182 1983 2238 ἑαυ-

332 2277 438 2329 τῶν
466 2269 720 2353 ἀδελφαῖς
750 2274 1214 2353 συμμιαινόμενοι.
1273 2266 1329 2332 Ὀ
1387 2271 1443 2329 δὲ
1491 2275 1588 2341 τῆς
1639 2272 1693 2329 ἐν
1751 2282 1983 2330 Νεοκαι-

335 2361 515 2439 σαρείᾳ
570 2352 784 2419 συνόδου
837 2352 914 2440 β’,
976 2364 1067 2420 σὺν
1109 2361 1248 2419 δυσὶν
1303 2360 1554 2442 ἀδελφοῖς
1611 2359 1983 2440 γεγαμηνένην

337 2446 639 2515 ἐξωθεῖσθαι
664 2458 764 2520 τῆς
823 2451 1143 2520 Ἐκκλησίας
1200 2452 1300 2516 ἕως
1330 2453 1552 2512 θανάτου
1618 2449 1843 2509 κελεύει.
1905 2450 1985 2526 μὴ

335 2539 652 2615 πειθομένην
680 2540 833 2599 λῦσαι
877 2538 1082 2609 δηλαδὴ
1146 2542 1238 2597 τὸν
1285 2541 1480 2620 γάμον.
1545 2540 1700 2615 Νόσφ
1732 2537 1786 2595 δὲ
1828 2561 1985 2618 7‘5?"

333 2634 566 2685 πεσοῦσα
594 2634 663 2706 τῇ
727 2629 948 2688 θάνατον
1010 2628 1325 2707 ἀπειλούσῇ,
1384 2630 1428 2686 εἰ
1497 2627 1880 2707 ἐπαγγέλλεται
1912 2629 1986 2693 ὡς

333 2715 567 2793 ραΐσασα
622 2716 767 2775 λύσει
818 2721 911 2775 τὸν
978 2720 1173 2798 γάμον,
1249 2716 1634 2798 προσδέχεσθαι
1689 2719 1761 2784 εἰς
1814 2717 1984 2793 μετά-

338 2826 506 2868 νοιαν.
560 2809 616 2865 Εἰ
658 2805 710 2864 δὲ
766 2811 855 2866 καὶ
911 2808 1012 2876 τὴν
1085 2820 1315 2887 γυναῖκα
1366 2806 1674 2877 τελευτῆσαι
1730 2804 1984 2882 συμϐαίη,

335 2895 373 2964 ἢ
401 2899 496 2955 καὶ
538 2901 632 2956 τὸν
688 2898 869 2980 ἄνδρα,
917 2899 993 2956 ἔτι
1045 2906 1113 2976 τῇ
1169 2900 1389 2975 τοιαύτῃ
1432 2902 1730 2978 παρανομίᾳ
1758 2899 1988 2978 ἐνισχη-

341 2984 555 3061 μένους,
627 2987 892 3070 δυσχερὴς
956 2991 991 3058 ἡ
1090 2989 1343 3064 μετάνοια
1413 2993 1490 3062 τῷ
1542 2986 1921 3066 περιλειφθέντι
1970 3004 1985 3022 ⁸

2069 577 2270 642 Canon
2311 587 2506 641 autem
2561 596 2719 643 xcvu
2768 578 2971 642 Basilii
3011 579 3208 659 magni
3252 578 3579 646 hominem.
3614 577 3717 661 qui

2069 686 2204 730 cum
2251 686 2457 731 sorore
2508 688 2615 731 sua
2662 687 2790 730 rem
2839 669 3133 745 habuerit,
3168 669 3229 731 in
3267 685 3456 729 annos
3486 667 3714 749 viginti,

2069 755 2224 819 sicut
2254 764 2314 819 et
2343 758 2724 845 homicidam,
2771 775 2805 819 a
2833 758 3255 821 communione
3291 757 3511 838 rejicit.
3565 756 3714 819 Item

2067 863 2248 909 vam
2276 865 2467 909 canon
2504 868 2519 907 :
2550 847 2614 908 Si
2643 848 3082 929 deprehensum
3115 847 3315 923 fuerit,
3344 845 3557 928 inquit,
3586 864 3716 909 ma-

2070 934 2412 997 trimonium
2438 936 2714 999 contrahi
2732 955 2802 998 ex
2824 936 3176 1017 cognatione
3198 935 3717 1018 probibita,pcenae

2066 1023 2470 1087 adulterorum
2493 1024 2936 1106 irrogabuntur.

2146 1200 2288 1275 Quae
2315 1201 2556 1283 quidem
2584 1211 2740 1279 sunt,
2774 1223 2810 1267 a
2836 1204 3258 1267 communione
3299 1204 3374 1266 ad
3417 1222 3499 1269 xv
3527 1224 3717 1268 annos

2066 1290 2350 1363 exclusio,
2420 1291 2799 1355 matrimonio
2875 1294 3039 1374 prius
3109 1293 3429 1375 dirempto.
3512 1297 3717 1359 Cauon

2066 1397 2204 1442 vero
2234 1397 2388 1443 Lxxv
2422 1381 2505 1442 ait
2536 1401 2549 1442 :
2587 1380 2698 1454 Qui
2728 1401 2863 1445 cum
2905 1399 3111 1445 sorore
3158 1401 3286 1459 sua,
3321 1386 3539 1447 eodem
3576 1390 3714 1446 nata

2068 1477 2231 1550 patre
2262 1470 2352 1532 vel
2388 1478 2593 1546 matre,
2627 1489 2759 1534 sese
2791 1471 3026 1552 polluit,
3071 1472 3252 1534 etiam
3306 1482 3472 1535 extra
3500 1490 3714 1553 preca-

2069 1556 2247 1620 tionis
2270 1559 2459 1621 aadem
2486 1559 3064 1642 expellatur,inquit,
3121 1561 3314 1623 donec
3365 1560 3438 1624 ab
3485 1561 3716 1624 incesto

2004 1707 2045 1756 Β
2069 1655 2138 1756 et.
2156 1648 2384 1756 nefario
2406 1649 2729 1756 concubitu
2757 1649 3124 1756 discesserit.
3158 1652 3306 1751 Cum
3351 1658 3554 1756 autem
3601 1649 3718 1752 ab-

2067 1737 2366 1808 stinuerit,
2402 1746 2460 1799 et
2495 1748 2658 1800 recte
2686 1739 3095 1820 paenitentiam
3125 1738 3354 1819 egerit;
3389 1739 3713 1803 duodecim

2065 1826 2236 1888 annis
2294 1827 2538 1904 exactis,
2583 1828 3067 1890 communionem
3122 1846 3354 1891 sacram
3407 1830 3710 1911 impetret.

2065 1917 2270 1981 Canon
2304 1933 2523 1979 Lxxvm
2553 1938 2566 1975 :
2593 1916 2705 1989 Qui
2728 1916 2875 1980 duas
2904 1936 3146 1980 sorores
3173 1918 3236 1980 in
3265 1917 3714 1980 matrimonium

2066 2004 2388 2087 accipiunt,
2421 2006 2562 2068 licet
2588 2006 2839 2068 diversis
2861 2006 3248 2088 temporibus,
3276 2015 3589 2089 postquam
3614 2006 3713 2068 di-

2069 2101 2315 2174 remptae
2363 2094 2586 2156 fuerint
2636 2094 2876 2156 incesta;
2904 2094 3144 2176 nuptiae,
3177 2094 3460 2158 adulterii
3482 2095 3713 2176 judicio

2042 2190 2365 2246 .tenentur.
2413 2184 2615 2246 Canon
2661 2199 2875 2245 LXXVI:
2908 2183 3155 2264 Eadem,
3211 2183 3427 2266 inquit,
3459 2184 3608 2247 ratio
3641 2184 3718 2246 sit
3804 2206 3811 2211 ’

2065 2271 2242 2333 etiam
2275 2272 2335 2333 in
2368 2273 2464 2347 iis,
2497 2273 2599 2355 qui
2646 2292 2829 2335 nurus
2878 2293 3016 2336 suas
3054 2273 3280 2336 ducunt
3321 2290 3554 2336 uxores.
3590 2273 3705 2337 Ca-

2067 2380 2186 2423 non
2211 2379 2380 2423 Lxx1x
2416 2381 2430 2425 :
2465 2363 2657 2425 Etiam
2687 2363 2753 2439 ii,
2795 2363 2896 2445 qui
2940 2381 3078 2425 cum
3128 2363 3398 2426 novercis
3426 2363 3551 2425 suis
3579 2381 3714 2426 sese

2069 2450 2363 2532 polluunt,
2391 2470 2618 2515 canone
2650 2462 2930 2515 tenentur
2959 2453 3194 2529 eodem,
3229 2472 3345 2534 quo
3386 2460 3445 2514 et
3492 2451 3582 2514 Illi
3609 2451 3713 2534 qui

2069 2557 2202 2602 cum
2235 2539 2356 2601 suis
2407 2560 2539 2604 sese
2567 2543 2873 2605 sororibus
2921 2542 3254 2623 inquinant.
3289 2541 3540 2605 Concilii
3571 2559 3711 2603 vero

2069 2629 2569 2693 Neocaesariensis
2617 2651 2811 2694 canon
2868 2631 3166 2695 secundus
3215 2630 3526 2693 mulierem
3579 2648 3714 2693 cum

2070 2717 2304 2780 duobus
2337 2729 2575 2800 nuptam
2607 2721 2886 2784 fratribus
2915 2738 3104 2802 usque
3123 2719 3195 2781 ad
3223 2728 3472 2783 mortem
3501 2719 3719 2801 expelli

2069 2805 2334 2869 Ecclesia
2354 2810 2552 2888 jubet,
2587 2811 2635 2871 si
2667 2828 2878 2892 parere
2898 2810 3128 2872 scilicet
3160 2808 3306 2870 nolit
3335 2808 3396 2870 in
3426 2808 3718 2870 dirimen-

2070 2895 2146 2957 do
2180 2898 2656 2962 matrimonio.Si
2683 2907 2881 2961 tamen
2903 2899 2964 2960 in
3000 2897 3274 2960 morbum
3303 2897 3720 2979 inciderit,qtli

2075 2997 2326 3049 mortem
2374 2987 2700 3061 minitetur,
2763 3007 2832 3051 ac
2882 2987 3230 3069 polliceatur
3278 3004 3368 3067 se,
3408 2994 3720 3068 postquam

340 3071 621 3157 ἐλέγχεται
665 3080 788 3158 γὰρ,
833 3081 907 3143 ὡς
949 3081 1044 3135 οὒκ
1099 3076 1162 3132 ἂν
1218 3075 1424 3143 ἀπέστη
1481 3077 1882 3158 τῇςᾼὰμαρτίας,
1944 3077 1984 3133 εἰ

2073 3077 2458 3150 convaluerit,
2513 3077 2750 3158 nuptias
2794 3077 3249 3158 dirempturam,
3294 3074 3720 3138 admittendam

343 3162 419 3221 ἔτι
462 3155 650 3247 περιῆν
680 3155 752 3223 ⁷τὸ
801 3166 1168 3246 ἀποιχόμενον
1224 3165 1535 3244 πρόσωτων.
1587 3155 1643 3223 ιΟ
1699 3162 1754 3220 δὲ
1805 3170 1902 3232 τῇς
1933 3164 1986 3222 ἐν

338 3255 571 3336 Ἀγκύρᾳ
622 3247 706 3313 κε’
758 3255 933 3320 ἰδικὼς
1026 3255 1146 3335 περί
1240 3276 1381 3317 τινος
1477 3253 1870 3335 ἐκπεφώνηται,
1931 3253 1987 3319 ὃς

334 3346 500 3425 κόρην
563 3346 660 3422 μέν
707 3369 823 3402 τινα
882 3345 1298 3421 ἐμνηστεύσατο,
1354 3348 1421 3420 τῇ
1463 3340 1519 3398 δὲ
1561 3343 1757 3409 ταύτης
1788 3341 1989 3423 ἀδελφῇ

334 3438 676 3516 συμφθαρεὶς,
754 3436 1022 3515 ἐγκύμονα
1112 3434 1429 3504 ἐποιήσατο.
1517 3432 1665 3490 Μετά
1724 3430 1779 3489 δὲ
1833 3439 1989 3490 τοῦτο

340 3526 618 3601 γήμαντος
649 3527 808 3584 αὐτοῦ
865 3526 965 3594 τὴν
1009 3525 1279 3600 μνηστὴν,
1342 3519 1378 3589 ἤ
1435 3524 1692 3600 φθαρεῖσα
1761 3522 1860 3579 ὑπὸ
1888 3527 1988 3590 τῆς

336 3611 506 3681 λύπης
565 3614 863 3694 ἀπήγξατο.
941 3614 1075 3676 Τοὺς
1143 3611 1233 3670 οὖν
1291 3608 1590 3674 συνειδότας
1660 3610 1989 3691 ἐψηφίσαντο

335 3705 383 3759 οἱ
414 3703 651 3783 Πατέρας
693 3704 779 3761 ἐπὶ
824 3703 949 3760 δέκα
1004 3702 1101 3770 ἔτη
1157 3702 1233 3776 μὴ
1292 3699 1609 3767 κοινωνῆσαι
1645 3719 1662 3737 ο
1697 3698 1985 3765 συνειδότες

334 3791 389 3850 δέ
432 3795 582 3869 εἰσιν,
628 3796 672 3851 οἱ
703 3791 1119 3872 συμπράξαντες,
1166 3794 1225 3849 οὗ
1283 3788 1392 3864 μὴν
1448 3791 1494 3844 οἱ
1546 3786 1762 3868 ἔχοντες
1806 3787 1988 3853 ἁπλῶς

334 3882 565 3964 εἴδησιν,
624 3884 714 3940 καὶ
783 3881 1016 3939 κωλῦσαι
1083 3890 1162 3956 μὴ
1215 3876 1489 3952 δυνάμενοι
1527 3896 1540 3912 ³
1599 3876 1684 3933 ἐπὶ
1741 3879 1840 3958 γὰρ
1881 3879 1988 3935 τῶν

332 3974 595 4051 ἀθεμίτων
651 3971 891 4052 πράξεων
935 3974 1037 4051 οὐχ
1107 3972 1272 4037 ἧττον
1340 3968 1387 4022 οἱ
1451 3972 1815 4052 συνεργοῦντες
1883 3971 1988 4023 τῶν

329 4063 630 4143 αὐτουργῶν
728 4068 1101 4141 τιμωροῦνται,
1199 4050 1256 4116 Ὀ
1329 4053 1384 4111 δὲ
1455 4045 1531 4113 ια’
1574 4064 1667 4114 τοῦ
1734 4055 1988 4131 Τιμοθέου

328 4150 722 4230 Ἀλεξαςδρείας
779 4150 898 4216 to");
978 4148 1263 4229 κληρικοὺς
1352 4143 1552 4202 κελεύει
1627 4145 1706 4221 μὴ
1777 4144 1989 4202 ἀπιέναι

328 4241 688 4317 καλουμένους
720 4241 793 4305 εἷς
836 4241 1035 4319 γάμον,
1068 4240 1112 4295 εἰ
1166 4236 1406 4294 πύθοίντο
1463 4234 1606 4291 εἶναι
1649 4234 1986 4314 παράνομον,

2074 3182 2208 3227 esse
2234 3166 2305 3228 ad
2341 3166 2773 3245 paenitentiam.
2824 3165 2993 3239 Quod
3038 3165 3089 3226 si
3129 3166 3219 3228 vel
3254 3164 3590 3240 mulierem,
3629 3165 3719 3227 vel

2071 3254 2288 3329 virum,
2321 3254 2489 3316 obire
2522 3263 2773 3317 mortem
2806 3256 3128 3334 contingat,
3172 3253 3317 3316 dum
3366 3252 3564 3315 adhuc
3620 3253 3725 3317 tali

2073 3343 2335 3406 facinore
2383 3358 2521 3408 sunt
2563 3344 2871 3425 implicati,
2905 3342 3168 3405 difﬁcilis
3215 3341 3562 3422 poenitentia
3614 3361 3723 3404 su-

2073 3432 2302 3514 perstiti
2336 3451 2603 3513 persona;
2634 3433 3013 3514 relinquitur.
3044 3431 3327 3511 Arguitur
3353 3429 3540 3508 enim,
3560 3430 3723 3513 quod

2069 3541 2105 3585 a
2135 3531 2377 3605 peccato
2425 3523 2762 3584 discessura
2810 3539 2929 3582 non
2976 3520 3175 3601 fuerit,
3209 3519 3261 3581 si
3284 3519 3482 3582 adhuc
3505 3538 3721 3601 super-

2069 3621 2191 3674 stes
2239 3620 2397 3674 esset
2448 3630 2705 3693 persona
2759 3610 3061 3673 defuncta.
3123 3612 3323 3673 Canon
3373 3615 3570 3669 autem
3601 3625 3722 3670 xxv

2068 3703 2396 3783 Ancyranm
2421 3702 2622 3782 synodi
2656 3701 2731 3762 de
2762 3700 3017 3782 quodam
3045 3697 3430 3779 peculiariter
3460 3704 3551 3759 est
3580 3715 3722 3778 pro-

2072 3791 2396 3866 nuntiatus,
2431 3794 2529 3871 qui
2563 3789 2821 3871 puellam
2859 3788 2975 3851 sibi
3015 3785 3331 3869 quamdam
3376 3785 3725 3866 desponde-

2070 3889 2184 3956 rat,
2219 3889 2278 3941 ot
2308 3887 2587 3960 repostea
2641 3898 2776 3941 cum
2829 3878 2960 3958 ejus
3009 3894 3221 3939 sorore
3283 3873 3504 3950 habita,
3566 3892 3723 3957 prae-

2070 3977 2346 4050 gnantem
2405 3970 2557 4030 hanc
2623 3968 2865 4031 fecerat.
2926 3965 3158 4028 Deinde
3212 3962 3529 4027 celebratis
3589 3983 3725 4027 cum

2074 4077 2294 4138 sponsa
2327 4057 2568 4138 nuptiis,
2605 4066 2870 4139 stuprata
2895 4074 3067 4118 soror
3094 4053 3281 4116 animi
3332 4053 3538 4116 dolore
3570 4062 3726 4116 mota

2074 4149 2287 4229 laqueo
2316 4148 2493 4208 vitam
2536 4146 2794 4210 ﬁnierat.
2844 4145 3050 4227 Itaque
3096 4144 3373 4207 conscios
3428 4143 3490 4205 in
3534 4161 3725 4206 annos

2071 4236 2280 4301 decem
2306 4237 2597 4299 arcendos
2629 4254 2664 4297 a
2686 4234 3347 4307 communione,Patres
3367 4240 3724 4295 statuerunt.

331 4330 500 4411 εὐχῆς
556 4330 716 4411 χάριν
771 4331 860 4387 καὶ
915 4333 1241 4409 προσφορᾶς.
1327 4321 1534 4381 Πολλοῦ
1599 4344 1661 4402 γε
1722 4321 1805 4379 δεῖ
1865 4321 1981 4399 μεθ’

2075 4326 2305 4390 Conscii
2356 4344 2497 4387 vero
2541 4334 2701 4395 sunt,
2754 4324 3037 4387 facinoris
3090 4322 3431 4404 participes,
3465 4341 3586 4384 non
3626 4331 3728 4405 qui

331 4419 624 4500 ἱερολογίας
682 4420 951 4499 ζευγνύναι
993 4420 1115 4482 τοὺς
1158 4416 1295 4474 οὕτω
1351 4418 1524 4493 γῆμαι
1570 4412 1983 4500 προελομένους,

2072 4416 2430 4497 simpliciter
2473 4414 2559 4476 rei
2610 4414 2875 4476 notitiam
2927 4412 3247 4485 habebant,
3300 4419 3359 4473 et
3405 4411 3725 4491 prohibere

332 4495 424 4567 ’ἵνα
481 4495 560 4585 μίὶ,
616 4495 915 4588 ἀλλοτρίαις
959 4507 1352 4577 κοινωνήσωσιν
1403 4501 1682 4582 ἁμαρτίαις
1764 4495 1820 4561 Ὀ
1861 4502 1984 4560 ἀθέ-

2074 4495 2518 4589 non—poterant.
2543 4504 2688 4567 Nam
2719 4505 2779 4566 in
2809 4503 3051 4567 nefariis
3079 4500 3413 4589 actionibus
3458 4520 3578 4563 non
3612 4502 3726 4563 mi-

332 4621 486 4675 μιτος
517 4600 577 4656 οὗ
603 4596 906 4676 βεϐαιοῦται
962 4597 1159 4678 φάμος.
1208 4595 1306 4653 Διὰ
1360 4601 1515 4651 τοῦτο
1571 4591 1662 4646 ἐὰν
1704 4593 1806 4672 πρὸ
1853 4613 1984 4648 κατ-

2075 4617 2186 4658 nus
2217 4588 2324 4676 illi,
2359 4595 2462 4677 qui
2493 4595 2710 4656 factum
2733 4593 3218 4675 adjuvant.quam
3241 4588 3344 4670 qui
3374 4590 3502 4667 ejus
3520 4597 3723 4653 aucto-

332 4692 552 4769 ηγορίας
610 4686 766 4767 λυθῇ,
824 4698 1188 4766 συγχωρεῖται
1269 4684 1304 4751 ἡ
1361 4683 1559 4769 ποινή,
1594 4677 1716 4739 Ἐπὶ
1782 4690 1874 4739 τοῦ
1932 4680 1984 4737 ἐν

2072 4706 2169 4749 res
2198 4695 2357 4761 sunt,
2394 4685 2747 4767 puniuntur.
2788 4683 2989 4747 Canon
3020 4699 3157 4742 vero
3205 4678 3581 4769 undecimus.
3617 4678 3725 4769 Τί-

327 4766 514 4857 ἀγνοῖᾳ
596 4766 882 4856 γενομένου
936 4775 1181 4851 ἀθεμίτου
1239 4773 1435 4851 γάμου,
1494 4768 1670 4827 δίδωσι
1736 4770 1982 4850 συγγνώ-

2072 4775 2300 4838 mothei
2335 4766 2722 4838 Alexandrini
2753 4770 3020 4853 episcopi
3066 4766 3356 4851 praecipit,
3393 4775 3458 4857 ut
3496 4767 3727 4850 clerici,

329 4856 438 4943 μην
467 4867 555 4922 καὶ
595 4867 630 4934 ἡ
676 4862 991 4937 Ἐκκλησία),
1041 4865 1129 4921 καὶ
1188 4864 1224 4930 ἡ
1268 4860 1623 4938 ἐπανόρθωσις
1682 4867 1771 4916 τοῦ
1810 4861 1979 4940 ἁμαρ-

2071 4886 2207 4928 cum
2238 4865 2581 4939 invitantur,
2596 4861 2840 4923 minime
2872 4859 3107 4941 nuptias
3139 4856 3433 4930 adeant,si
3468 4858 3731 4920 nefarias

326 4957 588 5032 τήματος.
642 4956 739 5014 Καὶ
769 4953 1020 5034 μάλιστα,
1068 4954 1113 5009 εὶ
1169 4952 1245 5028 μή
1302 4971 1388 5006 πω
1416 4948 1471 4998 41
1531 4954 1628 5016 τῆς
1661 4948 1817 5006 αὖτοῦ
1849 4970 1982 5005 κατ-

2072 4974 2205 5018 esse
2239 4961 2621 5033 cognoscant,
2648 4968 2890 5032 precum
2927 4957 2983 5012 et
3013 4945 3335 5011 oblationis
3358 4946 3727 5034 causa.Tan-

326 5046 620 5124 ηγόρησεν.
681 5047 742 5102 Οἱ
798 5044 1131 5123 αίμομίκται,
1192 5041 1305 5097 εἴτε
1362 5052 1540 5118 γονεῖς
1598 5040 1729 5117 πρὸς
1798 5036 1979 5112 τέκνα,

2071 5054 2192 5107 tum
2244 5044 2436 5119 abest,
2501 5049 2566 5104 ut
2614 5040 2764 5101 votis
2816 5039 3002 5102 sacris
3051 5033 3594 5124 intervenientibus
3626 5056 3730 5098 eos

323 5136 361 5202 ἢ
407 5123 578 5205 τήκνα
619 5135 751 5211 πρὸς
799 5145 1005 5213 γονεῖς,
1049 5131 1086 5200 ἢ
1129 5128 1339 5209 ὄιδελφοὶ
1371 5129 1502 5207 πρὸς
1554 5126 1803 5209 ἀδελφὰς,
1849 5124 1979 5207 ξίφει

2071 5134 2434 5213 conjungere
2482 5130 2740 5193 debeant
2771 5130 2925 5210 (‘20),
2959 5126 3060 5210 qui
3093 5123 3330 5206 nuptias
3380 5123 3727 5204 hujusmodi

328 5225 775 5304 τιμωρείσθωσαν.
830 5225 890 5281 Οἱ
938 5220 994 5278 δὲ
1049 5221 1184 5278 κατά
1241 5216 1411 5286 ἄλλην
1482 5217 1788 5296 συγγένειαν
1847 5238 1978 5293 προς

2071 5224 2417 5287 contrahere
2448 5221 2675 5291 volunt,
2711 5238 2787 5282 ne
2811 5218 3133 5301 participes
3153 5214 3485 5276 alienorum
3519 5231 3730 5304 pecca-

329 5302 597 5384 ἀλλήλους
655 5314 1115 5391 συμφθειρόμενοι,
1196 5307 1432 5367 τουτέστι
1510 5307 1688 5390 πατὴρ
1745 5315 1819 5376 εἷς
1877 5327 1978 5382 γυ..

2071 5322 2257 5376 lorum
2282 5309 2750 5375 ﬁantJncestum
2779 5305 3220 5370 matrimonium
3254 5321 3372 5365 non
3405 5302 3729 5366 conﬁrma-

1672 5481 1919 5547 VARIIE
1962 5479 2399 5549 LECTIONES.

407 5591 463 5637 33
504 5590 708 5671 φονεία.
793 5587 849 5633 ³9
878 5589 1063 5666 ἀπωθῇ
1095 5590 1218 5655 τῆς.
1305 5586 1369 5637 40
1409 5587 1854 5667 ἐπιμιαινόμενοι,
1941 5592 1995 5644 41
2029 5595 2073 5650 εἰ
2102 5593 2181 5670 μή
2212 5613 2299 5648 πω
2327 5591 2444 5655 τάς.

406 5806 530 5889 (20)
565 5806 606 5870 ι.
641 5809 746 5869 38.
776 5805 806 5885 §
835 5802 1009 5868 Idem
1045 5801 1336 5867 Pollioni.
1374 5802 1444 5868 D.
1478 5801 1556 5865 ad
1584 5801 1628 5866 Ι.
1659 5802 1780 5870 Jul.
1810 5697 2146 5871 Demagi‘tif.
