4120 6426
422 379 569 444 1271

1803 333 1938 443 ius
1978 379 2427 444 CANONICUM

3652 371 3808 438 1272

418 520 537 580 tur.
566 512 830 595 Ideoque
877 513 929 575 si
986 519 1124 578 ante
1177 512 1614 576 accusationem
1665 513 1923 576 solutum
1975 513 2068 590 sit,

2160 528 2320 571 ναϊκα
2348 514 2482 590 υἱοῦ,
2533 512 2570 581 ἢ
2613 513 2718 578 υἱὸς
2775 514 2848 576 εἰς
2907 524 3134 590 γυναῖκα
3203 511 3422 595 πατρὸς,
3471 507 3633 586 ἤγουν
3690 529 3809 582 μη-

421 621 596 684 pana
614 601 964 666 remittitur.
999 601 1064 663 In
1093 599 1319 682 nuptiis
1365 599 1612 663 incestis
1644 618 1752 681 per
1782 599 2070 678 ignoran-

418 690 561 754 tiam
609 691 950 766 contractis,
989 689 1222 753 veniam
1270 689 1372 754 dat
1421 698 1542 753 tam
1573 689 1862 761 Ecclesia,
1895 709 2072 771 quam

419 781 645 862 peccati
677 780 993 847 correctio.
1046 779 1410 853 Praesertim,
1442 779 1491 840 si
1523 798 1633 840 nec
1665 778 1806 840 dum
1839 779 1938 860 qui
1973 798 2073 841 eas

420 869 741 932 accusavit.
773 868 886 942 Qui
917 888 983 932 se
1014 867 1254 950 proprio
1306 867 1580 948 sanguini
1631 866 1886 928 miscent
1913 868 2068 949 (2|),

423 958 548 1020 sive
582 966 859 1038 parentes
887 977 1024 1021 cum
1048 957 1277 1033 liberis,
1303 957 1426 1019 sive
1458 955 1631 1018 liberi
1663 975 1798 1018 cum
1817 958 2078 1036 parenti-

420 1045 553 1122 bus,
588 1047 678 1109 vel
703 1047 917 1110 fratres
966 1066 1100 1110 cum
1132 1045 1464 1122 sororibus,
1499 1045 1692 1124 gladio
1726 1046 2070 1126 puniuntor.

419 1134 534 1209 Qui
566 1145 763 1199 autem
793 1155 865 1200 ex
893 1136 1009 1199 alio
1031 1135 1404 1216 cognationis
1434 1135 1620 1214 gradu
1669 1133 1923 1196 invicem
1955 1133 2073 1197 sibi

422 1231 693 1305 stuprum
724 1224 1058 1300 intulerint,
1114 1223 1294 1286 veluti
1338 1230 1508 1304 pater
1557 1225 1754 1296 nurui,
1788 1223 1877 1286 vel
1912 1223 2071 1286 ﬁlius

419 1313 594 1375 uxori
620 1313 824 1394 patris,
859 1314 975 1376 hoc
1007 1321 1120 1394 est,
1153 1330 1452 1387 noverca,
1482 1311 1579 1374 vel
1614 1311 1856 1374 vitricus
1884 1313 2066 1393 privi-

421 1419 575 1482 gna,
632 1402 724 1463 vel
781 1402 964 1464 frater
1021 1401 1192 1463 uxori
1241 1401 1463 1482 fratris,
1523 1401 1614 1462 vel
1671 1409 1914 1481 patruus
1972 1409 2073 1465 aut

419 1490 744 1556 avunculus
809 1491 945 1553 filia
1015 1490 1213 1552 fratris
1283 1498 1383 1552 aut
1441 1491 1707 1571 sororis,
1763 1491 1853 1552 vel
1913 1491 2072 1554 filius

418 1579 615 1641 fratris
645 1588 745 1643 aut
787 1579 1034 1660 sororis,
1080 1579 1278 1642 amita
1325 1580 1416 1642 vel
1447 1588 1805 1642 matertera.
1841 1580 1930 1642 vel
1969 1580 2071 1663 qui

417 1667 651 1731 duabus
725 1668 1053 1744 sororibus,
1129 1677 1231 1730 aut
1302 1669 1476 1732 matri
1548 1678 1808 1732 externa
1866 1688 1934 1732 ac
1990 1669 2069 1732 il-

417 1756 532 1820 lius
591 1757 725 1820 ﬁlia
781 1757 979 1821 sciens
1031 1757 1113 1818 ita
1167 1776 1232 1820 se
1292 1758 1540 1835 miscet;
1602 1757 1696 1821 his
1753 1759 1952 1834 simul,
2013 1767 2072 1822 et

2155 603 2354 682 τρυιὰν,
2389 602 2694 682 ἢπατρῷὸς
2754 603 2826 664 εἷς
2884 600 3174 679 προγονὴν,
3234 598 3271 666 ἢ
3327 594 3548 676 ἀδελφὸς
3594 609 3674 660 εϊς
3707 617 3808 672 γυ-

2157 706 2314 748 ναῖκα
2364 687 2608 770 ἀδελφοῦ,
2669 690 2705 758 ἢ
2748 693 2894 753 θεῖος
2942 690 3014 752 εἷς
3073 687 3318 762 ἀνεψιὰν,
3381 685 3417 753 ἢ
3487 684 3703 759 ἀνεψιὸς
3737 684 3810 748 εἷς

2153 781 2251 848 τὴν
2278 780 2440 848 αὐτῆς
2493 777 2772 858 θογατέρα,
2834 779 2921 835 καὶ
2975 778 3029 834 ἐν
3089 774 3282 846 εἷδήσει
3340 777 3483 832 οὗτοι
3513 772 3571 822 49
3619 772 3808 848 μιθνύ-

2154 870 2316 949 θείαν,
2379 870 2414 937 ἢ
2471 870 2542 934 εἷς
2601 867 2688 924 δύο
2719 866 2966 948 ἀδελφὰς,
3027 866 3063 934 ἢ
3117 867 3188 929 εἷς
3261 863 3464 942 μητέρα
3508 862 3658 929 ξένην
3719 862 3809 916 καὶ

2156 981 2328 1034 μενοι,
2386 959 2703 1033 τυπτόμενοι
2801 956 3298 1035 ῥινοκοπείσθωσαν,
3394 953 3542 1008 αὖτοί
3592 972 3649 1006 τε
3718 950 3809 1005 καὶ

2154 1049 2248 1112 αἶς
2304 1046 2716 1128 σδνεφθάρησαν.
2799 1048 2859 1102 Οἱ
2914 1045 3044 1124 πρὸς
3101 1043 3273 1121 γάμον
3330 1039 3709 1115 συναπτόμενοι
3772 1037 3808 1105 ἢ

2154 1133 2329 1200 ἄλλως
2403 1140 2664 1215 σαρκικῶς
2737 1137 3174 1215 συμφθειρομενοι
3256 1128 3548 1210 ἐξάδελφοι,
3610 1130 3698 1184 καὶ
3755 1133 3804 1186 οἱ

2155 1223 2206 1290 ἐξ
2247 1225 2418 1282 αὐτῶν
2460 1223 2760 1300 τικτόμενοι
2809 1219 2998 1286 παῖδες
3039 1222 3127 1277 καὶ
3177 1221 3363 1298 μόνον,
3410 1219 3446 1286 ἢ
3493 1219 3581 1274 καὶ
3628 1217 3807 1294 πατὴρ

2155 1315 2242 1371 καὶ
2297 1315 2406 1378 υἶὸς
2461 1314 2590 1392 πρὸς
2647 1311 2852 1390 μητέρα
2911 1307 3218 1391 [εἰσιόντες]
3291 1309 3378 1364 καὶ
3429 1305 3705 1385 θυλατέρα,
3768 1305 3804 1372 ἢ

2153 1401 2240 1460 δύο
2285 1399 2503 1482 ἀδελφοὶ
2556 1403 2628 1466 εἰς
2700 1399 2787 1457 δύο
2837 1397 3089 1481 ἀδελφὰς,
3133 1397 3169 1466 ἢ
3229 1395 3316 1454 δύο
3387 1393 3599 1476 ἀδελφοὶ
3669 1396 3802 1474 πρὸς

2155 1491 2359 1570 μητέρα
2416 1492 2504 1547 καὶ
2553 1489 2830 1570 θυγατέρα,
2886 1491 3016 1566 πρὸς
3100 1495 3176 1562 τῷ
3253 1491 3516 1567 χωρισμῷ
3572 1485 3658 1540 καὶ
3715 1506 3805 1539 τυ-

2155 1569 2486 1655 πτέσθωσαν,
2549 1569 2606 1637 Ὀ
2663 1585 2730 1655 τῇ
2787 1576 2888 1651 ἱδίᾳ
2956 1577 3216 1650 συντέκνῳ
3277 1575 3313 1643 ἢ
3371 1573 3590 1648 ὀνόματι
3635 1573 3804 1652 γέμου

2155 1672 2494 1748 μιγνύμενος,
2551 1667 2587 1734 ἧ
2645 1669 2733 1724 καὶ
2791 1666 2966 1730 ἄλλως
3026 1665 3285 1744 λαθραίως
3341 1661 3800 1739 συμπλεκόμενος,

2153 1758 2268 1834 ἅμα
2296 1765 2364 1835 τῇ
2410 1757 2543 1834 αὖτῇ
2594 1755 2992 1834 ῥινοκοπείσθω.
3041 1756 3099 1812 El.
3156 1752 3210 1809 δὲ
3251 1749 3507 1832 ὕπανδρος
3565 1749 3680 1823 εἴη,
3714 1752 3806 1807 καὶ

417 1845 791 1924 mulieribus,
859 1865 1006 1929 quas
1055 1854 1420 1928 stuprarunt,
1479 1846 1828 1923 verberalis,
1892 1867 2066 1911 nares

2154 1845 2516 1924 τυμτέσθωσαν
2545 1847 2677 1926 πρὸς
2723 1845 2914 1918 τούτῳ,

419 1933 852 1998 abscinduntor
879 1927 1037 2013 (ῃ).
1069 1927 1182 2007 Qui
1212 1927 1592 1998 matrimonio
1624 1935 2092 2017 conjunguntur,
2124 1936 2214 1998 vel
2245 1935 2421 1996 aliter
2449 1933 2763 2015 complexu
2798 1931 2997 1994 carnis
3018 1949 3152 1993 sese
3182 1937 3451 2012 stuprant
3479 1927 3803 2012 patrueles,

419 2031 479 2084 et
509 2042 579 2084 ex
609 2023 698 2084 eis
735 2024 1005 2104 prognati
1036 2024 1208 2086 liberi
1237 2024 1540 2106 duntaxat,
1573 2025 1661 2088 vel
1695 2033 1862 2104 pater
1891 2034 1949 2088 et
1981 2026 2136 2088 ﬁlius
2167 2043 2302 2086 cum
2355 2031 2542 2085 matre
2591 2041 2660 2084 ac
2693 2023 2835 2098 lilia,
2868 2021 2958 2083 vel
3003 2020 3121 2082 duo
3149 2020 3362 2083 fratres
3395 2039 3529 2081 cum
3566 2019 3811 2081 duabus

415 2111 748 2189 sororibus,
784 2114 877 2177 vel
905 2113 1022 2175 duo
1045 2113 1254 2176 fratres
1282 2133 1417 2177 cum
1451 2133 1613 2176 mare
1637 2133 1704 2176 ac
1736 2115 1874 2189 tilia,
1928 2124 2142 2194 prater
2171 2113 2612 2194 separationem
2654 2115 2830 2174 etiam
2879 2109 3269 2173 verberantor
3319 2110 3472 2191 (23).
3522 2107 3632 2180 Qui
3664 2127 3804 2169 cum

416 2218 526 2261 sua
553 2209 880 2264 commatre
913 2204 1002 2265 vel
1037 2204 1279 2266 nomine
1309 2205 1594 2285 conjugii,
1629 2204 1716 2265 vel
1747 2205 1923 2266 etiam
1953 2205 2127 2268 aliter
2156 2203 2309 2266 clam
2343 2221 2470 2265 rem
2496 2201 2694 2278 habet,
2731 2219 2847 2264 una
2877 2219 3012 2263 cum
3044 2219 3113 2262 ea
3143 2216 3318 2264 nares
3347 2198 3600 2261 amittat.
3633 2197 3807 2271 Quod

415 2287 468 2350 si
498 2301 829 2357 commater
857 2291 1030 2354 alteri
1064 2292 1194 2354 viro
1228 2301 1415 2375 nupta
1441 2294 1540 2375 sit,
1577 2295 1688 2356 hoc
1720 2293 1898 2356 etiam
1933 2293 2188 2376 amplius
2219 2291 2626 2357 verberantor.

582 2380 671 2443 De
699 2379 795 2442 his
823 2381 931 2460 qui
959 2383 1347 2445 matrimonio
1376 2383 1493 2445 sibi
1517 2381 1799 2446 covulant
1829 2382 1953 2447 Deo

1049 2470 1451 2526 consecratas.

499 2552 701 2613 Canon
732 2557 955 2632 quarta
985 2551 1194 2631 synodi
1229 2551 1495 2614 decimus
1524 2560 1725 2615 sextus
1760 2551 1863 2634 ait,
1888 2554 2070 2632 virgi-

415 2657 579 2714 nem,
612 2657 743 2722 qua
772 2638 1023 2702 Domino
1047 2639 1169 2702 Deo
1187 2659 1251 2703 se
1268 2641 1576 2718 dicaverit,
1595 2642 1919 2723 itidemque
1932 2641 2066 2704 soli-

417 2727 784 2802 tarium,non
807 2727 1030 2791 habere
1059 2729 1362 2794 licentiam
1391 2730 1781 2794 contrahendi
1808 2731 2062 2810 nuptias.

415 2814 584 2889 Quod
614 2816 664 2876 si
695 2817 984 2897 promissa
1031 2818 1326 2895 violarint,
1361 2838 1396 2881 a
1432 2820 1853 2882 communione
1899 2839 2068 2883 sacra

414 2906 840 2984 segregandos.
873 2907 1131 2988 Tempus
1161 2917 1358 2970 autem
1393 2909 1753 2990 paenitentia
1774 2909 2061 2992 ipsorum,

415 2993 533 3055 ioci
556 2993 870 3074 episcopus
885 3013 988 3075 pro
1003 2998 1290 3078 cujusque
1309 2997 1702 3079 dispositione
1721 2998 2062 3065 constituet.

414 3083 564 3145 Nam
588 3089 646 3144 et
671 3083 989 3163 Gregorius
1027 3084 1129 3148 ille
1149 3085 1448 3166 Thologus
1480 3087 1562 3148 ait
1591 3107 1604 3149 :
1631 3085 1690 3149 Si
1717 3086 2070 3167 sponsiones

415 3188 557 3252 erga
605 3170 880 3234 homines
926 3173 1106 3237 facias
1170 3175 1366 3237 ﬁrmat
1425 3174 1583 3238 Deus
1640 3175 2065 3256 interveniens,

2243 2405 2266 2440 ι
2319 2385 2440 2460 Περὶ
2469 2389 2574 2440 τῶν
2602 2381 2687 2438 ἐπὶ
2716 2381 2874 2459 γάμῳ
2901 2376 3281 2456 λαμϐανόντων
3311 2385 3388 2454 τῷ
3431 2385 3546 2453 Θεῷ
3575 2378 3724 2458 ἀφιε-

2799 2460 3036 2540 ρωμένας
3112 2483 3139 2515 n

2241 2543 2297 2610 Ὀ
2343 2541 2444 2626 ις’
2499 2552 2595 2617 τῆς
2649 2548 2694 2606 δ’
2765 2547 2977 2606 συνόδου
3046 2550 3221 2606 κανὼν
3307 2549 3560 2626 παρθένον
3643 2551 3806 2629 φησὶν

2155 2646 2436 2702 ἀναθεῖσαν
2506 2644 2700 2712 ἑαυτὴν
2752 2651 2828 2718 τῷ
2895 2643 3137 2720 Δεσπότη
3194 2648 3330 2718 Θεῷ,
3392 2642 3642 2706 ὡσαύτως
3717 2643 3807 2698 καὶ

2151 2742 2469 2811 μοναζοντπν
2528 2734 2605 2808 μὴ
2694 2732 2885 2800 ἐξεῖναι
2960 2733 3118 2812 γάμῳ
3190 2729 3579 2811 προσομιλεῖν*
3645 2732 3687 2786 εἷ
3749 2729 3805 2786 δὲ

2149 2821 2445 2903 παραϐαῖεν
2501 2824 2564 2878 τὰ
2621 2821 3038 2902 ὡμολογημένα,
3093 2826 3190 2888 τῆς
3269 2820 3410 2883 θείας
3471 2820 3805 2901 ἀφορίζεσθαι

2148 2913 2447 2975 κοινωνίας.
2513 2913 2613 2970 Τὸν
2684 2910 2738 2966 δὲ
2794 2912 2986 2992 χρόνον
3043 2915 3137 2976 τῆς
3200 2913 3371 2968 αὑτῶν
3429 2909 3708 2985 μετανοίας
3777 2911 3806 2964 ὁ

2149 3003 2284 3059 κατὰ
2351 3001 2512 3057 τόπον
2564 3001 2850 3062 ἐπίσκοπος
2909 3001 3040 3076 πρὸς
3094 2997 3318 3060 διάθεσιν
3391 2999 3610 3056 ἑκάστου
3654 3000 3801 3054 οἰκο-

2152 3091 2396 3166 νομήσει.
2429 3090 2570 3158 Φησὶ
2613 3090 2712 3169 γὰρ
2779 3090 2865 3145 καὶ
2913 3090 2948 3156 ἡ
2991 3087 3241 3166 θεολόγος
3284 3089 3570 3168 Γρηγορίου
3600 3089 3752 3168 φωνή
3786 3107 3801 3120 -

2156 3182 2211 3238 Εἰ
2264 3181 2364 3258 γὰρ
2406 3179 2499 3244 τὰς
2543 3181 2674 3258 πρὸς
2726 3177 3028 3258 ἀνθρώπους
3087 3175 3372 3256 ὁμολογίας
3419 3174 3644 3252 ἐμπεδοτ
3673 3179 3807 3240 Θεὸς

413 3268 698 3340 quantum
734 3262 1064 3341 periculum
1098 3263 1302 3339 fuerit,
1337 3263 1388 3326 si
1415 3273 1746 3346 pactorum,
1773 3283 1903 3346 qua
1932 3282 2068 3326 cum

2154 3267 2311 3344 μέσος
2343 3266 2722 3348 παραληφθεὶς,
2782 3267 2946 3332 πόσος
3005 3268 3031 3323 ὁ
3088 3264 3318 3329 κίνδυνος
3371 3267 3444 3323 ὧν
3471 3267 3602 3344 πρὸς
3648 3268 3808 3323 αὺτὸν

413 3349 544 3429 ipso
576 3348 701 3410 Deo
731 3348 1009 3426 fecimus,
1059 3351 1379 3416 violatores
1427 3352 1836 3416 inveniamur?
1864 3357 2065 3416 Canon

412 3444 612 3500 autem
644 3455 725 3514 iv,
755 3440 962 3519 synodi
991 3449 1193 3514 sexta,
1219 3461 1376 3517 eum,
1400 3441 1500 3524 qui
1517 3462 1654 3504 cum
1671 3441 1922 3504 muliere
1944 3441 2065 3504 Deo

412 3537 760 3592 consecrata
788 3530 926 3614 coit,
963 3531 1086 3594 sive
1115 3532 1346 3596 scilicet
1375 3533 1478 3596 illa
1506 3534 1583 3595 sit
1603 3534 1790 3614 virgo,
1824 3534 1945 3595 sive
1975 3535 2066 3596 vi-

414 3617 556 3696 dua,
589 3617 824 3681 abdicat
851 3620 1068 3697 officio,
1100 3621 1150 3683 si
1175 3623 1252 3684 sit
1282 3623 1572 3701 clericus;
1606 3623 1694 3684 sin
1721 3623 1928 3697 laicus,
1962 3641 2065 3684 re-

413 3707 593 3788 legat.
625 3711 745 3772 Lex
777 3709 1018 3790 quidem
1050 3710 1226 3772 aliam
1252 3730 1487 3791 poenam
1518 3711 1752 3792 inﬂigit.
1775 3712 2064 3774 Caeterum

413 3815 545 3878 qua
569 3815 726 3859 nunc
755 3797 970 3860 dicturi
998 3816 1204 3861 sumus
1235 3819 1307 3863 ex
1337 3800 1725 3882 sequentibus
1751 3800 1848 3861 hic
1881 3819 2064 3862 cano-

414 3884 612 3959 nibus,
644 3886 725 3948 ita
739 3886 980 3968 quidem
1003 3887 1302 3950 damnavit
1318 3907 1522 3952 rerum
1549 3889 1921 3965 vicissitudo,
1949 3909 2066 3951 non

412 3973 667 4055 amplius
695 3983 759 4035 ut
787 3974 848 4035 in
882 3992 991 4038 usu
1016 3975 1156 4059 sint,
1189 3977 1294 4040 sed
1338 3988 1711 4059 exponanlur
1741 3986 1965 4041 tamen.
1989 3995 2067 4040 xv

413 4081 601 4125 canon
632 4063 841 4144 synodi
873 4072 1139 4146 quarta:
1176 4065 1304 4129 Non
1336 4068 1662 4142 ordinatur,
1696 4067 1907 4148 inquit,
1944 4087 2068 4129 mu-

2147 3358 2365 3434 ἐθέμεθα
2445 3359 2534 3414 τὸν
2627 3358 2756 3413 Θεὸν
2853 3357 3146 3430 συνθηκῶν,
3247 3357 3442 3412 τούτων
3500 3353 3808 3435 παραϐάτας

2147 3452 2518 3531 εὖρισκεσθαις
2579 3441 2636 3508 Ὀ
2687 3448 2742 3506 δὲ
2784 3447 2830 3506 δ’
2886 3454 2984 3517 τῆς
3042 3437 3125 3523 ς’
3178 3446 3392 3505 συνόδου
3448 3449 3538 3504 τὸν
3597 3451 3811 3527 γυναικὶ

2146 3539 2466 3618 μιγνόμενον
2557 3538 2892 3620 ἀφιερωμένῃ
2967 3544 3104 3612 Θεῷ,
3167 3536 3298 3612 ,εἴτε
3384 3535 3636 3614 παρθένος
3709 3535 3804 3604 εἴη

2147 3625 2375 3704 δηλαδὴ,
2438 3626 2550 3684 εἴτε
2613 3629 2784 3708 χήρα,
2855 3625 3112 3706 κληρικὸν
3191 3626 3287 3683 μὲν
3346 3624 3468 3682 ὄντα
3546 3627 3803 3705 καθεῐρετ,

2147 3714 2339 3772 λαϊκὸν
2384 3714 2438 3773 δὲ
2465 3717 2720 3797 ἀφορίζει,
2787 3715 2973 3779 Αλλως
3030 3713 3084 3771 δὲ
3140 3717 3167 3771 ὁ
3224 3715 3383 3790 νόμος
3412 3713 3651 3786 κολάζοι,
3684 3721 3806 3774 Τῶν

2149 3804 2329 3880 μέντοι
2385 3821 2504 3870 τοῖς
2564 3806 2682 3874 ἐξῆς
2778 3803 3158 3884 ῥηθησομένων
3249 3805 3482 3876 κανόσιν,
3545 3803 3806 3880 ἆπραξιαν

2149 3895 2244 3970 μὲν
2278 3897 2312 3962 ἡ
2383 3898 2488 3952 τῶν
2547 3895 2872 3976 πραγμάτων
2917 3893 3317 3974 κατεψηφίσατο
3371 3892 3668 3967 μετακολὴ,
3702 3892 3802 3949 λε-

2147 3982 2317 4063 γέσθω
2379 4006 2439 4063 γε
2499 3973 2628 4060 μήν,
2678 3978 2736 4042 Ὀ
2794 3973 2863 4039 ιε’
2921 3987 3020 4052 τῆς
3077 3981 3119 4038 δ’
3149 3973 3152 3974 ν
3183 3980 3395 4039 συνόδου
3452 3984 3649 4058 κανὼν,
3710 3983 3803 4050 Μὴ

2147 4073 2574 4152 χειροτονείσθῶ,
2620 4075 2770 4154 φησὶ,
2818 4072 2950 4152 γυνὴ
3002 4070 3263 4147 διάκονος,
3311 4072 3430 4152 πρὶν
3487 4073 3559 4135 εἷς
3602 4092 3800 4129 τεοσα-

411 4152 523 4214 lier
552 4150 888 4214 diaconissa
903 4152 1082 4242 prius
1112 4174 1287 4236 quam
1319 4156 1392 4218 ad
1425 4175 1644 4219 annum
1677 4157 2064 4237 quadragesi-

2154 4150 2404 4239 ρακοστὸν
2448 4150 2788 4231 αὖτὴνῆκεινν
2834 4150 3068 4242 χρόνον.
3126 4161 3236 4229 Τὴν
3279 4150 3499 4236 δὲμετᾶ
3527 4160 3625 4228 τὴν
3673 4183 3803 4241 χει-

411 4257 591 4331 mum
603 4240 964 4331 pervenerit.
982 4239 1142 4331 Qua
1171 4261 1308 4306 vero
1359 4253 1492 4325 post
1522 4245 1877 4308 ordinatiem
1914 4265 2062 4307 con-

2154 4250 2383 4329 ροτονίαν
2443 4253 2516 4318 εἰς
2571 4252 2670 4320 τὴν
2712 4239 3187 4331 θείανψὺὅρίσασαν
3258 4250 3439 4330 χάριν,
3513 4253 3601 4306 καὶ
3644 4251 3808 4328 γάμοι)

411 4327 656 4419 tumelia
679 4328 930 4419 gratiam
963 4329 1219 4419 divinam
1263 4335 1551 4408 all‘ecerit,
1589 4343 1648 4396 et
1679 4334 1901 4415 nuptiis
1932 4353 2066 4397 sese

2154 4327 2340 4407 ἑαυτὴν
2397 4338 2696 4413 ἐπιδοῦσαν,
2761 4342 2955 4407 ταύτην
3019 4361 3076 4394 τε
3151 4339 3637 4419 ἆναθεματίζεσθαι,
3714 4342 3806 4396 καὶ

409 4417 722 4518 tradiderit
753 4436 769 4518 ξ
809 4427 927 4481 tam
959 4419 1088 4501 ipsa
1113 4423 1446 4524 percutitur
1475 4424 2061 4524 anatbemateguam

2154 4429 2240 4484 τὸν
2291 4428 2424 4506 αὐτῇ
2486 4427 2870 4510 στμφθαρέντα.
2939 4420 2996 4486 ιΟ
3064 4426 3126 4484 δὰ
3183 4427 3350 4505 μέγας
3422 4417 3690 4494 Βασίλειος
3748 4433 3808 4486 ἓν

409 4505 511 4587 qui
541 4507 772 4597 stupuri
796 4527 931 4569 cum
961 4526 1030 4570 ea
1048 4511 1544 4575 consuetuﬂinem
1564 4512 1788 4575 habuit.
1816 4513 2068 4575 Basilius

2154 4524 2226 4592 τῷ
2254 4515 2334 4574 κδ’
2364 4505 2569 4592 κανόνι,
2604 4505 2663 4577 lii
2697 4505 2797 4574 *καὶ
2854 4515 3016 4597 ἀνδρὶ,
3073 4517 3224 4597 φησὶ,
3271 4517 3590 4597 χηρεύσαντι
3635 4517 3802 4582 οὐδεὶς

408 4613 657 4685 magnus
688 4595 750 4658 in
782 4615 1011 4662 canone
1038 4616 1176 4662 xxxv
1209 4617 1224 4663 :
1258 4601 1445 4680 Licet,
1482 4603 1697 4685 inquit,
1747 4603 1867 4664 viro
1912 4603 2067 4667 facto

2154 4606 2407 4664 ἐπίκειται
2437 4609 2624 4684 νόμος,
2682 4609 2710 4664 ὁ
2767 4595 2988 4663 κωλύων
3053 4604 3483 4684 δευτερογαμετν,
3529 4609 3573 4662 εἰ
3629 4609 3708 4682 μὴ
3743 4611 3805 4665 τὸ

406 4684 772 4776 viduonulla
801 4687 895 4749 lex
926 4687 1243 4765 incumbit,
1263 4709 1395 4772 qua
1419 4684 1715 4755 secundas
1743 4692 1798 4753 ei
1830 4693 2068 4771 nuptias

2154 4703 2255 4752 τῶν
2306 4695 2542 4775 διγάμων
2585 4697 2849 4772 ἐπιτίμιον
2889 4697 3051 4772 μόνον
3087 4713 3099 4725 ⁸
3138 4693 3274 4750 ἀλλὰ
3317 4717 3378 4773 γε
3421 4698 3520 4763 τὴν
3547 4704 3624 4770 τῷ
3659 4699 3798 4776 τάγ-

407 4773 744 4853 probibeat,
798 4783 1044 4868 excepta
1083 4776 1367 4841 duntaxat
1425 4799 1598 4860 pana
1641 4781 2011 4860 digamorum
2048 4799 2062 4844 :

2154 4808 2275 4861 ματι
2347 4773 2454 4843 τῶν
2517 4795 2702 4868 χηρῶν
2787 4785 3177 4864 καταλεγεῖσαν
3251 4799 3501 4865 γυναῖκα,
3585 4785 3804 4866 ὕστερον

405 4868 604 4925 tamen
639 4881 770 4956 eam
801 4865 1137 4956 mulierem,
1169 4885 1301 4948 qua
1331 4868 1640 4932 viduarum
1693 4870 1754 4932 in
1785 4869 2060 4932 ordinem

2154 4876 2490 4954 γαμουμένην
2521 4865 2735 4956 ἔκρινεν
2822 4877 2850 4930 ὁ
2939 4865 3261 4936 Ἀπόστολος
3313 4878 3654 4954 παρορᾶσθαι,
3714 4865 3807 4934 καὶ

407 4961 701 5044 cooptata,
733 4953 1021 5044 deinceps
1065 4956 1357 5036 nupserit,
1392 4957 1688 5021 vitandam
1742 4959 2062 5041 Apostolus

2154 4963 2225 5039 μὴ
2257 4963 2535 5044 τρέφεσθαι
2566 4953 2709 5044 παρὰ
2739 4965 2837 5031 τῆς
2868 4962 3214 5031 Ἐκκλησίας.

402 5041 624 5118 statuit,
659 5060 770 5103 nec
791 5043 1063 5106 alendam
1095 5044 1169 5106 ab
1201 5047 1490 5109 Ecclesia.

483 5127 799 5210 Sexaginta
827 5151 966 5197 vero
995 5151 1265 5198 amorum
1301 5137 1540 5217 mulier,
1587 5139 1638 5200 si
1669 5137 1962 5202 secundas
1987 5137 2059 5200 ad

2231 5133 2293 5200 Ἠ
2346 5143 2525 5219 μέντοι
2603 5142 2985 5211 ἑξηκοντούτης
3045 5143 3090 5198 εἰ
3155 5142 3287 5221 πρὸς
3367 5139 3605 5221 δεύτερσν
3657 5144 3804 5202 ἀπο-

1727 5315 1981 5382 VARUE
2027 5317 2479 5385 LECTIONES.

475 5410 540 5464 4³
567 5413 761 5479 οὕτως,

478 5623 606 5719 (ἓξ)
636 5624 897 5720 Basilio,
926 5625 1031 5718 lib.
1090 5646 1193 5709 ιχ,
1215 5629 1624 5720 ,μβ-,ζοᾶρυ
1660 5638 1760 5701 69.
1797 5657 1867 5702 ex
1903 5533 2220 5720 ithpO.TJE.

453 5637 606 5725 με)
629 5637 897 5725 postue,
926 5637 1031 5725 lib.
1090 5646 1193 5709 1.x,
1214 5637 1624 5725 .tilt.‘§37,"cap.
1660 5638 1760 5701 69.
1797 5657 1867 5702 ex
1903 5637 2063 5720 imp.
2227 5637 2530 5725 (@?)l_)icti
2557 5637 2881 5725 lib.ne_t_tit.
2918 5656 3050 5720 cap.
3085 5637 3187 5700 70.

393 5703 644 5786 alicujus
669 5705 1026 5772 recentioris
1060 5703 1614 5780 constitutionibus.

2222 5717 2352 5800 (23)
2383 5723 2523 5802 Cap.
2557 5719 2629 5780 τι
2667 5717 2817 5783 ibid.
