4120 6436
481 368 636 436 1275

1847 375 1877 436 J
1886 372 1977 436 US
2019 370 2488 438 CANONICUM.

3702 371 3848 438 1276

480 510 574 566 tur
603 501 842 584 nuptias,
867 512 928 566 et
956 504 1246 567 nefarium
1269 504 1711 567 matrimonium
1736 504 2099 567 distrahatur

2209 506 2537 588 ἁμαρτωλῶν
2598 507 2820 588 κλῆρον,
2918 486 2999 565 Ἂν
3070 506 3127 566 δὲ
3196 505 3408 588 παραϐῇ
3464 531 3542 573 τις
3600 512 3665 564 τὰ
3731 505 3847 588 παρ’

475 592 706 674 Quippe
724 612 837 655 non
854 593 1155 656 miscenda
1171 594 1408 656 misceri
1425 613 1541 655 non
1557 593 2107 676 debent,neclupsu:

2211 599 2368 673 ἡμῶν
2396 597 2686 676 ὁρισθέντα,
2733 597 3075 678 ἀφοριζέσθω.
3127 600 3185 657 Εἰ
3239 599 3339 677 γὰρ
3391 599 3528 655 κατά
3579 599 3671 654 τὸν
3696 595 3848 654 πολι-

475 701 611 745 cum
643 682 873 745 ovicula
893 683 1284 765 copulandas,
1307 702 1417 746 nec
1444 703 1579 744 cum
1606 683 1879 765 portione
1910 684 2107 746 Christ

2210 689 2356 744 τικὸν
2412 687 2575 763 νόμον
2617 688 2787 765 γάμος
2831 688 3053 767 ὁρίζεται
3097 688 3342 745 κοινωνίαι
3399 687 3487 743 καὶ
3543 683 3848 765 συγκλήρω-

475 790 606 833 sors
650 779 1049 852 peccatorum.
1092 772 1151 836 Si
1203 773 1338 854 quis
1381 782 1575 835 autem
1610 792 1644 834 a
1673 772 1846 834 nobis
1884 773 2107 835 deﬁnit:

2209 797 2290 839 σις
2320 776 2457 833 θείου
2486 798 2544 833 τε
2575 777 2663 833 καὶ
2706 777 3027 857 ἀνθρωπίνου
3056 774 3275 856 δικαίου,
3322 776 3437 839 πῶς
3497 774 3560 831 ἂν
3601 771 3848 849 συμϐαῖεν

478 869 879 942 transgressus
911 862 1110 944 fuerit,
1144 872 1507 948 segregatur.
1560 860 1789 944 Quippe
1819 861 1869 923 si
1899 881 2121 924 secun-

474 949 619 1012 dum
650 949 840 1030 legem
890 950 1124 1012 civilem
1163 952 1302 1032 (24),
1351 950 1794 1013 matrimonium
1837 952 2123 1013 deﬁnitur

474 1056 607 1101 esse
633 1040 889 1101 societas
912 1047 970 1101 et
987 1040 1352 1102 consortium
1377 1040 1561 1102 divini
1584 1059 1652 1102 ac
1678 1040 1923 1102 humani
1939 1040 2118 1120 juris,

472 1127 769 1208 quomodo
798 1128 1137 1191 consentire
1159 1138 1380 1210 queant
1402 1129 1558 1193 inter
1589 1148 1676 1212 se,
1710 1129 1810 1211 qui
1842 1129 1917 1191 de
1938 1130 2115 1191 maxi-

473 1216 585 1279 mis
614 1216 796 1278 animi
848 1217 1143 1280 dissident
1184 1219 1447 1282 affectu?
1477 1219 1577 1298 qui
1628 1220 1924 1281 contraria
1958 1219 2121 1281 circa

470 1304 649 1366 ﬁdem
674 1305 988 1368 sentiunt?
1012 1306 1386 1388 Quapropter
1408 1308 1580 1369 etiam
1608 1317 1737 1390 post
1758 1308 1974 1370 nefarii
2001 1327 2118 1370 ma-

2206 863 2462 934 ἀλλήλοις
2521 867 2568 922 οἱ
2598 866 2717 944 περὶ
2761 866 2826 921 τὰ
2872 865 3034 940 μείζω
3089 862 3451 945 διαφερόμενοι
3480 869 3548 940 τῇ
3614 864 3711 930 τῆς
3746 867 3846 936 ψυ-

2205 953 2313 1033 χῆς
2343 952 2591 1029 διαθέσει,
2640 953 2887 1011 τάναντία
2946 959 3253 1034 φρονοῦντες
3310 954 3428 1032 περὶ
3484 952 3583 1019 τὴν
3633 952 3843 1029 nio-civ;

2209 1044 2300 1098 Διὸ
2342 1044 2429 1099 καὶ
2489 1043 2623 1118 μετά
2677 1043 2777 1110 τὴν
2838 1041 2985 1099 λύσιν
3040 1049 3133 1099 τοῦ
3202 1042 3448 1116 ἀθεμίτου
3514 1041 3712 1121 γάμου,
3767 1040 3849 1095 καὶ

2201 1131 2531 1211 ἀφορίζεσθαι
2586 1133 2706 1195 τοὺς
2776 1129 3195 1211 παραϐαίνοντας
3253 1130 3396 1198 ἀξιοῖ
3431 1149 3444 1164 ⁸
3504 1128 3642 1187 ἀλλά
3697 1138 3848 1188 ταῦτα

2202 1221 2300 1295 μὲν
2356 1221 2473 1299 περὶ
2542 1227 2647 1277 τῶλ
2691 1221 2935 1300 γαμικῶς
2980 1222 3041 1277 τὸ
3085 1231 3173 1279 νῦν
3231 1220 3375 1276 εἶναι
3418 1217 3844 1296 συναπτομένων,

2199 1309 2286 1365 καὶ
2341 1307 2434 1364 τοῦ
2491 1309 2591 1383 μὲν
2661 1309 2778 1373 ἑνὸς
2838 1308 3028 1387 μέρους
3086 1311 3374 1386 αἱρετικοῖς
3431 1306 3846 1387 πρωανέχοντος

467 1393 737 1458 trimonii
794 1396 1177 1477 diremptum.
1239 1405 1706 1477 transgressores
1763 1396 1884 1458 vult
1942 1416 2107 1478 pruna

2199 1395 2447 1476 δόγμασι,
2495 1397 2712 1477 θατέρου
2755 1395 2810 1454 δὲ
2865 1399 2931 1453 τὰ
2986 1402 3085 1465 τῆς
3139 1399 3298 1477 ὀρθῆς
3355 1393 3734 1476 πρεσϐεύοντος
3762 1395 3848 1450 πί-

469 1483 916 1564 segregationis,
944 1486 1122 1549 afﬁci.
1148 1485 1218 1548 Et
1245 1487 1368 1548 haec
1394 1486 1633 1568 quidem
1658 1488 1731 1547 de
1758 1488 1849 1560 iis,
1873 1487 1973 1568 qui
1989 1488 2107 1567 jam

2199 1508 2390 1550 στεως.
2438 1487 2496 1544 Εἰ
2525 1484 2580 1543 δὲ
2627 1489 2715 1544 καὶ
2747 1486 2907 1568 ἄμφω
2949 1489 3013 1545 τὰ
3056 1486 3217 1566 μέρῃ,
3251 1488 3432 1567 φησὶν,
3469 1486 3557 1542 ὅτε
3587 1485 3845 1563 γαμικῶτ,

471 1573 850 1636 matrimonio
881 1576 1136 1657 copulati
1168 1585 1327 1657 sunt,
1361 1595 1475 1637 una
1509 1588 1673 1657 parte
1699 1575 1957 1638 decretis
1989 1578 2107 1639 hm~

2200 1573 2455 1642 συνῆλθον
2502 1579 2563 1631 τὸ
2610 1576 2865 1656 ἐξαρχῆς,
2918 1581 3015 1644 τῆς
3046 1583 3151 1633 τῶν
3181 1574 3465 1656 ὀρθοδόξων
3499 1573 3851 1651 ἡλλοτρίωντο

468 1662 674 1725 reticis
702 1663 959 1744 addicta,
994 1666 1179 1727 altera
1206 1674 1428 1727 rectam
1453 1665 1630 1727 ﬁdem
1665 1666 1922 1729 colente.
1949 1665 2107 1739 Quod

2199 1663 2384 1743 μοίρας
2429 1668 2549 1721 εἶτα
2604 1666 2666 1721 τὸ
2723 1666 2820 1740 μὲν
2870 1664 3088 1743 ἀπέγνω
3145 1666 3244 1732 τὴν
3300 1662 3574 1743 ἀληθειαν,
3636 1664 3851 1742 θάτερον

467 1752 518 1814 si
550 1761 797 1834 utraque
828 1772 984 1835 pars,
1019 1753 1236 1835 inquit,
1271 1774 1405 1816 cum
1437 1754 1509 1816 ab
1533 1754 1700 1816 initio
1724 1755 1952 1818 coirent
1976 1765 2033 1818 et
2057 1756 2107 1818 in

2199 1752 2256 1808 τὲ
2312 1760 2389 1827 τῷ
2431 1761 2616 1828 σκοπῷ
2666 1760 2770 1818 τιῦς
2825 1751 3035 1819 ἀσεὸίας
3094 1753 3251 1809 εἰσέτι
3308 1751 3561 1826 δουλεύει,
3611 1754 3673 1811 οῦ
3713 1751 3850 1828 παρὰ

2268 1848 2287 1849 η
2436 1843 2445 1849 .
2708 1842 2718 1849 .
2896 1841 2915 1849 -
2977 1841 2993 1849 -
3047 1845 3060 1849 -
3093 1842 3104 1849 .
3347 1832 3362 1849 .
3487 1840 3502 1849 .
3628 1846 3655 1849 μ
3795 1841 3805 1849 .

467 1832 936 1915 matrimonium,
957 1841 1030 1904 ab
1052 1832 1515 1905 orthodoxorum
1553 1843 1749 1905 aliena
1772 1853 1926 1906 ccetu
1951 1853 2107 1921 erat;

2196 1848 2353 1898 τοῦτο
2399 1843 2462 1898 τὸ
2516 1842 2836 1900 ωνοικὲσιον
2890 1841 3283 1912 διαλυθήσεται.
3347 1832 3439 1905 Ὦς
3484 1840 3539 1897 ἓν
3592 1846 3662 1917 τῇ
3721 1841 3848 1919 πρὸς

465 1930 684 1993 deinde
713 1950 831 1993 una
864 1932 1175 1994 veritatem
1205 1934 1460 2009 agnovit,
1488 1934 1677 1995 altera
1702 1932 1967 1996 tenebris
1993 1934 2107 1996 im-

2197 1931 2493 2011 Κορινθίους
2573 1932 2759 2011 πρώτῃ
2836 1933 2865 1988 6
2931 1930 3095 2010 μέγας
3154 1927 3428 2009 διορίζεται
3488 1936 3697 1994 Παῦλος
3732 1947 3747 1964 ·
3808 1929 3850 1984 εἷ

467 2019 704 2098 pietatis
732 2020 928 2082 adhuc
959 2020 1257 2082 serviente
1283 2041 1296 2082 :
1331 2040 1446 2082 non
1472 2031 1787 2103 propterea
1812 2024 2107 2086 matrimo-

2196 2020 2293 2097 γὰρ
2363 2023 2590 2099 αἱρεῖται
2673 2028 2750 2095 τῷ
2832 2020 3038 2095 ἀπίστῳ
3125 2033 3387 2077 συνοικεῖν
3464 2022 3499 2089 ἡ
3565 2031 3754 2087 πιστὴ,
3814 2018 3849 2085 ἢ

464 2109 625 2171 nium
658 2108 1035 2190 dissolvetur,
1050 2110 1549 2189 quemadmodum
1578 2110 1639 2171 in
1660 2113 1905 2191 epistola
1924 2115 2107 2192 prima

2196 2109 2490 2167 τοῦναντίον
2545 2112 2572 2166 6
2642 2111 2827 2173 πιστὸς
2896 2114 2963 2185 τῇ
3031 2108 3258 2182 ἀπίστῳ,
3325 2110 3403 2185 μὴ
3488 2107 3797 2188 χωριζέσθω
3831 2123 3844 2136 ’

2192 2197 2441 2276 ἡγίασται
2473 2200 2572 2277 γὰρ
2602 2201 2630 2255 6
2659 2196 2881 2261 ἄπιστος
2925 2197 3059 2276 ἀνὴρ
3122 2196 3175 2253 ἐν
3232 2204 3300 2274 τῇ
3360 2199 3587 2277 γυναικὶ,
3648 2198 3739 2253 καὶ
3788 2197 3847 2251 τὸ

2194 2286 2444 2362 ἔμπαλιν,
2512 2286 2657 2355 Πλὴν
2717 2285 2813 2366 ὅρα
2871 2286 3017 2351 ὅπως
3076 2287 3164 2342 καὶ
3221 2289 3249 2343 6
3313 2290 3456 2349 θεῖος
3515 2284 3846 2347 Ἀπόστολος

2191 2373 2579 2454 συγκαταϐάσει
2623 2377 2930 2456 χρώμενος.
2976 2377 3035 2433 Εἰ
3071 2378 3321 2454 αἱρεῖται,
3357 2376 3509 2456 φησὶ,
3555 2375 3616 2431 τὸ
3659 2376 3848 2431 πιστὸν

2192 2463 2352 2544 μέρος
2410 2455 2674 2523 συνοικεῖν
2716 2473 2794 2540 τῷ
2849 2465 3077 2538 ἀπίστῳ.
3128 2455 3306 2520 ΗΩυιτε
3359 2455 3402 2521 εί
3463 2465 3542 2541 μὴ
3586 2466 3843 2543 αἱρεῖται,

2188 2552 2563 2634 ἀναμφιϐόλως
2631 2557 2660 2611 6
2714 2555 2886 2633 γάμος
2944 2551 3249 2624 λυθήσεται.
3306 2553 3601 2628 Πέπεισμαι
3664 2550 3712 2609 δ’
3767 2550 3846 2607 ὅτι

2188 2651 2285 2709 τῆς
2342 2643 2519 2723 ἀρχῆς
2569 2643 2639 2711 ἦν
2682 2651 2870 2723 ταῦτα,
2935 2646 3024 2699 καὶ
3053 2650 3159 2699 τῶν
3200 2643 3494 2722 προοιμίων
3548 2652 3643 2701 τοῦ
3686 2643 3846 2721 κηρύ-

2188 2756 2415 2813 γματος.
2464 2736 2535 2793 Τὸ
2580 2732 2634 2791 δὲ
2689 2737 2923 2813 σήμερον
2969 2733 3122 2814 ἔχον,
3168 2739 3284 2796 πῶς
3313 2733 3429 2790 οἶόν
3472 2754 3529 2789 τε
3562 2730 3841 2812 Ἰουδαῖον,

459 2198 532 2259 ad
566 2197 900 2261 Corinthios
944 2218 1192 2278 magnus
1241 2199 1345 2260 ille
1376 2200 1590 2262 Paulus
1620 2201 1844 2263 statuit.
1879 2201 2110 2283 Quippe

463 2287 515 2351 si
546 2288 738 2350 ﬁdelis
770 2307 916 2349 uxor
943 2309 1076 2350 cum
1100 2288 1325 2351 inﬁdeli
1353 2288 1559 2350 marito
1583 2289 1925 2353 cohabitare
1947 2294 2106 2373 velit,

460 2377 550 2438 vel
586 2396 618 2438 e
643 2377 958 2446 contrario.
979 2378 1069 2440 vir
1091 2378 1284 2440 ﬁdelis
1314 2397 1447 2439 cum
1486 2378 1715 2441 inﬁdeli
1748 2382 2108 2454 muliere;ne

462 2466 1138 2549 distrahuntor.Quippe
1169 2467 1571 2529 sanctiﬁcatus
1595 2486 1677 2528 es!
1709 2470 1954 2532 maritus
1979 2471 2079 2532 inﬁ

461 2556 613 2618 delis
643 2556 701 2617 in
736 2557 1008 2632 muliere,
1044 2575 1111 2617 ac
1140 2557 1267 2617 vice
1313 2575 1503 2618 versa.
1540 2556 1689 2619 Vide
1729 2567 1949 2633 tamen,
1990 2580 2105 2641 quo

462 2654 628 2725 pacto
658 2645 893 2707 divinus
924 2645 1018 2707 hic
1050 2647 1363 2727 Apostolus
1392 2647 1560 2727 quasi
1600 2647 2106 2711 condescensione

458 2735 707 2817 quadam
740 2743 937 2797 utens.
971 2734 1029 2797 Si
1064 2753 1198 2816 pars
1227 2736 1441 2808 ﬁdelis,
1475 2735 1688 2816 inquit,
1740 2737 1971 2799 inﬁdeli
2002 2759 2105 2800 co-

460 2824 729 2887 habitare
758 2823 921 2887 velit.
944 2824 1070 2896 Quo
1091 2825 1246 2887 ﬁt.ut
1267 2824 1314 2886 si
1336 2825 1679 2886 cohabitare
1708 2825 1877 2900 nolit,
1895 2828 2105 2889 matri-

2196 2823 2225 2891 ίὶ
2287 2820 2580 2903 Ἀγαρηνὸν
2625 2823 2979 2900 βαπτισθέντα
3034 2835 3300 2881 συνοικεῖν
3358 2820 3432 2878 ἔτι
3484 2828 3553 2900 τῇ
3609 2819 3840 2879 ἀϐαπτί-

463 2913 726 2975 monium
784 2912 915 2974 sine
971 2913 1154 2974 dubio
1212 2912 1560 2975 solvendum
1616 2914 1714 2977 sit.
1778 2917 2107 2978 Persuasus

2196 2934 2322 2987 στῳ,
2380 2913 2416 2981 ἢ
2458 2914 2558 2980 τὴν
2613 2912 3014 2990 βαπτισαμένην
3045 2920 3120 2988 τῷ
3150 2912 3229 2988 μὴ
3258 2912 3592 2968 πιστεύσαντι
3626 2930 3643 2991 ς
3705 2911 3846 2969 Καθά

459 3011 653 3064 autem
687 3003 817 3079 ipse
848 3020 977 3063 sum
1002 3003 1124 3064 haec
1146 3001 1331 3063 fuisse
1364 3001 1666 3083 principii,
1694 3012 1750 3064 et
1772 3007 1935 3083 quasi
1980 3008 2107 3084 pri-

2196 3004 2257 3071 δὴ
2300 3006 2388 3060 καὶ
2430 3003 2515 3060 ἐπὶ
2573 3011 2664 3061 τοῦ
2721 3005 3053 3084 πατριάρχου
3107 3004 3291 3083 γέγονε
3345 3000 3622 3063 Θεοδότου.
3688 3011 3845 3062 Βυκι-

460 3091 825 3153 mordiorum
860 3091 1311 3173 praedicationis.
1337 3090 1703 3153 Hodiernum
1736 3110 1871 3156 vero
1902 3094 2107 3156 faciem

2196 3094 2368 3172 νάτωρ
2397 3094 2497 3172 γὰρ
2539 3091 2812 3169 βασιλικὸς
2859 3093 3184 3169 βαπτισθεὶς,
3243 3098 3618 3171 πατριαρχικῷ
3678 3092 3845 3171 γράμ-

458 3195 659 3242 rerum
691 3179 847 3260 quod
880 3180 1110 3249 attinet,
1163 3181 1261 3260 qui
1307 3180 1436 3241 ﬁeri
1485 3189 1698 3261 potest,
1737 3190 1797 3242 ut
1842 3182 2105 3264 Iudaeus,

2196 3204 2317 3260 ματι
2361 3180 2570 3259 διεζύγη
2618 3182 2713 3249 τῆς
2772 3183 3021 3259 γυναικὸς
3080 3182 3158 3257 μὴ
3189 3180 3508 3256 πειθομένης
3551 3189 3628 3256 τῷ
3673 3179 3840 3264 ἀνδρὶ,

457 3268 548 3329 vcl
581 3269 885 3347 Agarenus
922 3268 1261 3349 baptizatus,
1298 3288 1432 3329 cum
1460 3289 1576 3329 non
1613 3260 1900 3350 baptizata
1924 3260 2107 3334 uxore

2196 3270 2365 3329 πολλά
2418 3269 2809 3351 παρακαλοῦντι
2864 3271 2929 3327 τὰ
2972 3276 3071 3339 τῆς
3111 3266 3374 3333 εὐσεϐείας
3416 3268 3649 3331 ἑλέσθαι.
3704 3260 3761 3326 Ὀ
3792 3265 3846 3323 δὲ

454 3358 710 3439 amplius
761 3357 1008 3432 habitet,
1045 3360 1129 3420 vel
1164 3357 1453 3438 baptizata
1487 3377 1621 3419 cum
1665 3349 1757 3433 eo,
1791 3360 1890 3441 qui
1924 3360 2102 3422 ﬁdem

2196 3367 2285 3429 τῆς
2350 3361 2403 3416 ἐν
2478 3349 2757 3432 Λαοδικείᾳ
2810 3349 2920 3433 λα’,
2977 3360 3048 3417 0-3
3117 3357 3224 3435 δεῖ,
3283 3360 3434 3439 φησὶ,
3482 3359 3614 3437 πρὸς
3677 3358 3848 3414 πάντα

456 3456 721 3508 nostram
754 3466 869 3507 non
901 3456 989 3507 est
1012 3447 1367 3528 amplexus?
1396 3447 1579 3521 Quale
1602 3448 1883 3529 quiddam
1913 3448 2100 3531 patri-

2196 3451 2448 3529 αἱρετικὸν
2505 3447 2793 3527 ἒ.ιγαμίαν
2860 3462 3060 3522 ποιεῖν,
3133 3446 3249 3507 063E
3327 3448 3467 3511 υἱοὺς
3541 3444 3741 3503 διδόναι
3812 3445 3847 3513 ἢ

452 3539 649 3601 εῐειιω
676 3537 967 3599 Theodoti
994 3547 1263 3615 tempore
1294 3538 1725 3618 contigitNam
1756 3538 2105 3601 buccinator

453 3627 692 3708 quidam
741 3627 1157 3707 imperatorius
1208 3626 1556 3708 baptizatus,
1590 3628 1813 3705 scripto
1849 3629 2100 3709 patriar-

452 3717 605 3779 chali
649 3726 956 3795 separatus
1006 3716 1113 3778 fuit
1160 3716 1232 3778 ab
1291 3735 1499 3793 uxore,
1534 3736 1666 3798 quae
1701 3737 1815 3778 non
1870 3717 2104 3780 volebat

452 3804 865 3886 obtemperare
894 3806 1124 3884 marito,
1158 3807 1408 3867 multum
1442 3826 1571 3867 eam
1596 3805 1955 3888 obsecranti,
1983 3807 2103 3887 pie-

2184 3538 2493 3618 θυγατέρας,
2571 3535 2673 3593 δέει
2742 3543 2833 3593 τοῦ
2902 3539 2980 3613 μὴ
3065 3538 3163 3605 τὴν
3249 3535 3458 3592 ἐκείνων
3538 3533 3847 3601 κακοδοξίαν

2186 3630 2513 3705 μεταμαθεῖν
2547 3641 2561 3657 ⁸
2627 3625 2765 3683 ἀλλὰ
2809 3626 3010 3703 μᾶλλον
3043 3624 3352 3702 λαμϐάνειν,
3401 3624 3517 3704 εἴγε
3575 3624 3850 3705 ἐπαγγέλ-

2185 3717 2325 3773 λειεν
2375 3718 2437 3773 τ’)
2497 3717 2797 3798 χριστιανοὶ
2871 3716 3134 3794 γενέσθαι,
3195 3717 3266 3774 Τὸ
3323 3714 3401 3795 δὲ,
3448 3717 3521 3774 Οὒ
3576 3713 3663 3771 δεῖ
3713 3716 3846 3793 πρὸς

2186 3807 2361 3863 πάντα
2440 3806 2724 3885 αἱρετικὸν,
2806 3805 2921 3861 ἀντὶ
2995 3812 3108 3877 τοῦ,
3168 3806 3299 3884 πρὸς
3358 3801 3562 3865 οὖδένα.
3627 3800 3846 3879 ’ἰδίωμα

2185 3895 2284 3974 γάρ
2327 3894 2438 3951 ἐστι
2484 3897 2776 3976 Γραφικὸν,
2828 3897 2900 3960 ὡς
2954 3897 3040 3969 τὸ,
3088 3894 3175 3961 Μὴ
3233 3890 3420 3974 φοξοὰ,
3481 3891 3608 3950 ὅταν
3668 3892 3842 3949 πλου-

2184 3986 2326 4059 στήσῃ
2381 3974 2676 4063 ἅνθρωπος.
2738 3974 2868 4043 υΟτι
2915 3984 3010 4041 οὒκ
3063 3983 3117 4040 ἐν
3172 3990 3249 4058 τῷ
3305 3982 3657 4053 ἀποθνήσκειν
3688 3983 3846 4038 αὒτὸν

2185 4071 2411 4147 λήψεται
2459 4074 2527 4128 τὰ
2568 4073 2738 4130 πάντα
2822 4075 2895 4131 0-3
2950 4075 3049 4152 γὰρ
3091 4073 3206 4129 οἷόν
3239 4093 3297 4129 τε
3339 4071 3427 4127 καί
3469 4093 3586 4128 τινα
3628 4070 3844 4133 λαϐεῖν,

450 4162 539 4223 vel
574 4160 718 4224 ﬁlias
751 4171 994 4242 nuptum
1029 4162 1342 4238 collocare,
1383 4173 1734 4236 metuentes,
1757 4182 1833 4223 ne
1867 4181 2099 4241 pravam

2196 4164 2286 4219 Καὶ
2343 4160 2587 4242 ἀλλαχοῦ
2621 4179 2635 4193 ⁸
2699 4164 2785 4230 Μὴ
2813 4165 2912 4242 γαρ
2956 4162 3193 4239 ματαίως
3238 4161 3446 4228 ἔκτισας
3487 4164 3689 4226 πάντας
3722 4162 3844 4225 τοὺς

452 4250 716 4330 ipsorum
767 4249 1120 4312 sententiam
1171 4251 1551 4313 addiscamus
1587 4273 1599 4315 :
1635 4252 1737 4313 sed
1771 4252 1855 4312 ita
1913 4251 2104 4333 potius

2196 4251 2324 4314 ἑοὺς
2369 4252 2475 4307 τῶν
2530 4251 2868 4333 ἀνθρώπων;
2930 4257 3003 4311 Οὔ
3055 4252 3155 4331 γάρ
3213 4253 3311 4307 εἰσι
3370 4254 3458 4308 καὶ
3500 4254 3546 4307 οἱ
3602 4252 3844 4328 ματαίως

448 4360 574 4402 rem
607 4338 934 4416 agemussi
955 4339 1223 4418 fulupum
1259 4342 1671 4422 polliceantur,
1698 4352 1758 4403 ut
1785 4341 2100 4405 Christiani

2196 4340 2502 4403 κτισθέντες.
2559 4339 2775 4406 Ἀσεϐὲς
2831 4344 2930 4421 γὰρ
2973 4349 3126 4398 τοῦτο
3176 4341 3432 4415 νομίζειν.
3482 4342 3569 4408 Μὴ
3625 4338 3843 4416 λαμϐα-

453 4399 618 4491 ma;
644 4399 816 4501 Quod
841 4399 936 4489 hic
959 4399 2100 4511 dicitur,ita;aparciamaaana

2466 4399 2477 4403 ,
2761 4399 2772 4406 .
2845 4399 2856 4420 ,
2883 4399 2920 4421 .,
3242 4399 3250 4415 ι
3311 4399 3327 4412 .
3419 4399 3430 4403 -
3557 4399 3569 4408 -
3699 4399 3710 4416 .

2196 4428 2320 4484 νέτω
2392 4427 2641 4493 Ἰουδαῖος
2725 4432 3067 4510 Χριστιανήν,
3141 4431 3279 4505 μήτε
3338 4431 3645 4508 Χριστιανὸς
3705 4429 3842 4487 Ἰου-

450 4519 660 4593 relico,
695 4516 1058 4578 tantumdem
1093 4526 1204 4597 est,
1238 4538 1305 4581 ac
1337 4521 1383 4580 si
1421 4520 1606 4590 dicas,
1643 4518 1816 4580 Nullo
1836 4537 1970 4579 cum
1990 4519 2105 4580 ha:-

2196 4516 2353 4591 Βαίαν,
2435 4520 2573 4594 μήτε
2629 4522 2886 4597 αἱρετικὸς
2953 4522 3041 4578 καὶ
3098 4517 3374 4597 ἀλλότριος
3458 4524 3556 4585 τῆς
3614 4520 3843 4585 πίστεως

449 4609 655 4671 retico.
693 4606 1014 4671 Peculiaris
1045 4607 1201 4667 enim
1236 4609 1363 4671 haec
1407 4610 1729 4689 Scriptura:
1769 4626 1951 4669 sacrae
2010 4608 2099 4668 lo-

2196 4609 2318 4663 ιατὶ
2375 4629 2491 4664 τινα
2548 4608 2808 4689 πρόφασιν
2881 4617 3218 4689 Χριστιανοῖς
3300 4609 3430 4687 πρὸς
3487 4608 3659 4685 γάμον
3712 4631 3841 4665 συν-

449 4696 665 4777 quandi
694 4697 840 4758 ratio
874 4705 983 4769 est,
1012 4697 1172 4758 velut
1223 4699 1283 4759 in
1333 4700 1442 4759 hoc
1477 4720 1489 4756 :
1526 4698 1692 4761 Absit
1721 4716 1753 4758 a
1788 4706 1842 4757 ιι·
1884 4705 2096 4771 metus,

2196 4696 2453 4759 απτέσθω,

447 4807 579 4848 cum
617 4787 794 4848 homo
826 4785 990 4846 dives
1015 4788 1112 4848 sit.
1147 4788 1294 4861 Quia
1323 4807 1457 4849 cum
1496 4787 1767 4859 moritur,
1802 4806 1918 4847 non
1947 4791 2175 4846 autervt
2198 4785 2421 4847 omnia.
2449 4787 2683 4869 Quippe
2706 4789 2833 4851 ﬁeri
2859 4809 2976 4851 non
3010 4796 3224 4871 potest,
3258 4798 3325 4849 ut
3356 4785 3583 4847 auferat
3613 4785 3839 4866 aliqua.

446 4874 588 4936 Item
621 4875 784 4937 alibi.
820 4873 946 4935 Non
978 4875 1137 4939 enim
1191 4879 1407 4938 frustra
1436 4895 1505 4937 ro
1538 4876 1756 4936 .didisti
1817 4893 2026 4936 omnes
2089 4873 2241 4937 ﬁlios
2301 4876 2633 4939 hominum.
2686 4876 2918 4959 Quippe
2959 4898 3077 4941 non
3110 4875 3286 4940 etiam
3331 4876 3510 4958 aliqui
3543 4886 3702 4953 sunt,
3737 4878 3841 4961 qui

444 4964 661 5027 frustra
692 4965 809 5027 sint
839 4966 1084 5029 conditi.
1118 4965 1261 5027 Nam
1296 4967 1543 5046 impium
1574 4965 1771 5038 fuerit,
1811 4968 1919 5025 bne.
1950 4963 2310 5025 existimare.
2345 4962 2589 5027 Judaaus
2619 4967 3018 5030 Christianum
3055 4986 3170 5029 non
3204 4968 3385 5029 durat
3421 4985 3693 5041 uxorem,
3728 4986 3841 5031 nec

445 5054 819 5117 Christianus
862 5054 1126 5117 Judaeam
1156 5078 1169 5131 ;
1224 5074 1333 5116 nec
1367 5054 1679 5116 haereticus
1706 5062 1765 5115 et
1795 5053 2027 5115 alienus
2058 5073 2087 5112 a
2124 5052 2238 5114 ﬁde
2268 5071 2402 5113 cum
2435 5055 2788 5119 Chrisuianis
2819 5077 2886 5119 ex
2921 5058 3037 5121 ulla
3058 5057 3372 5120 occasione
3395 5055 3838 5118 matrimonium

454 3894 590 3955 tatis
630 3903 693 3954 ut
735 3894 1164 3975 professionem
1210 3895 1695 3974 amplecteretur.
1730 3893 1930 3956 Canon
1967 3914 2102 3957 vero

451 4002 585 4046 XXXI
621 3983 966 4045 Laodicenw
997 3983 1201 4064 synodi
1238 4002 1250 4045 :
1288 3984 1414 4045 Non
1451 3984 2101 4065 Oportel,inquit,omni

452 4092 585 4134 cum
612 4072 886 4134 bzeretico
919 4072 1358 4134 matrimonium
1392 4074 1769 4136 contrahere.
1806 4092 1918 4135 nec
1952 4074 2103 4136 ﬁlios

446 5145 757 5205 contrahat
790 5144 937 5225 (25).

571 5233 798 5306 Quibus
823 5252 899 5296 ex
926 5241 1123 5297 causis
1156 5237 1615 5298 matrimonium
1643 5234 1946 5298 solvatur.

524 5319 610 5382 De
640 5321 1003 5384 matrimonii
1046 5323 1341 5386 solutione
1371 5325 1571 5386 multis
1620 5323 1679 5386 in
1728 5322 1873 5386 locis
1904 5323 2102 5385 multa;

2412 5257 2439 5288 σ
2480 5226 2537 5293 Ὀ
2569 5238 2737 5316 γάμος
2768 5238 2828 5295 ἐκ
2856 5242 3021 5297 ποίων
3052 5240 3232 5297 αἰτιῶν
3260 5237 3438 5297 λύεται
3468 5238 3552 5301 ﬂ.
3589 5258 3618 5298 ι

2271 5325 2392 5401 Περὶ
2432 5323 2526 5392 τῆς
2571 5334 2675 5383 τῶν
2705 5329 2890 5406 γάμων
2921 5327 3207 5393 διαλύσεως
3247 5326 3301 5384 ἐν
3330 5327 3554 5394 πολλοῖς
3585 5328 3770 5395 τόποις
3810 5330 3838 5386 δ

1774 5484 2033 5549 VARUE
2066 5486 2500 5555 LECTIONES.

526 5617 588 5668 44
615 5620 665 5675 αἱ
699 5618 883 5699 αἰτίαι,
913 5616 979 5674 δι’
1011 5620 1071 5683 ἃς
1093 5621 1375 5700 χωρίζεται
1404 5622 1438 5690 ἡ
1471 5623 1600 5700 γονὴ
1631 5632 1722 5681 τοῦ
1752 5620 1959 5701 ἀνδρός,

2298 5644 2365 5675 .3.-

2015 5730 2265 5797 NOTAE.
2298 5687 2307 5691 ”

528 5833 639 5910 (9.4)
673 5831 713 5895 l.
756 5834 777 5898 1
816 5832 885 5896 D.
924 5834 1004 5898 De
1033 5835 1119 5898 rit
1148 5842 1318 5917 πυρί.

2178 5841 2305 5923 (25)
2335 5842 2372 5905 l.
2409 5844 2469 5906 6.
2506 5845 2572 5909 C.
2606 5845 2695 5910 De
2720 5843 2951 5909 Iudaeis
2981 5852 3040 5910 et
3068 5842 3252 5909 «alio.
