4120 6428
409 403 566 472 ⁵19⁸⁸.)

1778 409 1912 474 JUS
1948 406 2398 474 GANONICUM

3628 402 3795 471 128)

403 533 546 616 quid
579 534 817 598 molitus
844 536 1043 612 fuerit,
1067 536 1159 599 vel
1178 536 1479 619 aliquibus
1507 537 1892 603 molientibus
1916 542 2052 623 ipse

2158 564 2242 615 ται,
2279 542 2316 611 ἢ
2358 550 2511 600 τοῦτο
2567 564 2671 599 τισι
2727 541 3131 620 βουλευομένοις
3173 540 3445 622 συνειδὼς,
3489 540 3570 617 μὴ
3625 560 3793 620 φανε-

407 624 705 701 conseius,
728 624 789 687 id
819 625 1075 708 principi
1127 644 1246 688 non
1294 626 1642 708 patefecerit
1684 628 1776 690 vel
1821 648 1934 711 per
1961 648 2051 708 se,

405 712 503 775 vel
530 730 640 794 per
668 732 1080 798 quamcunque
1104 734 1445 797 personam.

407 890 437 952 τ
488 802 583 953 2.1
610 822 962 887 quocunque
1002 804 1177 867 modo
1218 806 1348 869 vitae
1418 807 1687 887 conjugis
1743 808 2055 872 insidiatus

432 909 560 954 uert
593 936 608 954 .

667 985 967 1067 pudicitiae
1015 987 1287 1069 conjugis
1328 988 1583 1051 insidias
1630 997 1886 1067 struens,
1919 991 2053 1054 aliis

408 1092 540 1135 eam
565 1074 947 1156 stuprandam
975 1075 1211 1141 tradere
1240 1086 1489 1141 conatus
1517 1078 1717 1142 fuerit.

488 1251 550 1314 4.
576 1251 639 1316 Si
664 1253 1129 1331 maritus,uxore
1149 1256 1422 1319 adulterii
1446 1264 1741 1331 accusata,
1774 1276 1902 1319 rem
1932 1277 2054 1321 non

408 1339 778 1421 probaverit.

490 1431 547 1491 5.
584 1431 648 1494 Si
678 1433 796 1495 alia
825 1452 960 1495 cum
995 1434 1244 1498 muliere
1284 1444 1453 1499 coeat
1497 1436 1558 1498 in
1607 1436 1815 1499 eadem
1849 1436 2051 1513 domo,

407 1518 501 1582 vel
533 1520 740 1583 eadem
774 1523 1031 1605 civitate,
1063 1542 1132 1586 ac
1161 1525 1424 1589 monitus
1454 1525 1527 1588 ab
1580 1545 1788 1605 uxore,
1820 1528 1908 1589 vel
1945 1545 2054 1608 pa-

406 1608 677 1671 rentibus
696 1612 846 1691 ejus,
882 1612 972 1675 vel
1003 1613 1211 1695 quovis
1241 1615 1381 1691 alio,
1420 1633 1536 1678 non
1566 1615 1711 1677 velit
1740 1614 2049 1678 abstineri.

492 1786 552 1849 lu
583 1787 677 1850 bis
707 1807 826 1851 non
856 1791 1044 1855 solum
1062 1792 1439 1856 donationem
1457 1802 1592 1856 ante
1612 1794 1853 1875 nuptias
1879 1794 2053 1855 mari-

2138 632 2285 712 ρώσῃ
2326 637 2395 709 τῇ
2446 629 2687 710 βασιλείᾳ
2742 631 2779 701 ἢ
2847 629 2915 711 δι’
2987 632 3192 707 ἑαυτοῦ,
3261 632 3297 701 ἢ
3351 628 3418 688 δι’
3475 627 3792 701 οίουδήποτε

2137 721 2443 799 προσώπου,

2217 799 2291 887 β’.
2325 810 2453 869 Ἐὰν
2483 808 2777 885 οἱῳδήποτε
2817 811 3000 892 τρόπῳ
3028 808 3376 889 ἐπιϐουλεύσῃ
3404 816 3474 888 τῇ
3514 816 3627 886 ζωῇ
3681 813 3787 876 τῆς

2137 900 2382 978 γυναικός
2393 942 2405 955 .

2220 978 2295 1067 γ’⁶
2329 986 2454 1046 Ἐὰν
2496 995 2565 1067 τῇ
2611 1010 2710 1058 της
2760 990 3005 1067 γυναικὸς
3068 991 3378 1070 σωγροσύνη
3412 986 3787 1061 ἐπιϐουλεύων,

2137 1074 2319 1142 ἄλλοις
2363 1078 2528 1146 αὐτὴν
2591 1078 2664 1143 εἷς
2735 1078 2797 1133 τὸ
2863 1077 3212 1158 μοιχευθῆναι
3267 1076 3593 1159 ἐπιχειρήσῃ
3648 1097 3791 1156 προ-

2135 1162 2312 1221 δοῦναι
2325 1210 2334 1219 .

2218 1243 2288 1317 δ’,
2340 1252 2464 1312 Ἐὰν
2516 1256 2894 1335 κατηγορήσας
2951 1259 3115 1324 αὒτῆς
3178 1258 3206 1313 δ
3249 1256 3385 1337 ἀνὴρ
3422 1258 3513 1313 ιεπῖ
3541 1257 3789 1336 μοιχείᾳ.

2136 1342 2216 1419 μὴ
2245 1341 2514 1421 ἀποδείξῃ.

2215 1421 2284 1494 ε’.
2332 1430 2457 1489 Ἐὰν
2489 1433 2641 1514 ἑτέρᾳ
2681 1434 3091 1517 συνεισέρχηται
3143 1438 3350 1515 γυναικὶ
3402 1435 3458 1492 ἓν
3514 1442 3592 1511 τῷ
3647 1435 3794 1511 αύτῷ

2136 1519 2273 1576 οἴκω
2301 1521 2337 1589 ἢ
2393 1527 2464 1599 τῇ
2493 1522 2624 1599 αὒνῇ
2678 1520 2855 1597 πόλει,
2902 1526 2990 1581 καὶ
3046 1525 3398 1601 ὑπομνησθεὶς
3454 1524 3578 1604 παρ’
3618 1525 3791 1592 αὒτῆς

2134 1610 2170 1677 ἡ
2198 1615 2305 1666 τῶν
2335 1610 2533 1688 γονέων
2562 1616 2749 1693 αὐτῆς,
2783 1613 2820 1681 ἢ
2850 1611 2918 1670 δι’
2963 1612 3283 1685 οἰοοδήτινος
3308 1613 3507 1693 ἐτέρου,
3539 1614 3791 1695 ἀποσχέ-

2135 1702 2251 1755 σθαι
2282 1699 2359 1774 μὴ
2387 1699 2644 1777 βούληται
2655 1748 2671 1764 .

2217 1787 2337 1846 Ἐπὶ
2389 1791 2592 1855 τούτοις
2646 1792 2724 1868 μὴ
2784 1794 2945 1868 μόνον
2999 1793 3097 1862 τὴν
3149 1795 3250 1873 πρὸ
3307 1815 3481 1873 γαμου
3532 1791 3729 1872 δωρεὰν
3759 1795 3792 1850 ὁ

408 1884 501 1938 tus
531 1876 660 1938 loco
687 1896 872 1958 paenae
892 1881 1129 1958 amittit,
1152 1901 1356 1945 verum
1382 1884 1559 1945 etiam
1594 1884 1869 1945 trientem
1901 1883 2050 1946 reli-

2158 1877 2270 1957 ινὴρ
2320 1885 2623 1955 ζημιοῦται,
2690 1880 2827 1939 ἀλλὰ
2877 1882 2965 1939 καὶ
3020 1881 3197 1962 ἕτερον
3239 1883 3410 1958 τρίτον
3443 1881 3505 1939 ἐκ
3529 1887 3627 1948 τῆς
3681 1881 3789 1939 ἅλ-

407 1983 658 2046 quarum
688 1968 872 2049 ipsius
901 1970 1278 2047 facultatum;
1338 1981 1727 2054 praeterquam
1761 1973 1919 2054 quod
1951 1990 2052 2034 eas

2158 1988 2233 2032 .ης
2288 1969 2444 2025 αὑτοῦ
2515 1970 2836 2049 περιουσίας,
2919 1972 3007 2028 καὶ
3070 1972 3164 2035 τὰς
3234 1973 3487 2050 τιμωρίας
3567 1971 3792 2051 ἀφίστα-

409 2074 643 2136 quoque
674 2075 877 2137 poenas
907 2063 1178 2129 sustinet.
1213 2053 1358 2141 quas
1391 2064 1516 2140 ipsa
1564 2053 1930 2125 mulier’erat
1957 2062 2051 2123 la-

2158 2075 2219 2110 :at
2247 2053 2331 2130 46,
2366 2057 2426 2121 ἃς
2456 2055 2676 2133 ἔμελλεν
2726 2061 2760 2128 ἡ
2804 2060 2937 2137 γυνὴ
2979 2058 3458 2138 καταδικαζιμένη.
3492 2058 3641 2127 Πλὴν
3671 2058 3794 2117 οὔτε

410 2152 563 2218 tura,
600 2145 648 2206 si
680 2147 1070 2211 condemnata
1092 2150 1318 2215 fuisset.
1344 2150 1471 2215 Non
1499 2160 1696 2213 tamen
1720 2160 1818 2214 aut
1843 2151 2057 2213 mulier

408 2237 692 2302 arbitratu
724 2258 829 2303 suo
860 2240 1155 2305 divertere
1186 2252 1375 2324 potest
1403 2264 1437 2307 a
1491 2245 1721 2319 marito,
1754 2252 1853 2306 aut
1881 2243 2058 2305 mari-

411 2335 503 2387 tus
531 2327 604 2390 ab
637 2329 784 2410 ipsa,
819 2330 948 2393 sine
969 2332 1202 2412 judicio
1235 2340 1292 2395 et
1313 2334 1609 2396 sententia
1633 2333 1899 2415 judicum
1930 2354 1945 2396 :
1972 2333 2057 2393 di-

407 2434 592 2478 versae
621 2419 941 2482 Iustiniani
989 2420 1245 2484 Novella;
1290 2430 1578 2488 statuunt.
1612 2424 1695 2486 Ac
1745 2430 2059 2504 prapterea

410 2504 514 2585 qui
543 2505 707 2568 ducit
731 2528 974 2572 uxorem
1008 2530 1123 2573 non
1157 2512 1236 2573 ita
1285 2512 1667 2593 diremptam,
1700 2512 2055 2575 adulterium

408 2598 742 2659 committit.

411 2681 652 2748 Solutt'o
679 2689 1058 2752 matrimonii
1086 2696 1240 2753 citra
1282 2709 1547 2773 pomum,
1598 2692 1794 2773 deque
1832 2693 2059 2755 matri-

455 2776 658 2836 monia
674 2778 837 2854 quod
863 2781 1322 2844 exercitationis
1371 2786 1486 2861 pits
1531 2799 1715 2843 causa
1734 2783 2019 2844 solvitur.

495 2860 734 2943 Absque
764 2883 933 2945 paena
964 2860 1406 2932 matrimonium
1452 2869 1697 2931 solvitur
1743 2872 1885 2945 (33),
1927 2889 2063 2932 cum

408 2950 619 3042 elapso
650 2954 927 3027 triennio,
960 2957 1205 3018 maritus
1234 2960 1583 3036 cttmjuxore
1640 2959 1799 3021 coire
1831 2961 2061 3042 nequit,

417 3040 555 3102 licet
586 3040 713 3122 ipse
741 3042 1057 3107 divortium
1096 3046 1226 3109 fieri
1257 3047 1402 3109 nolit
1430 3065 1443 3110 :
1511 3057 1848 3110 manentem
1882 3040 2065 3129 penes

417 3129 603 3191 virum
637 3131 953 3195 donatione
1001 3146 1141 3197 ante
1186 3136 1443 3217 nuptias,
1496 3155 1606 3198 nec
1647 3136 1887 3220 quidam
1921 3156 2061 3200 sua-

417 3235 548 3278 rum
580 3237 778 3282 rerum
814 3241 1003 3303 preme
1031 3225 1159 3286 loco
1191 3225 1516 3287 amittente.
1573 3225 1831 3289 Solvitur
1880 3227 2060 3288 etiam

422 3308 889 3389 matrimonium,
923 3333 1056 3374 cum
1086 3317 1206 3392 t3t)
1228 3313 1408 3375 altera
1435 3333 1567 3395 pars
1588 3315 1875 3377 exercitio
1890 3333 2060 3377 sacro

417 3414 483 3457 se
513 3396 704 3474 dedit,
736 3400 806 3460 ad
842 3401 993 3463 viam
1022 3403 1329 3465 meliorem
1358 3403 1675 3477 transiens,
1711 3411 1767 3465 et
1795 3404 1966 3465 vitam
2001 3403 2061 3465 in

417 3490 670 3568 puritate
701 3489 1029 3569 degendam
1062 3492 1311 3571 eligens.
1338 3492 1503 3555 Tunc
1520 3493 1679 3555 enim
1704 3502 1823 3554 tam
1845 3492 2057 3569 virum,

412 3595 593 3658 quam
628 3578 964 3660 mulierem,
1000 3580 1071 3643 ad
1106 3582 1480 3662 praeclarium
1511 3600 1577 3643 se
1625 3582 2059 3657 conferente'n,

416 3665 755 3728 divertendi
800 3675 1150 3748 potestatem
1212 3669 1431 3732 habere
1482 3669 1789 3751 jubemus,
1827 3669 2061 3749 'exiguo

418 3754 674 3836 quodam
701 3756 951 3820 desertae
980 3759 1126 3840 parti
1158 3759 1365 3821 solatio
1393 3759 1619 3821 relicto.

499 3932 795 4016 Quidquid
850 3936 1009 3998 enim
1063 3938 1481 3999 contrahentes
1527 3937 1681 4018 pacti
1722 3946 1881 4010 sunt,
1936 3945 2067 4001 uta

419 4032 610 4085 morte
642 4025 807 4087 lucro
825 4027 1064 4089 alterius
1095 4028 1368 4108 cederet;
1396 4027 1452 4088 id
1479 4029 1702 4089 habere
1734 4037 1967 4108 oportet
1990 4028 2067 4088 ab

418 4114 608 4174 altero
637 4114 966 4190 desertum,
998 4115 1119 4179 sive
1156 4116 1263 4189 vir.
1294 4116 1417 4174 sive
1443 4116 1658 4178 mulier
1686 4116 1799 4177 sit:
1827 4117 2064 4197 quando

419 4212 476 4262 et
502 4202 647 4282 ipse.
680 4214 962 4285 quantum
994 4205 1233 4286 quidem
1284 4204 1494 4266 attinet
1538 4207 1878 4286 conjugem,
1915 4206 2065 4267 mori

419 4291 653 4352 videtur
678 4316 692 4360 ;
724 4292 972 4354 alterum
1003 4293 1119 4355 iter
1149 4294 1281 4355 vita;
1302 4313 1433 4353 cum
1460 4295 1645 4356 altero
1662 4313 2065 4357 cummu'ans.

421 4381 652 4441 Etenim
677 4389 920 4442 tonsura
951 4391 1113 4444 recte
1139 4383 1201 4443 tit
1232 4382 1407 4444 etiam
1433 4383 1717 4445 alterutro
1749 4384 2068 4464 conjugum

419 4469 627 4532 invito.
667 4468 931 4533 Dicimus
948 4472 1148 4544 etiam,
1177 4471 1327 4533 bona
1353 4471 1535 4548 gratia
1555 4471 1685 4533 ﬁeri
1722 4473 2066 4534 divortium.

2133 2145 2169 2211 ἡ
2226 2146 2360 2223 γυνῆ
2417 2148 2722 2224 αὒτονόμως
2779 2149 3088 2230 ἀναχωρετν
3152 2146 3366 2206 δύναται
3425 2158 3520 2209 τοῦ
3575 2146 3787 2227 ἀνδρὸς,

2137 2231 2251 2290 οὔτε
2306 2237 2455 2300 οὗτος
2512 2237 2741 2311 ἐκείνης,
2805 2240 2973 2319 χωρὶς
3030 2239 3250 2318 κρίσεως
3304 2239 3393 2295 καὶ
3443 2239 3627 2318 ψήφου
3683 2243 3794 2294 τῶν

2138 2320 2397 2381 δικαστῶν
2430 2341 2444 2355 ⁸
2499 2327 2573 2392 ὡς
2624 2325 2860 2408 διάφοροι
2914 2334 3069 2386 τοῦτο
3143 2329 3471 2399 θεσπίζουσιν
3550 2326 3784 2384 Ἰουστι-

2138 2424 2317 2476 νιανοῦ
2337 2419 2536 2499 νεαραί,
2574 2420 2671 2476 Διὰ
2698 2430 2852 2480 τοῦτο
2876 2422 2905 2479 ὁ
2934 2421 3185 2501 γαμήσας
3215 2420 3316 2489 τὴν
3344 2420 3423 2497 μὴ
3450 2418 3616 2486 ὦτως
3644 2419 3790 2477 ἆπο-

2140 2504 2411 2585 λυθεῖσαν,
2458 2515 2741 2591 μοιχᾶται.

2144 2707 2173 2741 ε
2211 2685 2369 2749 Λύσις
2400 2686 2574 2765 γάμου
2601 2686 2851 2766 ἀζήμιος,
2897 2688 2984 2745 καὶ
3039 2689 3157 2766 περὶ
3185 2697 3278 2747 τοῦ
3305 2684 3375 2743 δι’
3404 2683 3631 2755 ἄσκησιν
3659 2685 3793 2744 λυο-

2692 2768 2853 2844 μένου
2878 2769 3051 2847 γάμου
3089 2768 3175 2829 Π.
3215 2790 3239 2825 ι

2227 2858 2496 2935 Ἀζημίως
2570 2859 2625 2918 δὲ
2692 2861 2869 2920 λύεται
2933 2863 3129 2944 γάμος,
3205 2862 3294 2920 ὅτε
3368 2863 3595 2942 τριετίας
3650 2884 3797 2942 παρ-

2144 2950 2398 3019 ελθούσης
2443 2952 2471 3007 ὁ
2514 2951 2647 3031 ἀνὴρ
2690 2953 2793 3032 οὔχ
2835 2956 2949 3018 οἷος
3005 2974 3064 3009 τε
3119 2952 3212 3019 εἴη
3268 2952 3496 3008 συνιέναι
3551 2958 3621 3028 τῇ
3688 2973 3796 3029 γα-

2145 3045 2329 3117 μετῇ·
2391 3041 2433 3096 εἰ
2490 3042 2578 3097 καὶ
2634 3040 2790 3104 αὖτὸς
2870 3041 2969 3097 τεὲκν
3049 3039 3299 3113 διάζευξιν
3365 3041 3470 3121 οὐχ
3539 3044 3793 3119 αἱρεῖται,

2147 3129 2407 3205 μενούσης
2451 3130 2593 3209 παρὰ
2646 3138 2722 3206 τῷ
2764 3128 2906 3212 ἀνδρὶ
2934 3135 3031 3198 τῆς
3075 3132 3176 3209 πρὸ
3234 3136 3325 3187 τοῦ
3351 3130 3526 3210 γάμου
3567 3128 3794 3212 δωρεᾶς,

2146 3217 2311 3295 μηδὲν
2381 3218 2590 3276 οἴκοθεν
2642 3219 3003 3297 ζημιουμένῳ.
3061 3221 3247 3276 Λύεται
3315 3221 3485 3298 γάμος
3539 3221 3627 3276 καὶ
3668 3218 3795 3276 ὅταν

2145 3307 2370 3374 ἄσκησιν
2397 3307 2611 3388 θάτερον
2639 3307 2827 3376 ἕληται
2853 3314 2960 3365 τῶν
2990 3309 3189 3388 μερῶν,
3250 3309 3382 3387 πρὸς
3430 3308 3533 3377 τὴν
3587 3307 3674 3365 ἐπὶ
3729 3310 3796 3365 τὰ

2143 3396 2366 3476 κρείττω
2429 3394 2750 3472 μεταϐαῖνον
2810 3395 2954 3479 ὁδὸν,
3010 3400 3097 3455 καὶ
3151 3399 3242 3454 τὸν
3300 3396 3364 3448 48
3418 3396 3619 3474 ἀμείνω
3682 3397 3797 3474 βίον

2146 3487 2472 3566 αἱρούμενον.
2560 3496 2857 3555 Τηνικαΰτα
2934 3489 3035 3568 γὰρ
3117 3487 3423 3564 κελεύομεν,
3505 3486 3800 3567 παρῤησίαν

2144 3576 2287 3633 εἶναι
2317 3576 2403 3633 καὶ
2433 3573 2573 3655 ἀνδρὶ
2620 3578 2709 3633 καὶ
2762 3579 2966 3657 γυναικὶ
3024 3579 3154 3657 πρὸς
3205 3577 3273 3633 τὰ
3326 3575 3518 3654 βελτίω
3547 3576 3610 3626 49
3659 3579 3796 3653 μεθ-

2145 3664 2447 3742 ισταμένου,
2534 3665 2761 3723 διαλύειν
2842 3668 2903 3724 τὸ
2987 3667 3331 3741 συνοικέσιον,
3433 3666 3570 3742 μετά
3650 3688 3797 3732 τινος

2143 3755 2400 3836 βραχείας
2431 3754 2938 3834 ὑπολιμπανομένης
2990 3764 3067 3833 τῷ
3120 3754 3589 3833 καταλελειμμένῳ
3618 3777 3799 3835 παρα-

2151 3844 2355 3920 μυθίας.

2234 3922 2413 4014 υΟπιιρ
2460 3934 2560 4015 γὰρ
2617 3933 2679 3990 ἂν
2738 3935 3141 4014 συμφωνήσειεν
3183 3936 3230 3991 οἳ
3261 3929 3649 4009 συμϐάλλοντες
3690 3933 3800 3990 ἀπὸ

2149 4020 2400 4090 τελευτῆς
2445 4022 2683 4104 γενέσθαι
2739 4022 2944 4102 κέρδος,
2998 4030 3153 4081 τοῦτο
3208 4021 3355 4103 ἔχειν
3418 4019 3504 4079 δεῖ
3558 4024 3652 4079 τὸν
3704 4044 3802 4079 κα-

2146 4110 2561 4189 ταλελειμμένον
2628 4113 2770 4192 παρᾶ
2822 4112 3060 4193 θατέρου,
3130 4111 3242 4168 εἴτε
3283 4111 3440 4191 ἀνὴρ,
3499 4109 3612 4167 εἴτε
3667 4113 3802 4189 γυνὴ

2146 4204 2485 4272 καθεστήκοι,
2551 4204 2643 4258 Διὸ
2670 4202 2734 4252 50
2787 4203 2875 4258 καὶ
2933 4204 3104 4277 οὗτος,
3149 4202 3275 4280 τόγε
3316 4201 3402 4259 ἐπὶ
3438 4208 3515 4276 τῷ
3544 4202 3798 4271 συνοική-

2148 4310 2322 4363 σαντι,
2394 4289 2543 4348 δοκεῖ
2612 4290 2882 4367 τελευτᾷν,
2961 4290 3141 4369 ἑτέραν
3221 4289 3335 4348 ἄνθ’
3419 4290 3598 4368 ἑτέρας
3683 4290 3800 4367 βίου

2152 4381 2365 4459 πορείαν
2454 4379 2727 4457 ἐλόμενος.
2801 4371 2865 4437 Ἠ
2920 4381 3020 4460 γὰρ
3072 4380 3365 4459 ἆπόκαρσις
3422 4381 3510 4435 καὶ
3578 4378 3801 4443 ἄκοντος

2154 4467 2371 4549 θατέρου
2427 4476 2533 4526 τῶν
2590 4470 2862 4549 ὁμοζύγων
2919 4471 3117 4548 γίνεται
3169 4467 3448 4548 ἀσφαλῶς,
3496 4469 3593 4526 Καὶ
3650 4466 3807 4545 λέγο-

425 4562 681 4622 Persona
709 4580 943 4642 quoque
962 4562 1248 4623 derelicta
1274 4570 1463 4641 potest
1490 4558 1649 4621 aliud
1673 4562 1743 4622 ad
1768 4564 2042 4623 matrimo

2158 4580 2270 4634 μεν,
2320 4559 2489 4638 ἀγαθῇ
2545 4560 2726 4640 χάριτι
2799 4559 2898 4626 τὴν
2956 4556 3206 4629 διάζευξιν
3263 4558 3518 4635 γίνεσθαι.
3590 4557 3688 4615 Καὶ
3742 4558 3807 4613 τὸ

421 4647 582 4709 nium
597 4649 906 4714 accedere.
923 4650 1039 4711 Sed
1056 4651 1168 4711 hoc
1188 4650 1352 4711 uxori
1377 4648 1668 4731 espiscopi
1684 4652 1789 4711 ord
1821 4651 1938 4712 nati
1955 4670 2067 4711 non

419 4746 507 4798 est
539 4738 761 4801 datum.
795 4736 1053 4821 Ideoque
1085 4758 1218 4800 cum
1260 4739 1388 4818 ejus
1419 4757 1706 4800 rnttsensu
1741 4740 1869 4801 ﬁeri
1905 4740 2071 4802 ordi-

2152 4647 2481 4730 περιλειφθὲν
2523 4650 2806 4728 πρόσωπον
2850 4646 3061 4705 suum
3117 4648 3247 4726 πρὸς
3310 4645 3490 4726 ἑτέραν
3562 4644 3804 4724 συζυγίαν

2152 4737 2349 4797 ἐλθεῖν.
2411 4736 2578 4796 Ἀλλὰ
2649 4743 2717 4815 τῇ
2794 4747 2886 4796 τοῦ
2965 4735 3427 4817 χειροτονηθέντος
3511 4735 3805 4791 ἐπισκόπου

423 4827 725 4888 na'ioucm
742 4837 1178 4910 Oportet,atque
1195 4827 1443 4908 itasequi
1466 4837 1764 4889 tonsuram
1780 4829 2058 4909 ejuscitra

2158 4829 2357 4907 ιρναικὶ
2404 4835 2556 4884 τοῦτο
2601 4829 2661 4885 ο·’›
2716 4824 2941 4885 δέδοται.
3007 4826 3103 4884 Καὶ
3144 4823 3229 4882 διὰ
3286 4831 3442 4881 τοῦτο
3489 4826 3624 4899 μετᾶ
3673 4846 3805 4879 συν-

420 4916 874 4978 recusationem.
911 4917 1174 4979 Solvitur
1212 4917 1391 4977 etiam
1428 4916 1871 4977 matrimonium
1906 4920 2059 4996 (3.3),

420 5022 553 5065 cum
587 5005 836 5066 maritus
888 5015 987 5069 aut
1042 5025 1187 5068 uxor
1237 5006 1295 5067 iu
1356 5005 1752 5086 captivitatem
1811 5007 2062 5080 venerit,

421 5110 488 5150 ac
520 5113 625 5173 per
653 5095 1126 5175 quinquennium
1187 5114 1303 5156 non
1363 5102 1613 5166 constet,
1678 5114 1819 5157 num
1882 5098 2057 5157 \ivaL

423 5179 484 5242 Si
515 5201 653 5244 vero
684 5195 899 5265 praster
927 5195 1193 5267 statutas,
1228 5183 1674 5267 inquit,anobis
1713 5202 1923 5246 cau<as
1937 5184 2064 5246 ausi

2154 4918 2402 4983 αινὲσεως
2458 4920 2620 4983 αὐτῆς
2675 4914 2758 4973 δεῖ
2814 4917 3043 4993 γίνεσθαι
3125 4924 3223 4982 την
3298 4914 3656 4995 χειροτονίαν,
3715 4915 3807 4970 καὶ

2147 5006 2311 5069 οὕτως
2368 5004 2746 5063 ἐπακολουθεῖν
2816 5004 3193 5085 ἀπαραιτήτως
3248 5004 3345 5071 τὴν
3394 5003 3593 5070 ταύτης
3658 5001 3800 5058 ἀπό-

2147 5119 2353 5174 καρσιν.
2388 5096 2576 5152 Λύεται
2619 5094 2793 5172 γάμος
2843 5095 2933 5150 καὶ
2988 5092 3116 5149 ὅταν
3178 5091 3525 5172 αἰχμάλωτος
3579 5090 3802 5170 γένηται

2149 5189 2177 5243 ὁ
2220 5185 2377 5265 ἀνὴρ,
2436 5184 2473 5252 ἢ
2516 5186 2550 5253 ἡ
2621 5184 2753 5261 γονή
2786 5198 2802 5213 ⁸
2863 5180 3060 5250 ἄδηλον
3115 5181 3174 5237 ὃν
3230 5180 3317 5238 ἐπὶ
3361 5183 3697 5261 πενταετίαν,
3761 5182 3806 5238 εἴ

1739 5352 2000 5418 νΑιιηΕ
2048 5351 2363 5420 LECTION
2374 5352 2479 5418 ES.

502 5458 586 5544 ξϐᾐ
615 5461 913 5541 ὑφίσταται,
999 5461 1060 5510 47
1112 5465 1162 5518 αἱ
1217 5463 1399 5536 αἰτίαι,
1456 5459 1501 5517 δ’
1562 5463 1624 5524 ἃς
1682 5464 1963 5544 χωρίζεται
2019 5464 2049 5519 ὁ
2104 5461 2238 5540 ᾇνὴρ
2292 5465 2393 5529 τῆς
2436 5457 2706 5540 γυναικός.
2789 5454 2854 5507 48
2903 5452 2959 5511 ἐν
3013 5454 3216 5534 ἁγνείᾳ.
3302 5451 3368 5505 49
3409 5453 3804 5535 μεθισταμένῳ,

418 5542 481 5593 50
508 5541 639 5599 διότι
652 5585 667 5601 .

1996 5646 2244 5714 NOTAE.

507 5756 625 5833 (33t
661 5755 1034 5833 Novellalﬂ,
1069 5774 1197 5833 cap.
1233 5758 1292 5821 6.

507 5821 625 5919 (34)
652 5836 723 5903 D.
758 5821 954 5903 novel.
988 5821 1044 5904 θ’.
1077 5821 1179 5903 36.

2239 5753 2361 5837 (35)
2388 5752 2461 5817 D.
2496 5750 2693 5816 novel.
2725 5751 2827 5827 92,
2857 5768 2989 5835 cap.
3017 5751 3077 5814 ’7.
