4120 6416
313 399 472 475 1911

1645 397 2360 478 Gnaeo—mnuum.

3541 412 3708 480 1282

317 552 406 623 ζῇ.
468 546 525 604 Ei
582 541 636 600 δὲ
679 546 822 625 παρὰ
875 546 970 610 τὰς
1026 543 1114 627 ὕφ’
1169 548 1345 623 ἡμῶν,
1395 549 1548 628 φησὶ,
1621 547 1992 627 διωρισμένας.

2077 545 2296 627 [uidam
2329 545 2550 606 fuerint
2612 545 3054 608 matrimonium
3087 545 3317 608 solvere
3353 563 3368 610 :
3417 544 3705 626 jubemns

319 636 487 700 αἰτίας
545 633 872 710 τολμήσουσί
944 657 1082 700 τινες
1149 633 1375 693 διαλύειν
1444 640 1535 694 τὸν
1602 640 1798 717 γάμον,
1871 659 1968 694 κε-

318 722 562 802 λεύομεν,
624 724 668 780 εἰ
712 724 810 799 μὲν
865 725 1144 790 κατιόντας
1189 724 1366 804 ἔχοιεν
1409 725 1520 783 εἴτε
1549 727 1601 794 ἐξ
1645 729 1825 808 αὐτοῦ,
1858 726 1970 784 εἴτε

321 812 374 879 ἐξ
402 811 566 870 ἄλλου
617 813 816 892 γάμου,
860 815 954 878 τὰς
1009 819 1181 874 αὐτῶν
1237 809 1422 881 οὖσίας
1447 816 1664 882 ἐκείνοις
1720 815 1969 888 δίδοσθαι,

321 904 410 960 καὶ
452 903 641 967 αὐτοὺς
675 905 748 967 εὶς
792 905 1146 984 μοναστήριον
1193 901 1448 984 (36),,...
1501 904 1726 963 δίδοσθαι
1770 906 1830 963 ἐκ
1874 911 1972 972 τῆς

322 991 497 1055 εὒσίας
555 993 750 1051 αὐτῶν.
829 994 885 1049 Ei
949 991 1004 1049 δὲ
1068 994 1146 1068 μὴ
1225 991 1404 1074 ἔχοιεν
1478 995 1782 1068 κατιόντας,
1838 993 1976 1052 ἀλλά

323 1082 590 1146 ἀνιόντας,
621 1083 835 1147 τούτους
866 1084 927 1138 τὸ
981 1083 1156 1157 τρίτον
1197 1083 1356 1164 μέρος
1420 1089 1519 1152 τῆς
1562 1087 1737 1150 οὖσίας
1804 1089 1976 1144 αὐτῶν

323 1167 635 1246 λαμϐάνειν,
711 1172 754 1227 εί
799 1171 876 1246 μὴ
932 1177 1002 1247 τῇ
1051 1170 1193 1228 λύσει
1259 1179 1349 1230 τοῦ
1404 1175 1578 1252 γάμου
1661 1174 1972 1250 συνῄνεσαν.

325 1261 384 1316 Εἰ
426 1257 499 1352 8%..
540 1260 677 1336 μήτε
720 1260 978 1339 ἀνιόντες,
1027 1262 1164 1336 μήτε
1203 1263 1474 1326 κατιόντες
1522 1264 1656 1337 εἶεν,
1692 1263 1978 1338 κελεύομεν

323 1349 499 1405 πᾶσαν
551 1358 649 1416 τὴν
691 1351 867 1406 οὖσίαν
931 1363 1050 1412 τοῖς
1110 1354 1508 1432 μοναστηρίοις,
1565 1356 1651 1417 οἷς
1694 1349 1981 1421 ἐνεϐλήθη-

325 1459 444 1508 σαν,
477 1435 727 1494 δίδοσθαι.
777 1436 943 1495 Ἀλλά
971 1441 1060 1496 καὶ
1103 1441 1222 1504 τοὺς
1279 1442 1344 1498 τὰ
1402 1449 1618 1498 τοιαῦτα
1648 1439 1978 1504 συντιθέντας

327 1527 550 1602 ἀθέμιτα
619 1525 916 1603 συμϐόλαια
998 1527 1278 1605 κελεύομεν
1353 1545 1477 1595 ταῖς
1550 1534 1623 1594 είς
1691 1533 1752 1587 τὸ
1823 1536 1979 1604 σῶμα

326 1629 543 1682 ποιναῖς
598 1614 1005 1679 ὑποϐάλλεσθαι.
1084 1619 1180 1675 Καὶ
1249 1620 1322 1683 εἷς
1379 1618 1575 1698 ἐξορίαν
1655 1619 1976 1694 πέμπεσθαι.

330 1705 388 1760 Εἰ
428 1701 484 1760 δὲ
541 1707 590 1761 οἱ
646 1707 736 1762 τὸν
777 1705 948 1784 γάμον
991 1704 1132 1762 λύειν
1175 1707 1613 1788 ἐπιχειρήσαντες
1670 1705 1981 1784 βουληθεῖεν

2053 634 2350 715 siquidem
2376 634 2634 696 habeant
2656 634 3093 698 descendentes
3113 635 3201 698 vel
3235 635 3432 697 exhoc
3447 635 3705 716 ipso,vel

2054 743 2123 786 ex
2137 723 2830 804 aliomatrimonio,utiis
2851 724 3116 800 ipsorum
3142 725 3450 786 facultates
3462 726 3701 804 dentur,

2057 823 2114 875 et
2134 813 2193 873 in
2225 812 2732 874 mononasterium
2764 813 2955 893 ipsi...
2995 830 3067 876 ex
3096 813 3362 894 ipsorum
3393 814 3566 878 bonis
3596 818 3705 876 tri-

2057 898 2337 962 buantur.
2371 899 2474 962 Sin
2508 899 2947 962 descendentes
2976 900 3174 963 nullos
3204 901 3482 978 habeant,
3545 911 3610 966 ut
3666 901 3712 962 ii

2059 988 2291 1050 tertiam
2311 987 2604 1050 bonorum
2623 997 2850 1070 partem
2867 999 3328 1072 consequantur,
3356 992 3406 1052 si
3427 991 3708 1053 solutioni

2058 1077 2420 1140 matrimonii
2437 1096 2554 1140 non
2567 1079 2999 1141 consenserint.
3013 1077 3178 1151 Quod
3193 1079 3244 1140 si
3257 1097 3365 1142 nec
3381 1080 3711 1143 ascenden-

2063 1178 2173 1242 tes,
2192 1185 2299 1230 nec
2316 1167 2752 1230 descendentes
2769 1177 3023 1231 exstent:
3043 1169 3324 1248 jubemus
3339 1171 3538 1232 omnia
3552 1169 3708 1232 bona

2063 1257 2459 1336 monasteriis,
2478 1257 2537 1318 in
2552 1275 2682 1337 quae
2699 1257 2964 1318 conclusi
2987 1258 3226 1334 iuerint,
3251 1257 3512 1322 attribui.
3549 1256 3706 1331 Quin

2061 1345 2239 1406 etiam
2272 1346 2399 1406 hzec
2427 1346 2824 1408 instrumenta
2875 1346 3102 1432 nefaria
3129 1347 3534 1428 conﬁcientes,
3569 1345 3706 1409 sub-

2054 1433 2164 1513 jici
2197 1435 2388 1514 poenis
2409 1434 2842 1515 corporalibus,
2868 1443 2928 1498 et
2951 1435 3011 1497 in
3041 1435 3314 1498 exsilium
3332 1455 3384 1496 m
3413 1437 3482 1500 tti
3503 1436 3706 1517 praeci-

2065 1522 2274 1602 pimus.
2311 1522 2417 1585 Sin
2447 1535 2645 1586 autem
2677 1524 2742 1599 ii,
2787 1524 2890 1605 qui
2938 1525 3254 1586 divortium
3286 1524 3485 1587 facere
3513 1524 3710 1587 conati

2062 1611 2320 1688 fuerunt,
2357 1633 2562 1675 rursus
2614 1615 2672 1674 in
2727 1613 3162 1675 matrimonium
3223 1615 3387 1676 coire
3412 1613 3704 1676 voluerint

2065 1709 2382 1783 antequam
2413 1702 2474 1763 in
2505 1702 2872 1765 monasteria
2903 1702 3066 1764 missi
3099 1703 3241 1779 sint,
3273 1702 3332 1764 id
3361 1703 3576 1782 agendi
3628 1703 3708 1765 li-

327 1790 488 1848 πάλιν
550 1794 760 1858 ἑαυτοῖς
822 1793 1112 1868 συνελθεῖν,
1173 1797 1293 1876 πρὶν
1364 1795 1425 1853 ἂν
1485 1793 1790 1871 ἐμϐληθῶσι
1876 1816 1980 1870 μο-

2077 1793 2323 1852 centiam
2356 1792 2502 1873 ipsis
2531 1793 2936 1864 concedimus,
2973 1800 3032 1856 et
3049 1792 3360 1873 praedic-tas
3390 1811 3593 1872 pinnas
3622 1792 3710 1856 eis

749 1855 755 1858 _
1100 1855 1112 1868 ,
1215 1855 1225 1876 ,
1513 1855 1522 1871 .
1647 1855 1659 1862 .
1876 1855 1886 1870 .

328 1884 652 1962 ναστηρίοις,
713 1883 860 1941 ἄδεια
913 1885 1122 1948 τούτοις
1198 1883 1390 1942 δίδοται
1466 1883 1590 1964 παρ’
1659 1886 1838 1960 ἡμῶν,
1895 1884 1985 1939 καὶ

2077 1855 2450 1959 remittimds,
2486 1885 2754 1964 adeoque
2783 1855 3091 1946 facultates
3111 1902 3245 1945 suas
3266 1855 3528 1947 retinere
3551 1893 3713 1966 pote-

327 1971 422 2034 τὰς
493 1973 882 2052 προειρημένας
958 1975 1143 2038 ποινὰς
1203 1984 1585 2055 συγχωροῦμεν
1641 1976 1823 2038 αὐτοῖς
1895 1973 1984 2028 καὶ

2077 1980 2225 2034 runt.
2261 1973 2335 2034 At
2365 1992 2480 2033 una
2516 1990 2768 2053 persona
2797 1971 3240 2034 matrimonium
3299 1990 3576 2034 revocare
3603 1991 3711 2034 vo-

331 2061 424 2123 τάς
494 2059 626 2125 ἰδίας
672 2060 819 2143 ἔχειν
862 2064 1186 2142 περιουσίας,
1249 2071 1352 2122 Του
1410 2062 1456 2120 δ’
1520 2065 1635 2128 ἐνὸς
1700 2062 1984 2140 προσώπου

333 2146 653 2226 ϐουλομένου
709 2154 800 2209 τὸν
857 2153 1029 2231 γάμον
1081 2152 1522 2229 ἀνακαλέσασθαι,
1601 2155 1644 2209 εἰ
1716 2155 1792 2227 μη
1868 2173 1986 2206 συν-

335 2237 560 2296 αινέσειε
630 2241 718 2297 καὶ
775 2242 838 2298 τὸ
894 2240 1094 2320 ἕτεροι,
1181 2243 1317 2301 κατά
1385 2251 1478 2301 τοῦ
1533 2242 1611 2317 μὴ
1668 2239 1988 2318 βουλομένου

335 2341 550 2406 κρατεῖν
607 2329 702 2395 τὰς
775 2331 987 2396 ποινάς.
1047 2337 1221 2389 Ταῦτα
1305 2328 1359 2387 δὲ
1413 2329 1697 2406 κελεύομεν
1757 2330 1986 2409 γίνεσθαι

337 2418 427 2474 καὶ
481 2419 616 2474 κατά
685 2420 931 2500 πρόνοιαν
1006 2427 1112 2477 τῶν
1181 2419 1598 2502 θεοφιλεστάτων
1655 2419 1960 2476 ἐπισκόπων

342 2507 398 2564 Εἰ
441 2505 495 2564 δὲ
539 2509 674 2566 κατά
716 2509 1006 2567 συναίνεσιν
1063 2509 1373 2590 ἀμφοτέρων
1431 2510 1535 2566 τῶν
1567 2516 1762 2587 μερῶν,
1797 2511 1833 2576 ἢ
1864 2503 1982 2564 κατ’

341 2595 510 2676 ἔρωτα
579 2599 919 2679 σωφροσύνης
977 2597 1154 2665 λυθείη
1237 2599 1433 2677 γάμος,
1509 2597 1790 2673 κελεύομεν
1842 2596 1984 2658 εὒθὺς

341 2689 562 2769 ἑκάτερα
641 2692 709 2746 τὰ
788 2689 924 2770 μέρη
997 2691 1382 2771 προσέρχεσθαι
1455 2697 1532 2765 τῷ
1589 2691 1807 2769 μονήρει
1865 2688 1984 2766 βίῳ,

339 2779 578 2856 ἀζημίων
637 2777 882 2846 δηλονότι
941 2779 1346 2859 φυλαττομένων
1417 2783 1608 2838 αὐτῶν.
1681 2780 1741 2835 Εἰ
1799 2776 1853 2834 δέ
1907 2798 1988 2840 τις

339 2868 538 2925 τούτων
563 2868 600 2937 ἢ
656 2868 817 2946 γάμῳ
871 2869 1170 2948 προσέλθοι,
1231 2869 1267 2937 ἢ
1323 2873 1476 2942 πενίᾳ
1533 2869 1835 2948 περιπέσοι,
1892 2867 1989 2934 τὴν

341 2962 518 3013 πᾶσαν
575 2961 732 3016 αὐτοῦ
789 2957 1086 3036 περιουσίαν
1143 2961 1190 3014 οἱ
1244 2955 1432 3022 παῖδες
1490 2957 1752 3032 λήψονται
1787 2952 1989 3036 (518‘;

341 3043 540 3110 παῖδας
596 3047 691 3103 οὐκ
739 3044 880 3126 ἔχει,
911 3047 974 3101 τὸ
1003 3044 1261 3121 δημόσιον
1292 3046 1451 3103 αὐτὸν
1481 3044 1791 3112 διαδέξεται.
1827 3035 1884 3101 εΟ
1916 3031 1992 3108 ξθ’

340 3143 434 3193 τοῦ
515 3134 748 3214 μεγάλου
820 3134 1092 3192 Βασιλείου
1159 3136 1334 3192 κανών
1367 3153 1382 3168 ⁸
1471 3137 1528 3193 Εἰ
1621 3134 1987 3213 ἀναγνώστης,

345 3227 497 3306 φησὶ,
582 3231 653 3303 τῇ
728 3226 885 3282 αὐτοῦ
971 3226 1414 3308 μεμνηστευμένη
1493 3226 1595 3304 πρὸ
1665 3234 1759 3284 τοῦ
1821 3224 1995 3302 γάμου

349 3317 596 3395 μιχθείη,
669 3314 918 3382 κάκείνης
1001 3321 1157 3373 τοῦτο
1243 3314 1527 3392 ἑλομένης,
1601 3314 1688 3371 ἐπ’
1757 3313 1997 3369 ἒνιαυαὸν

346 3405 724 3487 ἀφοριζόμενος
779 3405 852 3468 εἷς
905 3405 968 3461 τὸ
1049 3404 1429 3484 ἀναγινώσκειν
1496 3402 1657 3463 πάλιν
1705 3402 1993 3475 ἐπάνεισιν,

349 3498 422 3561 εἷς
467 3498 679 3570 μείζονα
735 3494 813 3570 μὴ
865 3495 1182 3575 προκόπτων
1234 3493 1455 3572 ϐαθμόν.
1511 3496 1570 3552 Ei
1624 3491 1679 3550 δὲ
1709 3491 1996 3569 μνηστείας

349 3587 516 3668 χωρὶς
572 3583 804 3642 συνέλθοι
860 3586 1086 3664 γυναικὶ,
1159 3585 1248 3642 καὶ
1325 3586 1368 3641 εί
1447 3581 1632 3641 λαὸεῗν
1689 3582 1852 3650 αὐτὴν
1922 3581 1994 3644 εἷς

349 3690 577 3756 γυναῖκα
627 3673 817 3752 λόγους
874 3673 1012 3737 ἴσως
1054 3673 1171 3750 μετ’
1228 3675 1392 3741 αὗτῆς
1435 3672 1696 3746 ἐποιεῖτο,
1768 3672 1855 3726 καὶ
1899 3671 1997 3739 τῆς

349 3776 456 3825 τοῦ¹
496 3763 836 3843 ἀναγνώστου
890 3763 1176 3842 ὑπηρεσίας
1242 3761 1506 3824 ἐκπίπτει.
1565 3763 1625 3820 Εἰ
1681 3760 1738 3817 δὲ
1792 3759 1998 3838 ὑπηρέ-

350 3877 450 3923 της
480 3853 598 3922 iam
655 3850 998 3916 ὑποδιάκονος
1053 3856 1130 3927 τῷ
1185 3849 1407 3932 δευτέρῷ
1463 3852 1616 3908 πάθει
1675 3849 1855 3930 ἁλοίη,
1899 3854 1998 3932 τῆς

354 3940 640 4020 ὑπηρεσίας
699 3937 974 3996 ἐκϐάλεται
1016 3925 1234 4005 τελέως.
1298 3925 1357 3996 ’ὁ
1382 3925 1459 3996 δὲ
1513 3938 1726 4002 ἔννατος
1773 3925 1868 4006 τῆξ
1920 3925 2003 4011 C'

354 4029 590 4104 συνόδου,
649 4030 740 4086 τὸν
815 4031 890 4092 εἷς
971 4029 1144 4108 γάμον
1225 4029 1502 4086 κοινωνίαν
1584 4027 1846 4108 ἀγόμενον
1903 4025 2000 4093 τὴν

355 4120 518 4198 ἑτέρῳ
613 4117 1110 4194 μεμνηστευμένην,
1204 4117 1280 4175 ἔτι
1359 4128 1454 4178 τοῦ
1535 4115 2002 4193 μνηστευσαμένου

355 4209 628 4289 περιόντος
675 4221 794 4271 τοῖς
848 4213 946 4275 τῆς
994 4209 1242 4287 μοιχείας
1294 4205 1585 4269 ὑποϐάλλει
1642 4206 2000 4285 ἐγκλήμασιν.

356 4300 418 4356 Ei
472 4296 527 4354 δὲ
572 4297 650 4372 μὴ
711 4303 977 4374 γαμικῶς,
1035 4295 1172 4354 ἀλλά
1243 4303 1505 4384 πορνικῶς
1561 4297 1696 4372 μετά
1753 4294 2004 4362 τοιαύτης

2010 3095 2050 3145 C

2068 2060 2250 2142 lente,
2282 2062 2334 2123 si
2361 2063 2545 2123 altera
2575 2080 2808 2143 quoque
2865 2079 3116 2142 persona
3164 2080 3282 2122 non
3314 2062 3707 2140 consenserit,

2067 2151 2352 2212 adversus
2374 2170 2503 2212 eam
2533 2170 2720 2230 poenae
2749 2159 2890 2212 rata;
2905 2151 3048 2224 sint,
3071 2169 3204 2231 quae
3223 2150 3441 2212 renuit.
3456 2151 3594 2213 Hac
3610 2169 3711 2214 au-

2072 2246 2188 2302 tem
2225 2241 2355 2302 ﬁeri
2381 2241 2661 2320 jnbemus
2693 2240 3127 2302 interveniente
3159 2239 3531 2320 providentia
3562 2241 3710 2303 reli-

2068 2331 2546 2410 giosissimorum
2579 2333 3018 2413 episcoporum.
3045 2331 3215 2404 Quod
3245 2332 3297 2394 si
3327 2351 3434 2414 per
3463 2352 3717 2395 consen-

2073 2439 2204 2482 sum
2235 2423 2540 2503 utriusque
2563 2421 2847 2500 partisvel
2863 2439 3064 2484 amore
3079 2421 3380 2502 pudicitiae
3401 2423 3715 2485 matrimo-
3752 2459 3757 2462 -

2075 2509 2241 2571 nium
2271 2511 2528 2574 solutum
2561 2511 2778 2574 fuerit:
2806 2511 3112 2591 jubemus,
3142 2519 3204 2572 ut
3229 2513 3430 2574 statim
3463 2521 3714 2594 utraque

2077 2619 2212 2680 pars
2243 2599 2315 2662 ad
2349 2601 2524 2662 vitam
2556 2601 2878 2663 solitariam
2910 2601 3173 2677 accedat,
3208 2601 3291 2662 ita
3319 2601 3560 2682 quidem
3591 2611 3715 2664 uta

2075 2689 2266 2768 poenis
2287 2690 2587 2752 immunes
2611 2688 3298 2770 maneant.Quodsiquis
3318 2691 3711 2752 eorumvclad

2072 2776 2218 2839 alias
2249 2778 2481 2858 nuptias
2509 2779 2855 2852 convolarit,
2891 2779 2981 2840 vel
3012 2778 3071 2839 in
3134 2787 3542 2858 paupertatem
3571 2779 3716 2839 inci-

2072 2865 2229 2928 derit
2265 2886 2278 2928 :
2311 2867 2508 2928 omnia
2536 2868 2799 2948 ipsorum
2858 2866 3012 2928 bona
3063 2866 3237 2928 liberi
3265 2867 3578 2947 accipient.
3614 2866 3718 2929 Sin

2073 2954 2248 3016 liberi
2278 2955 2423 3017 nulli
2450 2976 2517 3017 ex
2531 2965 2707 3031 stent,
2736 2959 2909 3018 liscus
2928 2955 3229 3017 succedet.
3265 2954 3550 3017 Caeterum
3581 2973 3720 3019 Lm

2074 3043 2278 3106 Basilii
2337 3045 2533 3124 magni
2589 3065 2828 3107 canon:
2907 3045 2971 3106 Si
3045 3043 3253 3119 lector,
3312 3043 3525 3124 inquit,
3583 3064 3718 3107 cum

2078 3133 2374 3215 desponsa
2405 3133 2522 3195 sibi
2545 3135 2794 3196 muliere
2810 3144 2946 3195 ante
2959 3131 3287 3195 celebratas
3312 3135 3548 3213 nuptias
3563 3134 3722 3196 coie-

2077 3223 2177 3298 rit,
2209 3223 2383 3286 etiam
2406 3223 2533 3302 ipsa
2555 3223 2992 3298 consentiente,
3017 3222 3090 3284 ad
3107 3221 3511 3302 annispatium
3526 3241 3724 3304 segre-

2079 3318 2269 3392 gatur,
2297 3319 2356 3374 et
2375 3312 2446 3374 ad
2474 3312 2713 3374 lectoris
2741 3311 2981 3392 quidem
3008 3330 3223 3372 munus
3251 3311 3430 3383 redit,
3465 3311 3571 3374 sed
3604 3331 3723 3374 ma-

2073 3404 2268 3479 jorem
2281 3400 2352 3463 ad
2375 3401 2624 3479 gradum
2643 3419 2759 3462 non
2782 3399 3147 3481 provehitur.
3170 3401 3277 3462 Sin
3298 3401 3520 3482 absque
3547 3420 3725 3481 spon-

2078 3489 2301 3553 salibus
2313 3509 2446 3551 cum
2472 3491 2723 3552 muliere
2737 3489 3230 3552 consuetudinem
3243 3487 3476 3563 habeat,
3493 3489 3728 3552 tametsi

2080 3577 2230 3640 forte
2253 3577 2450 3640 verbis
2472 3586 2530 3640 et
2565 3578 2930 3656 signiﬁcarit,
2979 3596 3046 3640 se
3071 3579 3233 3640 illam
3246 3578 3566 3640 ducturum
3584 3598 3730 3638 uxo-

2079 3684 2238 3729 rem:
2290 3667 2466 3729 etiam
2509 3667 2838 3729 ministerio
2883 3667 3125 3728 lectoris
3175 3666 3421 3729 excidit.
3477 3665 3641 3738 Quod
3676 3666 3729 3728 si

2085 3756 2360 3818 minister
2387 3757 2510 3819 sive
2539 3757 2825 3818 diaconus
2852 3758 2966 3818 hoc
2992 3757 3177 3818 altero
3204 3755 3343 3818 vitio
3381 3755 3724 3836 deliquerit,

2084 3845 2414 3907 ministerio
2472 3864 2579 3908 suo
2636 3863 2878 3926 prorsus
2935 3844 3195 3924 ejicitur.
3277 3843 3479 3907 Nonus
3527 3856 3728 3907 autem

2083 3944 2268 3997 sextae
2297 3934 2505 4014 synodi
2531 3952 2720 3995 canon
2751 3951 2912 4006 eum,
2945 3933 3046 4014 qui
3074 3932 3245 3995 alteri
3276 3933 3636 4012 desponsam
3667 3931 3731 3992 in

2085 4022 2448 4084 matrimonii
2477 4021 2840 4085 consortium
2869 4021 3130 4102 asciscit,
3160 4021 3354 4084 adhuc
3383 4020 3486 4082 iito
3515 4037 3730 4101 super-

2083 4112 2241 4186 stite,
2273 4120 2370 4193 qui
2423 4111 2724 4194 sponsalia
2774 4111 3099 4184 contraxit;
3160 4110 3397 4174 crimini
3450 4109 3732 4172 adulterii

2084 4201 2346 4283 subjicit.
2379 4201 2546 4273 Quod
2577 4203 2626 4262 si
2658 4220 2775 4263 non
2809 4199 3172 4263 matrimonii
3221 4201 3374 4279 lege,
3416 4199 3521 4261 sed
3556 4217 3728 4262 scor-

2087 4292 2265 4352 tando
2295 4310 2428 4353 cum
2461 4291 2563 4352 tali
2592 4290 2886 4372 quispiam
2930 4308 3058 4352 rem
3112 4289 3408 4363 habuerit,
3443 4297 3567 4350 tum
3597 4288 3732 4368 ipse

357 4409 439 4453 τις
495 4385 844 4466 συμφθαρείη,
918 4388 1006 4443 καὶ
1066 4389 1218 4451 οὗτος
1421 4388 1619 4466 μοιχὸς
1663 4397 1992 4463 τιμωρεῖται1

2093 4396 2370 4462 tanquam
2401 4381 2652 4456 adulter,
2688 4389 2811 4443 tum
2835 4378 3052 4441 mulier
3071 4387 3133 4440 ut
3150 4379 3424 4440 adultera
3444 4377 3688 4456 punitur
3715 4393 3732 4438 :

357 4479 445 4534 καὶ
485 4478 520 4544 ἡ
549 4476 683 4555 γυνὴ
715 4477 790 4540 ὡς
823 4473 1098 4557 μοιχαλίς.
1139 4467 1196 4533 Ὀ
1247 4473 1302 4532 δὲ
1329 4475 1430 4543 τὴν
1460 4473 1744 4552 μνηστείαν
1774 4473 2005 4550 ἀγνοῶν,

361 4569 434 4630 ὡς
463 4566 678 4646 πόρνος.

893 4695 915 4730 ε
952 4675 1076 4754 Περὶ
1105 4673 1412 4752 μνηστείας.
1452 4697 1481 4730 ι

445 4782 555 4850 Τὴν
624 4781 724 4861 γὰρ
777 4781 1064 4858 μνηστείαν
1123 4783 1171 4837 οἱ
1214 4779 1492 4856 νομοθέται
1543 4779 1824 4860 ὁρῖςονται,
1871 4779 2010 4852 μνή-

366 4895 475 4950 μην
529 4872 618 4930 καὶ
675 4869 993 4951 ἐπαγγελίαν
1036 4877 1141 4927 τῶν
1201 4868 1502 4948 μελλόντων
1558 4870 1769 4948 γάμων,
1829 4870 1926 4927 Καὶ
1985 4870 2014 4925 ὁ

366 4963 464 5038 μὲν
496 4967 783 5025 Μωσαῖκος
837 4960 997 5036 νόμος
1048 4961 1122 5025 ὡς
1166 4959 1338 5037 γάμον
1394 4958 1492 5027 τὴν
1543 4959 1828 5035 μνηστείαν
1887 4955 2013 5014 ἐλο-

367 5051 563 5131 γίζετο.
608 5051 708 5109 Καὶ
763 5052 792 5107 ὁ
849 5051 948 5117 τὴν
1015 5048 1162 5123 ἄλλῳ
1216 5047 1692 5125 μεμνηστευμένην
1769 5047 2012 5127 φθείρων,

369 5143 442 5206 ὡς
473 5141 670 5220 μοιχὸς
715 5138 1016 5210 ἐκολάζετο.
1080 5139 1178 5196 Καὶ
1237 5134 1419 5206 ἐπειδὴ
1477 5138 1546 5193 τὰ
1600 5141 1698 5204 τῆς
1729 5135 2016 5212 μνηστείας

370 5234 552 5293 αὒτοϊς
596 5229 924 5309 συνήρμοττε
980 5225 1238 5302 σύμϐολα,
1300 5227 1390 5284 καὶ
1441 5239 1670 5305 γυναῖκα
1724 5226 1822 5294 τὴν
1870 5247 2016 5301 μνη-

369 5317 502 5386 στὴν
579 5318 981 5399 προσαγορεύει.
1053 5315 1405 5375 Ἐταπείνωσε
1487 5316 1609 5395 γὰρ,
1689 5315 1843 5396 φησὶ,
1921 5313 2018 5380 τὴν

2091 4473 2192 4554 ιμιὶ
2222 4491 2363 4535 vero
2395 4473 2693 4554 sponsalia
2742 4470 3043 4533 celebrata
3087 4469 3416 4552 ignorabat,
3453 4480 3734 4549 tanquam

2093 4570 2403 4625 scortator.

2663 4668 2750 4732 De
2771 4666 3172 4750 sponsalibus.

2175 4774 2616 4857 Sponsaliat37)
2651 4792 2905 4853 namque
2948 4775 3102 4854 juris
3124 4782 3396 4837 auctores
3425 4772 3738 4846 deﬁciunt,

2098 4864 2464 4926 mentionem
2485 4872 2542 4925 et
2565 4863 3356 4946 promissionemfuturarnm
3375 4862 3738 4944 nuptiarum.

2097 4955 2182 5017 Ac
2212 4955 2308 5016 lex
2337 4953 2579 5035 quidem
2613 4953 2866 5016 Mosaica
2897 4954 3256 5016 matrimonii
3289 4953 3418 5015 loco
3442 4952 3745 5033 sponsalia

2097 5041 2379 5106 habebat.
2414 5041 2484 5104 Et
2514 5045 2610 5124 qui
2644 5042 3000 5123 desponsam
3047 5042 3218 5104 alteri
3279 5041 3543 5118 vitiabat,
3607 5049 3742 5102 tan-

2099 5151 2275 5215 quam
2292 5133 2525 5195 adulter
2547 5129 3316 5214 puniebatur.Sponsalium
3339 5148 3574 5212 quoque
3595 5147 3748 5211 sym-

2101 5223 2252 5286 bolis
2280 5221 2454 5298 datis,
2488 5239 2707 5303 sponsa
2735 5238 2955 5283 nomen
2999 5220 3199 5282 uxoris
3226 5219 3579 5301 accipiebat.
3614 5217 3745 5282 Hu—

2105 5311 2374 5383 miliavit,
2406 5309 2619 5392 inquit,
2651 5327 2898 5374 uxorem
2930 5308 3220 5391 proximi:
3275 5309 3390 5372 hoc
3426 5316 3538 5384 est,
3571 5323 3748 5389 spor-

1945 5490 2200 5558 NOTAE.

460 5607 587 5690 (36)
624 5605 723 5672 Sic
785 5605 1083 5690 restitue:
1137 5606 1212 5690 είς
1269 5606 1620 5690 μοναστήριον
1650 5599 2025 5690 ἔμςάλλεσθαβι,

377 5681 480 5748 καῖ
520 5681 639 5753 τοῖς
699 5689 1073 5766 μοναστηρίοις
1114 5681 1370 5765 τέσσαρας
1425 5681 1636 5765 om!“
1684 5681 1911 5748 δίὸοςται
1961 5681 2026 5766 ἐκ

377 5773 478 5838 τῆς
521 5773 608 5828 καὶ
635 5763 788 5850 ἕτερα
820 5788 835 5804 ·
892 5763 1013 5848 ipsi
1037 5763 1476 5847 conjiciantur,
1501 5763 1509 5765 “
1532 5771 1590 5828 et
1640 5763 2032 5830 mortth

2108 5599 2592 5680 umiatquatupr
2620 5616 2698 5665 ea:
2724 5601 3023 5680 ipsorum,
3053 5608 3168 5664 etc.

2109 5705 2115 5710 ’
2191 5678 2396 5762 (37)].
2435 5687 2458 5741 ι
2496 5678 2564 5741 n.
2599 5681 2690 5745 De
2717 5678 3124 5762 sponsalibus.
