4120 6416
344 387 501 468 1285

1666 390 2388 475 once-nouum.

3560 388 3715 464 1986

332 538 471 607 ὅλως
526 538 744 617 ἐννόμου
798 541 1091 618 μκηστείας
1131 543 1220 599 καὶ
1276 540 1541 623 ἀσφαλοῦς
1579 545 1926 626 ὑποφέρεσθαι
1958 568 1969 581 ·

2064 541 2421 623 sponsalium
2454 542 2653 607 locum
2684 561 2803 605 non
2833 539 3164 621 obtineant,
3186 537 3292 603 sed
3322 545 3549 601 tantum
3583 534 3710 597 vel-

332 627 452 686 ἆλλ⁹
511 632 587 694 ὡς
645 629 996 712 έπερωτήσεις
1053 632 1213 707 μόνον
1270 632 1668 714 ἠσφαλισμένας
1722 636 1982 716 κρίνεσθαί

331 740 390 775 τε
460 721 548 777 καὶ
619 718 853 800 ἐνεργεῖν
906 723 1042 777 κατὰ
1102 722 1162 778 τὸ
1209 720 1321 788 ἔθος
1376 727 1482 778 τῶν
1537 722 1713 781 ἄλλων
1785 724 1980 782 συναλ-

332 806 624 887 λαγμάτων
657 828 672 844 ·
741 808 976 890 ἐνεργεῖν
1019 807 1074 866 δὲ
1128 810 1220 867 τὸν
1262 811 1490 868 παλαιὸν
1547 814 1707 889 νόμον
1764 816 1855 870 τὸν
1899 814 1984 871 ἐπὶ

331 903 399 975 τῇ
454 898 712 974 μνηστείᾳ
781 898 1168 978 ἐκφωνηθέντα,
1255 900 1309 957 ἐν
1391 915 1510 966 τοῖς
1591 902 1983 979 κεκωλυμένοις

331 991 638 1070 προσώποις
735 990 1065 1072 εἷσέρχεσθαι
1165 992 1250 1050 ἐπὶ
1346 995 1444 1062 τὴν
1556 995 1983 1076 ἆποζευχθεῖσαν

331 1081 599 1156 μνηστὴν,
660 1079 745 1138 διὰ
800 1083 861 1138 τὸ
915 1082 1211 1160 περιούσιον
1267 1087 1367 1152 τῆς
1437 1086 1579 1164 παρᾶ
1636 1093 1980 1165 Χριστιανοτς

332 1167 816 1246 ἐμπολιτευομένης
845 1173 1237 1239 καταστάσεως.
1295 1175 1356 1232 Εἴ
1407 1176 1508 1255 γὰρ
1564 1176 1651 1232 καὶ
1699 1177 1775 1253 μὴ
1834 1198 1979 1252 μνη-

332 1258 477 1315 στεία
530 1257 639 1316 ἐστὶ
702 1260 837 1316 κατὰ
886 1261 948 1316 τὸ
1003 1259 1213 1342 ἀκριϐὲς
1271 1263 1487 1331 ἐντελὴς
1558 1265 1619 1322 τὸ
1677 1265 1978 1344 γινόμενον,

331 1344 449 1403 ἀλλ’
505 1346 586 1404 ὅτι
631 1346 830 1405 σκοπὸν
886 1347 1032 1430 ἔχειν
1105 1355 1393 1426 μνηστείας
1450 1352 1622 1428 δοκεῖ,
1688 1355 1777 1410 καὶ
1818 1354 1980 1430 θεμέ-

330 1434 445 1500 λιος
516 1437 691 1515 γέμω
765 1436 993 1498 ἐντεῦθεν
1070 1439 1586 1522 προκαταϐάλλεται,
1667 1442 1846 1508 καλῶς
1916 1442 1979 1500 ἂν

329 1524 450 1605 ἔχοι
507 1527 573 1581 τὰ
618 1526 964 1589 κεκωλυμένα
1018 1530 1095 1606 τῷ
1165 1531 1312 1607 νόμῳ
1370 1533 1630 1612 πρόσωπα
1687 1534 1776 1589 καὶ
1833 1533 1977 1597 αὖθις

328 1613 647 1690 κωλύεσθαι,
728 1619 818 1675 καὶ
915 1618 1116 1696 μηδένα
1198 1623 1270 1685 εἷς
1355 1635 1583 1701 γυναῖκα
1664 1620 1976 1703 λαμϐάνειν,

327 1703 393 1771 ἣν
448 1707 477 1761 6
534 1705 761 1772 παλαιὸς
816 1708 977 1784 νόμος
1036 1712 1280 1784 μνηστήν
1337 1733 1475 1774 τινος
1520 1712 1830 1790 γενομένην,
1877 1717 1977 1779 τῆς

328 1795 615 1876 μνηστείας
655 1794 918 1873 λυομένης
963 1801 1056 1855 οὐκ
1114 1798 1316 1879 ἀφῆκεν
1378 1799 1542 1880 ἑτέρῳ
1610 1801 1746 1858 κατᾶ
1808 1801 1981 1880 γάμον

330 1884 698 1966 συνέρχεσθαι.
732 1920 739 1925 -

710 2008 741 2050 α
772 1991 896 2071 Περὶ
926 1993 1208 2067 μνηστείας
1234 1991 1526 2072 κληρικῶν,
1565 2018 1593 2051 ι»

410 2089 625 2169 Ἀμέλει
682 2093 771 2149 καὶ
828 2092 923 2150 οὒκ
977 2093 1186 2174 ἐφεῖταί
1256 2119 1359 2154 τινι
1428 2102 1535 2155 τῶν
1589 2107 1683 2157 τοῦ
1732 2098 1976 2174 βήματος

327 2182 535 2256 Θανάτῳ
617 2184 655 2250 ἢ
735 2179 873 2261 ἄλλῃ
944 2184 1084 2257 αἰτίᾳ
1166 2190 1264 2253 τῆς
1349 2186 1542 2249 οἰκείας
1621 2184 1975 2267 διαζευχθέντι

330 2273 593 2356 μνηστῆςΔ
628 2273 732 2352 πρὸ
803 2280 896 2331 τοῦ
966 2273 1162 2352 γάμου,
1241 2275 1390 2356 ἑτέρα
1476 2276 1822 2333 συνάπτεσθαι
1878 2298 1975 2354 γυ-

329 2359 468 2414 ναικί
579 2350 680 2418 ίΟἽ
762 2361 777 2381 ⁸
983 2350 1045 2352 Γ
1148 2363 1159 2381 ’
1329 2350 1409 2385 ’⁸
1761 2367 1805 2398 ‘-
1893 2350 1927 2385 -'

335 2444 347 2446 _
474 2407 489 2421 .
720 2382 820 2441 γαρ
899 2383 1247 2431 πεποιηκέναι
1320 2386 1476 2424 τουτο
1553 2368 1832 2446 φωραθειι,
1901 2387 1976 2429 ως

328 2444 811 2527 δευτερογαμήσας
843 2454 1200 2532 καθαιρετται,
1263 2454 1363 2511 Καὶ
1416 2455 1444 2510 ὁ
1487 2444 1734 2529 ἐμπεσὼν
1790 2452 1870 2521 εἴς
1925 2476 1977 2510 τι

326 2536 564 2594 τοιοῦτον
645 2540 1018 2619 ἀναγνώστης,
1106 2544 1178 2606 εἷς
1262 2541 1438 2621 ἕτερον
1544 2545 1602 2600 ού
1687 2543 1976 2622 προκόπτει

323 2625 552 2703 βαθμόν.
611 2631 671 2686 Εἰ
721 2629 778 2687 δὲ
823 2631 1116 2697 ἆσύστατός
1175 2631 1317 2689 ἐστιν
1368 2633 1404 2701 ἡ
1449 2632 1728 2710 μνηστεία,
1795 2634 1838 2690 εἷ
1881 2634 1980 2708 μὲν

323 2716 387 2770 τὸ
457 2720 813 2798 κατεγγυηθὲν
883 2723 1170 2801 πρόσωπον
1237 2729 1315 2797 τῷ
1390 2721 1591 2779 θέλοντι
1676 2724 1978 2802 ἱερωθῆναι,

322 2804 415 2860 τὶν
468 2805 618 2865 ἕκτον
690 2808 919 2890 ὑπερέϐη
968 2812 1186 2892 χρόνον,
1247 2816 1306 2871 οὗ
1364 2813 1896 2893 παραχωρηθήσεται
1952 2813 1981 2868 6

322 2897 789 2984 μνηστευσάμενος
889 2901 1043 2983 ἑτέρα
1142 2901 1457 2981 συναφθῆναι
1552 2904 1781 2984 γυναικὶ,
1883 2905 1971 2959 καὶ

323 2979 493 3070 οὕτως
548 2986 848 3065 ἱερωθῆναι,
919 2979 1154 3069 Δίγαμος
1232 2979 1330 3070 γάρ
1397 2979 1660 3070 λογίζεται
1730 2979 1814 3048 Biar
1872 2992 1972 3061 τὴν

320 3068 624 3153 ἐπιθυμίαν,
657 3098 736 3151 τῳ
789 3068 1038 3147 δεκτικὴν
1090 3077 1283 3159 ἔρωτος
1306 3068 1485 3136 εἶναι
1531 3088 1820 3147 τηνικαῦτα
1875 3082 1972 3149 τὴν

2066 632 2147 694 uti
2177 632 2542 695 conﬁrmatae
2571 632 2984 715 stipulationes
3014 631 3367 708 habeantur,
3402 638 3462 692 et
3490 645 3712 690 secun—

2066 721 2205 783 dum
2236 722 2489 784 aliorum
2508 726 2885 785 ’contractum
2909 719 3403 783 consuetudinem
3421 717 3709 797 obligent:

2066 812 2252 874 veteri
2276 813 2427 889 lege,
2453 831 2585 892 quae
2606 812 2680 874 de
2701 810 3079 893 sponsalibus
3096 816 3186 871 est
3204 808 3503 888 publicata
3529 805 3716 869 robur

2068 899 2130 962 in
2164 901 2235 963 nis
2266 900 2523 963 habente
2579 898 2880 983 personis,
2940 898 3158 980 quibus
3210 915 3346 959 cum
3376 896 3707 977 repudiata,

2065 1008 2283 1070 sponsa
2304 990 2365 1051 in
2389 989 2836 1052 matrimonium
2857 990 3021 1051 coire
3064 985 3429 1069 prohibitum
3467 993 3579 1059 est,
3615 985 3710 1046 id-

2063 1097 2180 1160 que
2204 1088 2447 1161 propter
2466 1079 2595 1160 ejus
2618 1088 2829 1152 status,
2852 1078 2953 1159 qui
2972 1077 3129 1158 apud
3145 1075 3514 1141 Christianos
3535 1076 3712 1155 viget,

2063 1167 2526 1231 incrementum.
2559 1169 2719 1231 Licet
2749 1169 2908 1230 enim
2940 1166 3144 1229 subtili
3178 1165 3409 1228 ratione
3440 1183 3561 1226 non
3590 1164 3713 1227 sint

2062 1255 2191 1318 haec
2223 1257 2483 1339 perfecta
2513 1257 2836 1339 sponsalia,
2870 1265 3069 1318 tamen
3101 1255 3238 1336 quia
3255 1253 3621 1336 sponsalium
3645 1252 3713 1313 ﬁ-

2063 1363 2201 1407 nem
2233 1345 2455 1410 habere
2508 1347 2805 1428 videntur,
2862 1354 2917 1407 et
2949 1344 3289 1427 nuptiarum
3322 1343 3462 1405 hinc
3493 1342 3706 1403 funda-

2064 1443 2327 1498 mentum
2363 1436 2627 1518 pouitur,
2662 1455 2779 1498 non
2810 1435 2919 1499 abs
2948 1453 3014 1497 re
3046 1433 3363 1516 prohibita;
3384 1451 3490 1514 per
3519 1432 3710 1513 legem

2064 1543 2332 1604 personae
2378 1544 2587 1589 rursus
2651 1525 3148 1608 impedimentum
3211 1522 3535 1597 habebunt,
3598 1540 3712 1583 nec

2061 1614 2372 1696 quisquam
2406 1634 2535 1676 eam
2595 1633 2839 1678 uxorem
2893 1614 3094 1689 ducet,
3155 1630 3332 1693 quam
3392 1615 3588 1693 prisca
3616 1610 3709 1672 lex

2060 1725 2338 1787 sponsam
2386 1706 2644 1788 alicujus
2687 1707 2922 1781 factam,
2974 1703 3183 1768 solutis
3241 1701 3618 1785 sponsalibus
3647 1702 3709 1763 in

2066 1795 2507 1858 matrimonium
2541 1815 2674 1858 cum
2706 1798 2892 1860 altero
2921 1794 3081 1857 coire
3113 1812 3232 1855 non
3265 1792 3557 1874 permisit.

2427 1987 2516 2051 De
2544 1988 2902 2053 clericorum
2930 1984 3337 2068 sponsalibus.

2115 2092 2274 2152 Sane
2286 2108 2401 2152 non
2422 2091 2782 2171 purmittitur
2797 2088 2975 2152 alicui
2991 2088 3335 2168 dignitatem
3348 2085 3679 2150 ecclesiasti
3692 2122 3706 2132 -

2059 2198 2188 2241 cam
2202 2194 2402 2260 gerent
2417 2181 2456 2254 i,
2471 2181 2571 2262 qui
2588 2181 2797 2243 mortis
2811 2179 3131 2242 alteriusve
3160 2195 3355 2240 causae
3374 2177 3707 2238 interventu

2059 2280 2364 2350 separatus
2396 2271 2779 2351 sitasponsa
2807 2288 2915 2332 sua
2966 2277 3105 2331 ante
3157 2267 3415 2348 nuptias,
3475 2275 3539 2327 ut
3596 2265 3712 2327 alia

2060 2378 2197 2421 cum
2252 2359 2501 2420 muliere
2533 2358 2866 2441 copuletur.
2899 2357 3045 2421 Nam
3075 2357 3176 2438 qui
3206 2356 3320 2418 hoc
3350 2354 3566 2418 fecisse
3596 2355 3707 2416 de-

2063 2450 2394 2530 prehensus
2427 2450 2626 2525 fuerit,
2659 2459 2938 2531 tanquam
2995 2447 3261 2511 secundo
3292 2446 3547 2526 illigatus
3579 2463 3710 2508 ma-

2062 2539 2366 2617 trimonio,
2400 2540 2740 2621 deponitur.
2777 2540 2988 2602 Lector
3016 2538 3218 2614 etiam,
3252 2537 3354 2619 qui
3383 2536 3500 2598 tale
3525 2535 3709 2617 quid-

2062 2649 2237 2710 quam
2270 2629 2540 2703 incurrit,
2576 2630 2647 2691 ad
2673 2628 2859 2700 alium
2890 2628 3138 2708 gradum
3186 2645 3305 2688 non
3340 2625 3706 2706 pravehitur.

2061 2717 2228 2792 Quod
2254 2719 2304 2781 si
2337 2728 2609 2781 constare
2641 2717 2939 2798 sponsalia
2954 2735 3072 2778 non
3107 2723 3372 2797 possunt,
3406 2714 3703 2795 siquidem

2063 2816 2121 2870 et
2163 2809 2460 2890 desponsa
2490 2827 2764 2890 persona,
2814 2807 2913 2888 qui
2945 2805 3225 2867 sacerdos
3255 2804 3382 2864 ﬁeri
3418 2804 3559 2877 vult,
3596 2822 3707 2865 an-

2063 2914 2205 2960 num
2236 2907 2463 2959 sextum
2495 2897 2682 2959 aetatis
2710 2894 2986 2969 excessit,
3040 2913 3159 2955 non
3219 2891 3597 2974 permittetur
3625 2892 3705 2968 ei,

2055 2987 2154 3068 qui
2189 3006 2318 3049 eam
2342 2987 2458 3050 sibi
2483 2985 2820 3068 deSpondit,
2851 2983 3048 3046 utalia
3074 3001 3208 3044 cum
3244 2980 3498 3043 muliere
3529 3000 3707 3060 copu-

2057 3076 2231 3152 letur,
2245 3085 2421 3157 atque
2444 3077 2524 3138 ita
2536 3075 2814 3138 sacerdos
2830 3074 2951 3136 ﬁat.
2965 3074 3118 3136 Nam
3133 3070 3403 3150 digamus
3436 3089 3568 3132 esse
3587 3072 3621 3131 d
3633 3091 3706 3132 u-

318 3173 576 3234 γυναῖκα.
619 3166 679 3222 Εἰ
737 3164 792 3223 δὲ
841 3170 1019 3239 ἥττων
1074 3173 1179 3224 τῶν
1237 3166 1290 3234 ἓξ
1331 3169 1542 3249 χρόνων
1573 3169 1639 3238 ἧν
1667 3171 1728 3226 τὸ
1771 3191 1972 3249 κατεγ-

2064 3164 2240 3246 citur,
2273 3165 2502 3228 ratione
2533 3163 3054 3244 concupiscentia,
3089 3179 3225 3223 cum
3256 3161 3550 3222 hacaetate
3580 3178 3712 3221 mu-

314 3248 514 3341 γυηθὲγ
545 3256 686 3328 αὖτῳ
716 3256 1023 3336 πρόσωπον,
1077 3256 1165 3314 ὅτε
1219 3259 1255 3326 ἡ
1299 3257 1548 3326 ἀθέτησις
1604 3264 1709 3317 τῶν
1754 3248 1975 3341 συμφώ-

2065 3254 2174 3316 lier
2203 3256 2424 3317 amoris
2453 3273 2634 3336 capax
2665 3253 2761 3316 sit.
2795 3256 2865 3316 At
2895 3271 3033 3315 vero
3066 3251 3117 3313 si
3166 3249 3364 3311 minor
3392 3268 3493 3312 sex
3527 3249 3701 3312 annis

315 3359 429 3395 νων
485 3339 706 3420 ἐγίνετο,
752 3343 961 3405 δύναται
1031 3350 1060 3405 ὁ
1113 3357 1351 3412 τοιοῦτος
1409 3349 1498 3405 καὶ
1568 3347 1719 3428 ἑτέρᾳ
1773 3339 1975 3428 γυναικῖ

2064 3343 2139 3405 sit
2161 3363 2414 3425 persona
2435 3345 2751 3425 desponsa,
2772 3361 2888 3424 quo
2913 3350 3181 3422 tempore
3206 3347 3377 3419 pacta
3409 3340 3708 3419 sponsalia

319 3432 648 3518 συζευχθεὶς,
712 3434 996 3502 ἀκωλύτως
1056 3440 1131 3502 εἰς
1191 3438 1479 3518 ἱερωσύνην
1544 3437 1739 3496 ἐλθεῖν.
1815 3445 1980 3496 Τοῦτο

317 3514 385 3608 θὲς
446 3517 533 3576 ἐπὶ
601 3521 808 3581 λαϊκῶν
862 3526 922 3584 ού
986 3541 1197 3607 κρατεῖ.
1242 3514 1462 3591 -Μόνους
1530 3529 1629 3608 γὰρ
1696 3529 1819 3592 τοὺς
1881 3534 1975 3585 τοὖ

317 3607 590 3697 βήματος,
686 3619 810 3689 μιᾶς
884 3617 1157 3697 γυναικὸς,
1248 3618 1338 3674 καὶ
1419 3607 1615 3683 ταύτης
1693 3616 1969 3696 παρθένου,

315 3693 510 3777 ἄνδρας
554 3700 697 3758 εἶναι
727 3701 831 3766 δεῖ.
895 3693 1001 3762 Οἴα
1041 3693 1151 3762 καὶ⁷
1180 3706 1366 3770 αὐτοὺς
1405 3706 1617 3769 πάντως
1646 3711 1716 3782 τῇ
1773 3693 1959 3786 παρθεέ

316 3789 407 3858 νίᾳ
447 3790 550 3866 πρὸ
602 3791 787 3849 τούτου
843 3793 1276 3871 σεμνυνομένους.
1324 3793 1537 3859 Τελείας
1579 3792 1634 3850 δὲ
1678 3800 1777 3862 τῆς
1836 3817 1968 3871 μνη-

313 3876 498 3942 στείας
552 3881 737 3961 οὔσης,
806 3883 895 3939 καὶ
950 3885 995 3940 εἰ
1063 3886 1165 3965 πρὸ
1234 3891 1327 3941 τοῦ
1384 3883 1713 3964 συμμιγῆναί
1755 3889 1823 3961 τῇ
1877 3905 1974 3961 με-

313 3968 694 4045 μνηστευμένῃ
750 3972 840 4027 τὸν
892 3968 1071 4052 ἄνδρα,
1129 3973 1337 4048 θανάτῳ
1389 3973 1587 4041 ταύτης
1658 3970 1967 4045 διέζευκται,

312 4052 438 4145 οὐδὲ
481 4058 510 4112 6
541 4055 731 4126 λα’ἰκὸς
788 4058 974 4119 λαϐεῖν
1002 4059 1211 4119 δύναται
1268 4063 1305 4133 ἢ
1349 4060 1635 4145 έξαδέλφην
1664 4064 1887 4139 ταύτης,
1933 4063 1969 4132 ἢ

309 4143 498 4224 ἕτερον
579 4148 863 4226 πρόσωπον
919 4150 980 4208 ἐκ
1053 4160 1146 4211 τοῦ
1200 4152 1363 4229 νόμου
1433 4143 1836 4229 κεκωλυμένων.
1897 4154 1970 4211 0-3

2062 3433 2672 3507 reddebanturirrita,
2699 3439 2887 3513 potest
2907 3431 3038 3493 talis
3062 3429 3238 3491 etiam
3261 3429 3377 3491 alia
3402 3448 3537 3490 cum
3570 3448 3707 3490 mu-

2061 3522 2209 3586 liere
2220 3518 3510 3604 copulatus,nemineprohibenlesacerdotio
3527 3520 3583 3580 lu
3596 3520 3714 3598 ngi.

2055 3613 2173 3675 Sed
2210 3614 2320 3674 hoc
2352 3612 2411 3673 in
2444 3610 2612 3672 laicis
2648 3611 2843 3672 locum
2866 3628 2982 3669 non
3009 3606 3208 3669 habet.
3236 3608 3523 3669 Duntaxat
3547 3608 3707 3668 enim

2056 3701 2460 3764 ecclesiastica
2475 3700 2534 3760 in
2551 3699 2835 3779 dignitate
2850 3695 3202 3759 constitutus
3220 3694 3400 3756 unius
3411 3695 3703 3772 mulieris,

2056 3798 2114 3853 et
2133 3790 2376 3868 virginis
2399 3788 2637 3871 quidem
2657 3786 2897 3849 maritos
2927 3804 3058 3849 esse
3081 3792 3356 3867 oportet:
3395 3791 3455 3846 et
3483 3803 3615 3846 cum
3649 3793 3708 3847 et

2054 3879 2165 3960 ipsi
2199 3878 2444 3941 omnino
2475 3886 2611 3940 ante
2644 3875 3086 3940 matrimonium
3119 3881 3486 3936 contractum
3514 3873 3704 3954 virgi-

2057 3968 2256 4030 nitatis
2287 3967 2464 4030 laude
2495 3966 2736 4046 gloriari
2786 3963 3063 4027 debeant.
3119 3962 3407 4027 Craterum
3439 3962 3540 4024 ubi
3574 3981 3703 4044 per-

2047 4047 2206 4120 ‘fvcta
2230 4065 2368 4119 sunt
2389 4054 2711 4138 sponsalia,
2745 4054 2882 4116 licet
2920 4060 3237 4133 antequam
3271 4070 3406 4113 cum
3438 4052 3705 4133 despon-

2054 4155 2178 4210 sata
2195 4145 2310 4208 sibi
2342 4151 2427 4207 vir
2441 4154 2630 4215 coeat,
2654 4163 2756 4226 per
2775 4152 3026 4208 mortem
3047 4142 3119 4204 ab
3142 4160 3214 4205 ea
3232 4141 3706 4222 diremptusfue-

308 4234 481 4314 γᾶρῄ
541 4237 814 4321 συνάφεια,
873 4238 995 4297 ἀλλ’
1041 4243 1076 4310 ἦ
1119 4247 1217 4310 τῆς
1264 4243 1433 4323 εὐχῆς
1475 4240 1666 4310 τελετὴ
1696 4254 1847 4301 ποιεῖ
1870 4243 1970 4311 τὴν

2064 4237 2152 4320 rit,
2186 4255 2259 4298 ne
2285 4236 2470 4298 laicus
2501 4235 2742 4317 quidem
2775 4235 2999 4297 ducere
3048 4239 3240 4323 potest
3270 4231 3355 4292 vel
3388 4231 3704 4294 consobri—

308 4325 605 4401 μνηστείαν
660 4329 735 4393 ὡς
811 4330 982 4410 γάμον
1059 4320 1376 4411 λογίζεσθαι..
1462 4333 1522 4390 Εἴ
1606 4331 1785 4408 μέντοι
1867 4334 1969 4412 πρὸ

2064 4346 2190 4389 nam
2224 4326 2355 4407 ejus
2409 4325 2496 4387 vel
2557 4324 2729 4387 aliam
2784 4340 3098 4412 personam
3157 4321 3287 4400 lege
3319 4320 3700 4412 prohibitam.

306 4412 521 4479 τελείας
592 4409 994 4496 ἱεροτελεστίας,
1089 4409 1260 4497 μύνης
1343 4419 1398 4479 δὲ
1468 4421 1756 4498 μνηστείας
1840 4409 1969 4479 συν-

2064 4415 2183 4478 Νοη
2215 4415 2375 4477 enim
2408 4414 2537 4495 ipsa
2567 4412 2939 4494 oonjunctio,
2974 4409 3079 4473 sed
3110 4427 3239 4491 qua)
3258 4427 3498 4498 precum
3523 4409 3706 4474 inter-

310 4503 629 4611 κταμένης,
700 4509 793 4597 τὸν
877 4511 1091 4590 νυμφίον
1171 4516 1241 4589 τῇ
1312 4497 1559 4591 πενθερᾷ
1602 4513 1966 4591 ωμφθαρῆναι

2064 4514 2230 4567 ventu
2266 4506 2330 4568 lit
2359 4504 2757 4578 consecratio,
2790 4499 3091 4583 sponsalia
3121 4517 3226 4580 pro
3252 4497 3476 4579 nuptiis
3500 4499 3705 4562 haberi

308 4589 535 4675 συνέϐη,
581 4594 618 4664 ἢ
673 4592 836 4677 ἑτέρῳ
890 4588 1188 4679 συγγενικῷ
1242 4588 1513 4680 προσώπω
1568 4604 1666 4667 τῆς
1721 4588 1965 4676 μνήστῆς

2064 4595 2195 4662 Facit
2232 4594 2551 4657 Enimvero
2567 4592 2617 4656 si
2631 4600 2765 4655 ante
2785 4590 3102 4673 perfectam
3120 4588 3459 4680 nuptiarum
3491 4607 3706 4652 conse-

306 4684 498 4769 αὐτοῦ,
544 4675 903 4758 κωλυθήσεται
961 4675 1224 4768 δ’γάμος.
1286 4675 1365 4748 δύ
1393 4690 1516 4769 ’γὰρ
1558 4675 1770 4765 θεμιτδν
1799 4692 1961 4765 αἱμο-

2064 4684 2399 4760 :rationem,
2442 4680 2821 4763 sponsalibus
2848 4675 3497 4769 duntaxatAcontractis,
3520 4696 3706 4760 spon-

307 4767 492 4850 μιξίαν
546 4775 1002 4845 ποιήσαντας.....
1044 4764 1213 4847 -φησὶ
1267 4778 1366 4858 γὰρ
1489 4764 1659 4855 ,νόμος
1695 4801 1709 4817 ⁸
1756 4779 1832 4838 Τὰ
1869 4780 1959 4847 ἐξ·

2064 4793 2177 4845 ulm
2207 4792 2345 4834 cum
2377 4790 2552 4834 socru
2585 4765 3296 4849 stupriconsuetudinem
3324 4764 3547 4828 habere
3567 4786 3704 4829 con-

309 4865 497 4941 αρχῆς
553 4858 760 4940 βέϐαια,
825 4864 887 4921 ἐκ
957 4866 1062 4924 τῶν
1119 4865 1602 4944 έπισυμόαινόντῶν
1671 4872 1765 4929 οὒκ
1829 4869 1964 4927 ἀκυ-

2064 4862 2273 4947 Ligerit,
2303 4862 2392 4924 vel
2419 4881 2555 4923 cum
2585 4860 2699 4923 alia
2726 4876 2964 4947 sponsae
2992 4874 3115 4919 suae
3146 4864 3394 4947 cognata
3428 4874 3703 4939 persona,

308 4958 551 5033 ροῦνται.
2051 4944 2498 5017 matrimonium
2529 4948 2850 5013 vetabitur.
2884 4946 3014 5010 Non
3065 4944 3225 5009 enim
3258 4945 3343 5007 l‘as
3373 4953 3483 5015 est,
3518 4954 3579 5007 ut
3604 4946 3708 5028 qui

312 5042 733 5105 commiserint
761 5042 1137 5111 incestum...
1178 5045 1356 5126 Legis
1407 5046 1566 5110 enim
1626 5046 1805 5110 verba
1861 5053 1996 5110 sunt
2056 5043 2231 5126 (39):
2297 5042 2440 5114 Qua:
2501 5038 2574 5102 ab
2633 5037 2800 5101 initio
2854 5036 3075 5113 valent,
3128 5054 3196 5097 ex
3232 5042 3363 5116 post
3392 5034 3557 5098 factis
3590 5055 3709 5099 non

311 5129 728 5206 inﬁrmantur.

572 5249 591 5279 ί
629 5226 692 5280 Αἱ
721 5223 904 5306 αἰτίαι,
936 5222 1002 5282 δι’
1035 5226 1097 5292 ἃς
1128 5223 1306 5283 λύεται
1335 5228 1369 5296 ἡ
1401 5227 1682 5304 μνηστεία.
1706 5251 1728 5284 ο

2181 5218 2419 5292 Causae,
2447 5226 2702 5300 propior
2728 5234 2880 5297 quas
2899 5214 3208 5297 sponsalia
3239 5214 3584 5277 solvuntur.

2141 5327 2454 5410 Sponsalia
2483 5324 2852 5408 nuptiarum,
2910 5340 3077 5386 more
3106 5321 3432 5398 solvuntur,
3469 5329 3713 5404 propter

409 5330 599 5388 Δύεται
641 5329 697 5388 δὲ
739 5333 774 5401 ἡ
819 5336 1077 5409 μνηστεία
1120 5331 1300 5411 ὥσπερ
1341 5335 1388 5389 οἱ
1417 5335 1601 5411 γάμοι,
1648 5331 1716 5389 δι’
1747 5339 1976 5419 εὐπροσ-

2061 5417 2343 5483 honestas
2372 5416 2549 5480 hasce
2577 5430 2806 5478 causas.

317 5422 506 5484 ώπους
536 5422 728 5485 ταύτας
771 5426 939 5487 αἰτίας
950 5441 962 5457 ·

1903 5597 2152 5665 ΝΟΤιΕ.

411 5762 538 5846 (39)
568 5764 610 5830 l.
643 5765 746 5830 29.
779 5771 839 5828 et
867 5763 939 5829 D.
970 5764 1062 5829 Da
1088 5781 1215 5847 reg.
1239 5768 1374 5847 jur.
1404 5763 1446 5828 l.
1486 5760 1605 5839 Qui
1634 5778 1672 5827 a
1700 5760 1992 5844 qualibet.
2025 5762 2099 5829 Ι).
2120 5752 2228 5827 'De
2254 5757 2531 5827 contrah.
2566 5764 2748 5841 ἀνηρει
2781 5762 2841 5820 et
2861 5750 2909 5822 l.
2938 5753 2980 5817 5
3006 5750 3079 5819 D.
3110 5754 3191 5819 De
3217 5758 3379 5819 auct.
3416 5756 3527 5817 tut.
