4120 6424
511 375 658 442 1291

1892 373 1925 436 J
1933 374 2024 435 US
2065 371 2514 439 GANONICUM

3730 375 3874 440 1299

507 503 764 572 cundum
779 505 942 588 leges
953 501 2156 595 scilicet,segregationisubjici.Caeterum

2244 507 2675 586 ἀπολελυμένην,
2742 513 2820 588 μὴ
2888 516 3025 570 κατὰ
3084 514 3275 588 νόμους
3319 512 3546 587 δηλαδὴ,
3619 514 3877 595 ἆφορισμῷ

506 617 638 682 quae
669 599 776 659 hac
807 597 882 657 de
904 613 970 656 re
999 591 1254 674 Spiritus
1283 601 1523 654 sanctus
1553 609 1660 672 per
1691 610 1962 682 magnum
1989 593 2154 654 illum

506 680 741 752 Patrem
770 683 1057 749 Basilium
1083 682 1240 744 velut
1275 683 1516 743 oraculo
1571 680 1853 760 prodidit,
1898 681 1957 742 in
1999 701 2156 742 nono

503 778 694 860 ipsius
723 791 1089 855 canone,per
1110 771 1382 853 iniquum
1413 769 2155 860 fueritnonparticulatim

507 857 832 949 exponere.
865 863 1347 926 Consentaneum
1405 865 1572 949 erat,_
1595 857 1808 949 inquit,
1843 868 1906 920 ut
1936 877 2158 949 secun-

507 945 648 1020 dum
691 953 1046 1016 sententiam
1084 949 1345 1023 Domini,
1391 945 1762 1028 aequabiliter
1816 956 1932 1008 tam
1993 947 2155 1028 viris,

507 1063 683 1128 quam
715 1040 1092 1120 mulieribus,
1110 1037 1488 1101 scortationis
1509 1053 1686 1097 causa
1709 1036 2154 1101 matrimonium

482 1194 488 1200 .
506 1134 879 1199 dissolveret.
1793 1182 1802 1190 .

585 1221 810 1286 Verum
842 1217 1120 1282 Ecclesia;
1146 1215 1637 1278 consuetudinem
1662 1217 1740 1276 ita
1759 1224 2158 1296 comparatam

507 1333 628 1377 non
658 1330 791 1377 esse
803 1305 1210 1373 constaLNam
1233 1305 1305 1367 ad
1323 1305 1602 1366 mulieres
1616 1304 1772 1386 quod
1797 1307 2161 1376 attinet,ma-

504 1423 686 1485 gnam
716 1397 1154 1465 aceurationem
1185 1394 1543 1456 invenimus.
1582 1395 1864 1476 Apostolo
1895 1395 2158 1466 dicente;

507 1494 620 1568 Qui
651 1489 953 1558 meretrici
997 1485 1415 1566 agglutinatur,
1449 1503 1632 1544 unum
1668 1503 1738 1546 ea
1778 1502 1997 1564 corpus
2030 1493 2156 1553 est;

509 1593 569 1648 et
586 1580 844 1644 Jeremia
869 1600 882 1642 :
907 1576 969 1640 Si
990 1573 1233 1637 alterius
1251 1573 1359 1633 viri
1381 1573 1530 1634 facta
1553 1573 1827 1636 fuerit.ad
1863 1573 2038 1637 mari.
2062 1593 2162 1641 ea}

507 1691 682 1736 suum
731 1688 849 1732 non
905 1672 1256 1738 revertetur,
1309 1662 1416 1722 sed
1462 1662 1781 1742 polluendo
1830 1665 2156 1743 polluetur,

507 1761 624 1826 nisi
665 1758 940 1823 videlicet
986 1753 1231 1817 maritus
1264 1769 1394 1813 eam
1441 1751 1715 1832 recipere
1771 1753 2049 1816 voluerit.
2091 1754 2166 1818 Et

511 1851 796 1916 Solomon
850 1846 911 1908 in
959 1841 1344 1906 Proverbiis:
1407 1840 1519 1912 Qui
1569 1841 1902 1905 adulteram
1963 1843 2162 1916 habet,

509 1941 723 2006 stultus
749 1946 839 2001 est
867 1943 926 1998 et
955 1932 1174 2014 impius
1207 1954 1219 1990 :
1255 1931 1369 1992 hoc
1397 1938 1506 1998 est,
1542 1931 1642 2008 qui
1679 1949 1804 1992 rem
1837 1932 2164 1995 habetcum

510 2029 765 2096 muliere
793 2024 1152 2096 maritata,et
1173 2039 1347 2102 quam
1383 2039 1516 2082 esse
1545 2029 1775 2082 constat
1803 2022 2159 2085 adulteram.

508 2121 727 2185 Verum
759 2115 1006 2179 maritos
1033 2111 1389 2174 adulterium
1422 2111 1983 2185 committentes,vel
2004 2130 2160 2173 scor-

508 2219 724 2284 tantes,
757 2205 1020 2269 retinere
1046 2202 1171 2264 suis
1197 2199 1271 2262 ab
1305 2199 1590 2261 uxoribus
1617 2209 1840 2264 monet.
1874 2203 2022 2264 Nam
2043 2202 2165 2263 sive

510 2300 643 2382 quis
659 2295 940 2360 acerbum
972 2299 1162 2382 semet
1189 2308 1330 2369 erga
1359 2306 1608 2350 uxorem
1650 2289 1955 2362 exhibeat,
1990 2290 2164 2382 eique

506 2381 759 2452 verbera
778 2384 1026 2464 inﬂigat,
1065 2381 1410 2443 tolerantem
1443 2397 1508 2441 se
1538 2388 1702 2458 gerat
1730 2388 1959 2460 oportet
1995 2404 2011 2440 :
2041 2381 2164 2440 sive

509 2475 894 2561 pecuniarum
903 2473 1194 2561 jacturarr
1217 2468 1616 2561 faciat.._dotem
1628 2487 1738 2550 que
1751 2487 1917 2530 suam
1936 2469 2160 2561 assumi

510 2556 726 2641 videat,
753 2563 844 2626 vel
869 2563 1045 2624 etiam
1077 2559 1339 2640 zelotypa
1379 2556 1456 2618 sit
1486 2567 1799 2637 propterea
1831 2558 1990 2638 quod
2023 2577 2156 2619 cum

509 2655 643 2720 aliis
693 2656 938 2716 maritus
981 2647 1170 2728 stupri
1218 2647 1715 2708 consuetudinem
1768 2646 2006 2720 habeat,
2040 2665 2156 2708 non

511 2754 714 2809 tamen
745 2741 799 2804 ei
832 2737 1214 2822 permittitur,
1249 2745 1314 2797 ut
1345 2744 1586 2816 propter
1615 2735 1724 2796 has
1741 2755 1949 2798 causas
1978 2755 2011 2798 a
2039 2755 2159 2798 ma-

513 2835 628 2898 rito
657 2833 930 2894 divertat.
966 2827 1198 2908 Quippe
1235 2825 1286 2885 si
1333 2825 1618 2886 alterutro
1649 2825 1964 2904 conjugum
1998 2826 2158 2886 exis-

513 2931 678 2987 tente
707 2917 960 2992 inﬁdeli,
989 2914 1162 2978 alteri
1195 2913 1511 2976 divortium
1571 2913 1644 2974 ab
1693 2933 1764 2975 eo
1815 2914 2009 2976 facere
2041 2933 2158 2975 non

513 3013 676 3087 licet,
732 3011 808 3072 de
865 3005 1020 3070 beati
1051 3003 1211 3066 Pauli
1270 3001 1604 3066 sententia:
1641 3010 1953 3082 propterea
2001 3002 2160 3084 quod

2237 595 2546 662 ὑποϐάλλει,
2640 610 2751 658 Οσα
2806 623 2866 680 γε
2911 602 3018 676 μὴν
3062 604 3178 681 περὶ
3233 604 3416 659 τούτου
3455 605 3516 660 τὸ
3561 610 3767 678 Πνεῦμα
3817 606 3872 660 τὸ

2239 683 2388 762 ἅγιον
2459 685 2541 743 διὰ
2609 695 2701 744 τού
2744 689 2977 768 μεγάλου
3035 692 3238 770 Πατρὸς
3296 689 3562 766 βασιλείου
3607 690 3873 771 ἐχρησμο-

2239 769 2484 854 δότησεν,
2519 777 2573 832 ἐν
2616 785 2694 852 τῷ
2761 768 2812 834 θ’
2855 781 3011 838 αὖτοῦ
3047 780 3252 858 κάνονι,
3287 777 3536 856 ἄγνωμον
3580 777 3772 854 κομιδῆ
3802 781 3871 854 μὴ

2239 864 2374 919 κατὰ
2427 864 2584 944 μέρος
2617 865 2856 932 διεξέται.
2893 856 2988 922 Ἰ’Πν
3021 868 3142 946 γὰρ,
3175 869 3358 948 φησὶν,
3413 868 3696 925 ἀκολουθον
3750 870 3872 924 κατὰ

2240 951 2338 1018 τὴν
2395 960 2486 1010 τοῦ
2543 957 2731 1034 Κυρίου
2789 955 3076 1036 ἀπόφασιν.
3141 955 3313 1022 ἐξίσης
3371 959 3459 1013 καὶ
3528 955 3737 1030 ἀνδράσι
3795 958 3872 1012 καὶ

2241 1039 2458 1116 γυναιξὶ,
2524 1048 2624 1110 τὴν
2674 1049 2772 1112 τῆς
2830 1047 3076 1125 πορνείας
3134 1047 3300 1102 αἰτίαν
3370 1044 3514 1102 λύσιν
3588 1047 3727 1103 εἶναι
3792 1053 3874 1102 τοῦ

2239 1129 2438 1206 γάμου.

2326 1208 2388 1275 Ἠ
2452 1217 2505 1276 δέ
2561 1241 2622 1299 γε
2690 1227 2792 1289 τῆς
2837 1219 3157 1289 Ἐκκλησίας
3215 1224 3484 1300 συνήθεια,
3559 1221 3662 1302 οὔχ
3727 1222 3877 1288 οὕτως

2241 1304 2441 1386 ἔχουσα
2471 1306 2748 1373 δείκνυται,
2782 1309 2899 1368 Ἐπὶ
2944 1311 3039 1387 μὲν
3082 1313 3182 1392 γὰρ
3223 1318 3329 1368 τῶν
3373 1317 3633 1388 γυναικῶν
3683 1310 3874 1378 πολλὴν

2243 1398 2548 1476 εὑρίσκομεν
2603 1403 2702 1468 τὴν
2745 1397 3035 1478 ἀκρίϐειαν,
3097 1408 3185 1456 τοῦ
3239 1403 3336 1476 μὲν
3397 1399 3765 1457 Ἀπποστόλου
3789 1399 3875 1456 λέ-

2491 1479 2505 1499 (
3441 1495 3463 1504 ν

2242 1508 2449 1568 γονῖος.
2509 1497 2548 1546 Ο
2578 1489 2914 1566 κολλώμενος
2958 1497 3025 1567 τῇ
3055 1491 3246 1568 πόρνῃ,
3300 1492 3354 1548 ἓν
3397 1490 3552 1564 σωμά
3611 1489 3740 1546 ἐστι.
3786 1496 3879 1546 Τοῦ

2241 1573 2296 1630 δὲ
2343 1567 2614 1654 Ἱερεμίου,
2650 1577 2754 1657 ὅτι,
2805 1577 2931 1636 Ἐὰν
2957 1581 3176 1658 γένηται
3207 1577 3346 1657 ἀνδρὶ
3391 1579 3575 1658 ἑτέρῳ,
3621 1582 3716 1638 οὒκ
3769 1578 3880 1634 ἐπι-

2241 1664 2453 1743 στρέψει
2523 1669 2654 1745 πρὸς
2739 1671 2818 1724 ιὸν
2892 1665 3050 1747 ἀνδρα
3122 1668 3306 1741 αὐτῆς,
3383 1665 3518 1722 ἀλλὰ
3576 1667 3880 1742 μιαινομένη

2247 1755 2615 1836 μιανθήσεται,
2661 1757 2706 1812 εἰ
2751 1757 2829 1832 μὴ
2873 1756 3154 1833 βουληθείη
3213 1760 3240 1812 6
3285 1757 3418 1834 ἀνὴρ
3475 1758 3637 1823 αὖτὴν
3693 1753 3882 1823 δηλαδὴ

2248 1841 2658 1922 προσλαϐέσθαι.
2724 1847 2824 1904 Καὶ
2867 1849 2895 1902 6
2957 1844 3210 1921 Σολομῶν
3255 1845 3309 1901 ἐν
3351 1858 3473 1908 ταῖς
3530 1847 3835 1922 Παροιμίαις
3867 1860 3880 1873 ’

2250 1922 2307 1990 Ὀ
2353 1931 2498 2012 ἔχων
2529 1932 2840 2015 μοιχαλίδα,
2893 1933 3070 2016 ἄφρων
3127 1935 3214 1990 καὶ
3264 1931 3484 2007 ἀσεϐὴς,
3529 1933 3818 2013 τουτέστιν,
3861 1935 3886 1989 6
3957 1990 3966 1998 ,

2247 2023 2567 2100 μιγνύμενος
2657 2022 2901 2103 ὑπάνδρῳ
2973 2025 3200 2103 γυναικὶ,
3288 2025 3374 2080 καὶ
3444 2023 3564 2089 ἥτις
3641 2021 3885 2079 δείκνυται

2248 2109 2528 2190 μοιχαλὶς.
2590 2113 2719 2178 Τοὺς
2761 2111 2816 2168 δὲ
2851 2113 3204 2193 μοιχεύοντας
3263 2119 3368 2168 τῶν
3413 2109 3632 2190 ἀνδρῶν,
3709 2113 3744 2180 ἢ
3773 2133 3888 2191 πορ-

2246 2200 2510 2274 νεύοντας,
2579 2201 2896 2281 κατέχεσθαι
2942 2204 3042 2258 ὑπὸ
3085 2204 3189 2257 τῶν
3249 2199 3391 2256 ἰδίων
3442 2207 3705 2278 γυναικῶν
3758 2203 3886 2258 ὐπο-

2246 2290 2461 2352 τίθεται.
2512 2290 2639 2348 Εἴτε
2670 2294 2769 2371 γὰρ
2817 2294 2904 2350 καὶ
2961 2291 3354 2370 ἐμπικραίνοιτό
3410 2313 3489 2356 τις
3541 2298 3610 2368 τῇ
3666 2292 3882 2368 γυναικὶ,

2245 2380 2332 2435 καὶ
2385 2377 2594 2458 πληγὰς
2627 2380 2865 2462 ἐντείνοι,
2910 2394 3183 2461 καρτερεῖν
3216 2381 3411 2448 ταύτην
3463 2378 3546 2436 δεῖ
3582 2396 3604 2409 ··
3653 2381 3767 2436 εἴτε
3822 2381 3886 2442 ei;

2244 2469 2502 2546 χρήματα
2561 2475 2774 2544 ζημιοῖ,
2820 2470 3040 2536 κάκείνη
3111 2470 3209 2536 τὴν
3253 2482 3452 2548 προῖκα
3509 2466 3886 2543 suam“,va

2243 2557 2411 2635 ὁρώῃ,
2472 2557 2506 2625 ἢ
2565 2560 2653 2615 καὶ
2708 2558 3020 2630 ζηλοτύπως
3079 2557 3197 2639 ἔχοι
3256 2566 3334 2633 τῷ
3372 2557 3574 2636 ἑτέραις
3605 2561 3697 2614 τὸν
3741 2557 3887 2637 ἄνδρα

2243 2645 2660 2725 συμφθείρεσθαι,
2727 2649 2822 2704 οὐκ
2878 2647 3084 2728 ἐφεῖται
3144 2647 3310 2724 ταύτῃ
3363 2644 3748 2724 διαζεύγνυσθαι
3804 2654 3888 2704 τοῦ

2244 2732 2429 2813 ἀνδρὸς
2474 2737 2615 2804 παρὰ
2657 2743 2843 2794 ταῦτα.
2893 2739 2950 2793 Εἰ
3003 2738 3102 2814 γαρ
3172 2736 3392 2792 ἀπίστου
3449 2737 3728 2814 καθετέρου
3791 2743 3886 2793 τῶν

2245 2824 2624 2879 συνοικούντων
2707 2826 3088 2904 τυγχάνοντος,
3178 2823 3379 2903 θατέρῳ
3445 2826 3770 2904 χωρισθῆναι
3836 2827 3890 2883 οὗ

2245 2911 2478 2974 δύναται.
2527 2914 2662 2969 κατὰ
2703 2916 2794 2970 τὸν
2851 2915 3110 2991 μακάριον
3167 2913 3398 2988 Παῦλον,
3458 2913 3542 2970 διὰ
3596 2917 3659 2972 τὸ
3706 2914 3888 2982 ἄδηλον

2245 3008 2346 3070 τῆς
2414 3001 2679 3068 ἐκϐάσεως
2740 3005 2810 3084 (τί
2865 3007 2964 3085 γὰρ
3007 3004 3182 3085 οἶδας,
3242 3005 3418 3083 γύναι,
3492 3008 3676 3087 φησὶν,
3723 3010 3765 3064 εἰ
3807 3010 3889 3064 τὸν

513 3101 832 3164 obscurum
881 3097 980 3171 sit,
1013 3093 1155 3176 quid
1199 3091 1440 3155 evenire
1473 3099 1647 3172 queat
1690 3091 1947 3172 :(ecquid
1999 3092 2157 3154 enim

2250 3089 2404 3172 ἄνδρα
2460 3093 2665 3174 σώσῃς)
2707 3113 2721 3132 ⁸
2797 3101 2911 3158 πῶς
2983 3095 3253 3177 ἀνεύθυνος
3313 3093 3456 3151 ἔσται
3515 3097 3550 3163 ἡ
3593 3093 3662 3151 δι’
3721 3097 3888 3177 ἑτέραν

511 3187 719 3270 nostii,
771 3186 1009 3260 mulier,
1072 3181 1174 3258 ait,
1221 3200 1296 3244 an
1356 3190 1609 3270 martum
1671 3181 1751 3241 sis
1789 3180 2155 3270 servatura?)

511 3269 771 3361 quonam
815 3273 990 3336 modo
1036 3269 1508 3361 culpa__carebit,
1559 3288 1682 3361 _q_ue_
1715 3278 1956 3361 propter
1983 3269 2158 3361 aliam

509 3357 748 3431 causam
785 3361 1127 3444 conjugium
1199 3358 1511 3421 dissolvit?
1558 3357 1726 3422 Unde
1783 3359 2161 3420 concluditur

510 3475 665 3533 eam,
690 3473 823 3537 qua;
852 3453 1126 3515 maritum
1157 3448 1382 3528 absque
1405 3449 1566 3528 justa
1596 3467 1772 3509 causa
1803 3447 2157 3522 deseruerit,

508 3545 561 3609 si
587 3545 830 3608 alterius
853 3543 915 3605 in
936 3545 1297 3602 consortium
1323 3557 1458 3600 sese
1489 3537 1743 3611 dederit,
1772 3555 1876 3617 pro
1893 3537 2160 3599 adultera

508 3634 870 3698 habendam.
895 3630 1038 3704 Quae
1067 3647 1205 3692 vero
1239 3627 1508 3706 legitime
1539 3646 1671 3688 cum
1696 3625 1820 3688 viro
1835 3626 2070 3688 deserto
2096 3626 2158 3687 in

509 3743 750 3787 manum
779 3721 917 3796 coit,
944 3738 1057 3782 nec
1085 3726 1152 3780 ut
1179 3716 1587 3790 adultera,nec
1615 3725 1679 3778 ut
1708 3715 1988 3778 meretrix
2009 3735 2156 3779 con-

507 3814 845 3878 demnatur.
883 3811 1040 3874 Sane
1069 3808 1118 3870 si
1150 3806 1394 3869 maritus
1423 3807 1495 3868 ab
1523 3825 1704 3868 uxore
1735 3805 2068 3882 diverterit,
2102 3817 2160 3868 et

505 3903 579 3966 ad
608 3903 785 3966 aliam
837 3918 969 3962 sese
1026 3896 1370 3970 contulerit,
1413 3905 1536 3957 tum
1584 3895 1714 3976 ipse
1761 3894 1996 3956 adulter
2039 3904 2150 3972 est,

505 3991 684 4052 veluti
713 3990 814 4070 qui
843 3994 1057 4050 auctor
1084 3989 1184 4060 sit,
1219 3993 1282 4046 ut
1314 4003 1381 4045 ea
1409 4003 1516 4065 per
1543 3984 1898 4045 adulterium
1924 3984 2153 4062 pollua-

505 4084 624 4154 tur;
657 4087 777 4140 tum
823 4094 953 4156 qua
982 4075 1043 4136 in
1073 4074 1260 4155 ipsius
1309 4081 1396 4134 est
1445 4071 1856 4144 contubernio,
1890 4073 2155 4135 adultera

504 4175 595 4228 est
625 4175 935 4247 propterea
968 4165 1123 4245 quod
1161 4164 1434 4224 maritum
1466 4161 1724 4222 alienum
1765 4161 1835 4222 ad
1863 4179 1996 4222 sese
2028 4171 2150 4224 tra-

499 4253 758 4316 duxerit.
793 4251 930 4316 Hzer
954 4252 1232 4315 Basilius.
1255 4251 1339 4314 Ex
1371 4249 1667 4331 publicata
1695 4267 1834 4312 vero
1867 4251 2152 4331 deinceps

499 4341 742 4406 Novella
765 4342 1342 4420 Ju51inianea,quam
1377 4341 1451 4402 de
1475 4339 1770 4401 solutione
1796 4340 2158 4404 matrimonii

497 4611 772 4692 conjugia
801 4610 1132 4672 dissolvere
1181 4607 1538 4688 permissum
1571 4619 1660 4668 est
1689 4607 1813 4687 (51)
1841 4625 1854 4669 :
1890 4605 1950 4668 Si
1981 4607 2151 4670 vide-

492 4697 639 4764 licet
668 4701 877 4762 eadem
909 4698 968 4761 in
991 4697 1290 4773 domo,vel
1325 4697 1727 4770 civitate,cum
1751 4695 1870 4756 alia
1900 4696 2154 4760 muliere

494 4789 681 4870 stupri
703 4787 1204 4852 consuetudinem
1235 4787 1483 4849 maritus
1513 4787 1760 4858 habeat;
1793 4793 1850 4846 et
1899 4787 2148 4866 propin-

491 4878 626 4960 quis
651 4878 852 4941 uxoris
901 4896 1020 4940 suze
1069 4875 1515 4957 increpantibus
1546 4894 1707 4956 eum,
1741 4893 1810 4936 ac
1845 4877 2146 4936 monenti-

493 4966 626 5043 bus,
661 4977 727 5030 ut
773 4967 848 5029 ab
878 4966 1042 5030 illius
1073 4965 1509 5029 consuetudine
1534 4964 1850 5039 abstineat,
1885 4983 2000 5026 non
2035 4965 2144 5025 ob-

492 5055 984 5136 temperet.Tunc
1015 5057 1173 5118 enim
1207 5055 1442 5118 mulieri
1468 5055 1773 5134 permittit,
1810 5063 1874 5116 ut
1904 5061 2150 5134 propter

492 5144 850 5226 zelotypiam
883 5145 1337 5208 matrimonium
1385 5144 1590 5207 solvat.
1652 5143 1906 5206 Basilius
1951 5153 2144 5204 autem

491 5248 721 5296 canone
749 5233 1063 5297 tricesimo
1093 5235 1301 5316 quinto
1333 5255 1346 5295 :
1374 5235 1440 5296 ln
1461 5232 1553 5308 iis,
1587 5232 1799 5314 ait,qui
1833 5233 2143 5294 matrimo-

2241 5238 2327 5298 ,ἧς
2387 5231 2440 5287 ἐν
2505 5235 2809 5316 Καρθαγένῃ
2867 5227 3000 5316 ρξ’,
3064 5239 3182 5302 τοὺς
3238 5236 3574 5304 διαλυθέντας

2246 3183 2410 3238 αἰτίαν
2444 3181 2634 3240 λύουσα
2677 3185 2776 3252 τὴν
2819 3185 3060 3262 συζυγίαν
3096 3202 3112 3258 ;
3174 3168 3323 3239 Ὥστε
3354 3185 3388 3251 ἡ
3419 3186 3508 3240 τὸν
3552 3182 3714 3264 ἄνδρα
3755 3209 3886 3265 παρ-

2245 3268 2453 3348 αλόγως
2527 3271 2882 3348 ἀπολιποῦσα,
2945 3275 2987 3330 εἰ
3044 3270 3191 3346 ἄλλῳ
3244 3276 3568 3348 συνοικήσει,
3643 3275 3891 3356 μοιχαλὶς

2242 3357 2528 3436 λογίζεται,
2564 3363 2620 3417 Εἰ
2650 3359 2704 3418 δὲ
2737 3369 2814 3437 τῷ
2871 3361 3259 3442 καταληφθέντι
3288 3361 3352 3412 56
3405 3361 3548 3442 ἀνδρὶ
3576 3369 3888 3445 συναφθεῖσα

2243 3448 2504 3528 νομίμως,
2553 3449 2668 3506 οὔτε
2711 3452 2784 3515 ὡς
2815 3450 3092 3532 μοιχαλὶς,
3157 3449 3275 3508 οὔτε
3317 3453 3390 3516 ὡς
3434 3452 3604 3532 πόρνη
3638 3455 3892 3534 κατακρί-

2241 3558 2408 3596 νεται.
2456 3539 2515 3596 Εἰ
2547 3539 2643 3613 μέν
2673 3553 2788 3603 τοῖς
2819 3543 2847 3596 6
2877 3541 3009 3620 ἀνὴρ
3066 3541 3302 3604 ἀποστὰς
3360 3545 3460 3608 τῆς
3522 3546 3768 3620 γυναικὸς
3814 3543 3891 3600 ἐπ’

2241 3624 2410 3692 ἄλλην
2453 3625 2604 3709 ἦλθε,
2657 3631 2750 3708 ⁶καὶ
2790 3631 2946 3695 αύτὸς
2976 3633 3196 3710 μοιχὸς,
3245 3631 3318 3695 ὡς
3361 3635 3529 3686 ποιῶν
3573 3634 3740 3700 αὐτὴν
3771 3656 3892 3710 μοι·

2242 3719 2520 3795 χευθῆναι,
2585 3719 2671 3775 καὶ
2739 3721 2774 3788 ἡ
2849 3728 3159 3776 συνοικοῦσα
3209 3720 3379 3794 τούτῳ
3422 3720 3702 3800 μοιχαλὶς,
3766 3721 3891 3780 διότι

2241 3807 2368 3883 πρὸς
2425 3805 2620 3874 ἑαυτὴν
2703 3805 2981 3887 ἀλλότριον
3052 3807 3374 3884 μετέστησεν
3460 3807 3640 3889 ἄνδρα.
3733 3809 3894 3868 Ἀλλὰ

2239 3903 2402 3952 ταῦτα
2458 3896 2557 3970 μὲν
2605 3898 2778 3959 οὗτος,
2830 3894 2964 3954 Ἀπὸ
3007 3895 3062 3952 δὲ
3115 3901 3214 3964 τῆς
3262 3895 3474 3977 ὕστερον
3533 3897 3894 3981 ἐξενεχθείσης

2241 3981 2661 4042 Ἰουστινιανείου
2731 3993 2954 4067 Νεαρᾶς,
3016 3987 3082 4053 ἣν
3137 3987 3198 4042 τὸ
3251 3987 3370 4066 περὶ
3413 4009 3510 4056 της
3552 3987 3758 4055 λύσεως
3791 3991 3893 4069 γά-

2237 4093 2340 4147 μου
2383 4074 2494 4129 ἆνω
2553 4076 2698 4132 τεθὲν
2755 4077 2994 4156 περιέχει
3049 4074 3360 4157 κεφάλαιον,
3422 4080 3510 4134 καὶ
3568 4079 3704 4147 αὕτη
3775 4093 3894 4145 ταῖς

2237 4159 2423 4226 ἄλλαις
2477 4165 2666 4228 αἰτίαις
2723 4165 3030 4244 ἠρίθμηται,
3091 4163 3158 4220 δι’
3218 4166 3278 4229 ἃς
3323 4166 3466 4224 λύειν
3509 4182 3633 4232 ταῖς
3699 4169 3895 4248 γυναιξὶ

2234 4251 2299 4306 τὰ
2355 4252 2654 4309 συνοικέσια
2697 4251 2914 4316 δίδοται.
2977 4258 3034 4312 Εἰ
3085 4257 3139 4312 ἐν
3191 4263 3260 4333 τῇ
3306 4257 3438 4334 αὐτῇ
3481 4255 3686 4326 δηλαδη
3733 4261 3895 4331 οἰκείᾳ

2203 4340 2278 4406 ’ἦ
2323 4339 2498 4416 πόλει,
2532 4343 2682 4420 ἑτέρᾳ
2725 4345 2752 4399 6
2811 4343 2944 4422 ἀνὴρ
2988 4346 3352 4425 συμφθείροιτο
3411 4347 3638 4423 γυναικὶ,
3687 4351 3777 4405 καὶ
3807 4357 3895 4406 τοῦ

501 4449 684 4514 supra
715 4431 969 4514 positum
989 4438 1170 4511 caput
1199 4427 1664 4504 eontinet,etiam
1689 4429 1814 4490 haec
1844 4427 2001 4491 inter
2015 4431 2158 4493 alias
2185 4476 2204 4526 τ

499 4539 704 4584 causas
734 4531 824 4584 est
855 4529 1304 4592 connumerata,
1370 4526 1614 4598 propter
1667 4535 1815 4599 quas
1869 4518 2155 4581 uxoribus

2242 4428 2430 4507 μέρους
2490 4434 2588 4496 τῆς
2647 4428 2777 4494 ἰδίας
2861 4436 3108 4510 γυναικὸς
3180 4434 3550 4509 ἐπιτιμώντων
3606 4438 3752 4512 αὐτῷ
3807 4438 3892 4494 καὶ

2237 4517 2623 4593 ὑποτιθεμένων
2683 4519 2972 4589 ἀποςτῆναι
3020 4527 3119 4590 τῆς
3188 4524 3320 4600 πρὸς
3391 4522 3596 4592 ἐκείνην
3655 4524 3888 4601 ὁμιλίας,

2237 4610 2314 4680 μὴ
2370 4609 2621 4680 πεῖθοιτο.
2671 4617 2970 4676 Τηνικαῠτα
3023 4613 3122 4690 γὰρ
3180 4610 3322 4667 λύειν
3363 4613 3484 4676 τοὺς
3543 4614 3750 4691 γάμους
3810 4613 3892 4671 διὰ

2234 4693 2334 4760 τὴν
2363 4695 2686 4764 ζηλοτυπίαν
2734 4697 2966 4780 ἐφίησιν.
3029 4698 3118 4758 Ἐν
3163 4698 3217 4756 δὲ
3271 4709 3348 4777 τῷ
3381 4692 3484 4764 λε’.
3531 4707 3559 4760 6
3588 4704 3887 4778 Βασίλειος,

2235 4781 2318 4838 ἐπὶ
2347 4790 2452 4840 τῶν
2482 4783 2798 4846 διαλυόντων
2829 4791 2918 4844 τὸν
2949 4791 3121 4867 γάμον
3180 4789 3278 4856 τὴν
3334 4791 3503 4848 αἰτίαν
3547 4793 3682 4872 χρὴ,
3735 4796 3885 4874 φησὶ,

2233 4886 2478 4935 σκοπεῖν.
2516 4879 2613 4934 Καὶ
2662 4879 2704 4932 εἰ
2760 4879 2857 4952 μὲν
2915 4878 3234 4958 παραλόγως
3278 4887 3372 4936 τοῦ
3429 4879 3612 4960 ἀνδρὸς
3667 4883 3888 4963 ἀνεχώ-

2231 4984 2390 5041 ρησεν
2434 4965 2468 5032 ἡ
2525 4967 2681 5046 γυνὴ,
2727 4969 2762 5035 ἡ
2795 4967 2891 5042 μὲν
2949 4968 3250 5044 ἐπιτιμίων,
3283 4971 3311 5025 6
3336 4968 3390 5026 δὲ
3426 4973 3714 5048 συγνώμης
3749 4973 3886 5038 ἄξιος

2229 5052 2481 5132 κρίνεται.
2557 5059 2693 5136 Πρὸς
2765 5059 2828 5113 τὸ
2881 5072 3160 5115 κοινωνεῖν
3218 5058 3398 5134 μέντοι
3447 5066 3514 5137 τῇ
3570 5060 3886 5142 Ἐκκλησίᾳ,

2231 5146 2288 5200 οὗ
2356 5143 2464 5216 μὴν
2527 5148 2616 5201 καὶ
2661 5145 2812 5226 ἑτέρᾳ
2853 5145 3056 5216 δηλαδὴ
3115 5152 3428 5226 κεχρῆσθαι.
3488 5147 3655 5207 Ἀλλὰ
3714 5154 3801 5208 καὶ
3860 5153 3887 5206 6

3650 5246 3750 5308 τῆς
3799 5249 3888 5298 τοῦ

1826 5367 1924 5428 VA
1935 5362 2085 5428 BHE
2132 5361 2544 5430 LECTIONES

570 5455 635 5510 ὅθ
659 5459 694 5528 ἡ
726 5456 782 5516 δὲ
809 5467 888 5536 τῷ
915 5461 1326 5542 κακελειφθέντι.

2057 5593 2306 5661 ΝΟΤΛΕ.

577 5721 706 5805 (51)
737 5719 980 5786 Novella
1011 5726 1148 5805 H7,
1178 5747 1306 5813 cap.
1341 5731 1399 5793 8.
