4120 6412
252 385 273 446 1
285 383 404 447 293

1593 384 2162 452 ὒΒιΕΟΟ-ΗΟΜΑΝ
2170 385 2301 448 UM.

3483 386 3505 449 1
3517 382 3633 448 294

246 515 421 590 γάμου
445 517 740 590 συναφείας,
775 517 811 585 ἢ
841 515 1094 587 ἀλλήλοις
1139 516 1611 588 καταλλάττεσθαι,
1671 519 1708 588 ἢ
1765 517 1880 577 οῧτυ

1984 515 2149 577 nium
2182 515 2532 592 dissolvunt,
2567 533 2744 578 causa
2771 515 3209 580 consideranda
3229 516 3413 578 venit.
3447 516 3533 578 Ac
3555 517 3637 579 si-

249 601 424 678 μένειν
467 601 846 678 διακελεύεται,
880 608 1015 662 κατὰ
1062 608 1158 674 τὴν
1207 613 1300 664 τοῦ
1346 607 1531 686 Κυρίου
1575 608 1841 688 ἀπόφασιν
1873 627 1889 644 ⁸

255 714 283 746 ι
332 694 432 757 Οὒς
463 696 492 750 ὁ
522 697 648 761 Θεὸς
696 693 1011 770 συνέζευξεν,
1060 694 1330 776 ἅνθρωπος
1389 697 1467 772 μὴ
1513 698 1812 777 χωριζέτω,
1862 722 1891 754 n

251 782 351 840 Καὶ
377 789 470 840 τοῦ
499 783 826 842 Ἀποστόλου
862 803 876 818 ⁶

253 891 360 933 σιν,

1979 603 2221 686 quidem
2255 603 2480 686 absque
2501 605 2664 685 justa
2692 623 2873 668 causa
2902 605 3118 668 mulier
3137 624 3171 666 a
3198 605 3323 667 viro
3348 604 3630 688 secessit,

1979 693 2111 774 ipsa
2132 693 2351 775 poenis,
2384 695 2482 756 ille
2515 694 2682 756 venia
2707 695 2920 775 dignus
2948 694 3295 776 judicatur:
3329 693 3628 768 videlicet,

948 783 1159 843 Δέδεται
1201 787 1452 866 γυναικί;
1501 788 1578 862 μὴ
1625 789 1771 858 ζήτει
1799 787 1880 845 λύε

1980 795 2046 844 ut
2077 802 2214 845 cum
2245 782 2509 846 Ecclesia
2555 785 2979 858 communicet,
3034 803 3152 846 non
3203 783 3384 846 etiam
3415 791 3482 844 ut
3513 782 3631 844 alia

1985 875 2203 937 mulier
2229 884 2453 939 utatur.
2485 875 2639 948 Quin
2671 876 2848 938 etiam
2879 875 3088 957 synodi
3125 874 3634 955 Carthaginiensis

252 976 442 1022 canon
474 961 838 1024 centesimus
867 971 1068 1025 sextus
1097 965 1386 1046 praecipit,
1423 971 1484 1027 ut
1512 965 1614 1044 qui
1643 985 1677 1028 a
1707 966 2130 1046 conjunctione
2157 964 2578 1028 matrimoniali
2607 965 2996 1034 diverterent.
3029 965 3118 1026 vel
3143 964 3301 1027 inter
3330 983 3395 1026 se
3424 982 3631 1027 recon-

245 1049 546 1133 cilientur,
581 1052 671 1114 vel
702 1053 782 1115 ita
811 1053 1054 1116 cmlibes
1087 1063 1383 1127 maneant,
1412 1056 1582 1136 juxta
1613 1056 2049 1136 pronuntiatam
2081 1055 2233 1118 hanc
2259 1074 2292 1116 a
2323 1054 2572 1116 Domino
2621 1054 2975 1116 sententiam
3013 1076 3026 1112 :
3085 1053 3240 1128 Quos
3289 1054 3448 1117 Deus
3479 1070 3627 1117 con—

241 1140 471 1221 junxit,
505 1141 683 1204 homo
711 1161 836 1205 non
863 1151 1105 1223 separet
1132 1164 1145 1206 :
1182 1152 1238 1207 et
1259 1144 1359 1206 illa
1386 1145 1652 1225 Apostoli
1687 1166 1700 1207 :
1732 1147 2023 1225 Alligatus
2055 1163 2120 1206 es
2152 1144 2318 1206 uxori
2346 1143 2376 1204 ?
2407 1163 2526 1206 non
2554 1162 2755 1225 quaere
2786 1143 3124 1208 divortium.
3235 1143 3241 1149 ’

253 1250 281 1283 α
348 1238 441 1288 Οτι
484 1237 588 1288 τῶν
617 1230 759 1289 ἰδίων
788 1241 1051 1312 γυναικῶν
1079 1238 1393 1315 χωρίζεσθαι
1424 1234 1507 1294 δεῖ
1532 1237 1650 1303 τοὺς
1685 1235 1896 1295 ἐπισκό-

958 1346 1088 1389 πους
1099 1373 1111 1386 ,
1154 1347 1178 1378 ii

326 1412 384 1467 Οἱ
415 1415 510 1478 τῆς
553 1400 637 1484 ς’
666 1409 879 1469 συνόδου
919 1417 1055 1472 θεῖοι
1114 1413 1341 1494 Πατέρες
1385 1414 1439 1472 ἐν
1477 1422 1554 1490 τῷ
1598 1404 1672 1492 ιβ⁹
1711 1415 1892 1473 κανόνι

243 1496 546 1577 ἀπείργουσι
575 1501 694 1564 τοὺς
739 1501 1012 1582 ἀρχιερεῖς
1045 1504 1179 1579 μετά
1229 1505 1330 1572 τὴν
1374 1506 1704 1584 χειροτονίαν
1763 1527 1891 1562 συν-

243 1589 415 1645 οικεῖν
447 1587 582 1655 ὅλως
611 1605 733 1654 ταῖς
785 1593 885 1670 πρὸ
931 1599 1029 1660 τῆς
1084 1593 1415 1674 χειροτονίας
1456 1597 1676 1671 θεσμοῖς
1719 1595 1892 1674 γάμου

241 1679 604 1756 συναφθείσαις
662 1682 846 1745 αὐτοῖς
909 1679 1126 1761 γυναιξὶ,
1187 1684 1276 1739 καί
1335 1705 1492 1760 φασιν
1527 1702 1538 1714 ·
1629 1685 1736 1742 Οὐκ
1807 1681 1892 1739 ἐπ’

239 1763 482 1837 ἀθετήτει
512 1774 618 1824 τῶν
657 1784 774 1834 τοῖς
835 1773 996 1851 ἱεροῖς
1049 1770 1362 1838 ἀποστόλοις
1406 1771 1458 1828 ἐν
1529 1779 1605 1847 τῷ
1661 1771 1892 1848 πέμπτῳ

239 1856 736 1932 νενομοθετημένων
817 1858 1020 1933 κανόνι,
1109 1870 1264 1919 τοῦτο
1326 1860 1664 1936 θεσπίζομεν,
1755 1859 1891 1916 ἀλλὰ

238 1945 339 2011 τὴν
367 1943 453 2001 ἐπὶ
499 1948 560 2002 τὸ
619 1961 862 2027 κρεῖττον
917 1946 1146 2006 ἐπίδοσιν
1202 1954 1302 2016 τῆς
1361 1947 1678 2016 Ἐκκλησίας
1747 1972 1888 2029 πρα-

239 2036 648 2111 γματευόμενοι.
685 2041 743 2095 Οἳ
774 2037 870 2114 μὲν
910 2040 1010 2117 γὰρ
1063 2041 1198 2096 θεῖοι
1259 2037 1546 2095 ἀπόστολοι
1617 2036 1732 2116 ἄρτι
1790 2043 1889 2104 τῆς

241 2121 562 2207 ΪΕκκλησίας
630 2133 698 2204 τῇ
768 2129 872 2184 τῶν
948 2125 1208 2186 Ἰουδαίων
1283 2128 1578 2207 παχύτητι,
1649 2128 1739 2184 καὶ
1821 2134 1888 2204 τῇ

243 2201 532 2290 Ἑλληνικῇ
574 2201 948 2290 δεισιδαιμονίᾳ
990 2214 1163 2272 πολλὰ
1193 2201 1404 2296 χαίρειν
1428 2217 1702 2290 εἰπούσης,
1749 2201 1889 2272 ἔστιν

238 2303 325 2364 οἷς
368 2307 472 2358 τῶν
530 2304 797 2384 Πατρῴων
840 2303 969 2362 ἐθῶν
999 2303 1288 2362 ἐνεδίδοσαν
1344 2305 1596 2386 χρῆσθαι.
1632 2304 1760 2363 Οίτέ
1788 2307 1887 2385 γὰρ

237 2395 343 2446 τῶν
395 2389 654 2449 Ἰουδαίων
696 2396 783 2451 καὶ
825 2397 871 2451 οἰ
908 2395 1013 2452 τῶν
1045 2387 1316 2465 Ἐλλήνων
1346 2395 1618 2475 ἀρχιερεῖς
1648 2402 1753 2452 τῶν
1784 2418 1886 2452 συ-

239 2478 431 2535 νεύνων
461 2481 554 2538 οὒκ
581 2481 923 2563 ἐχωρίζοντο.
957 2486 1028 2543 Τὸ
1074 2481 1130 2540 δὲ
1181 2486 1410 2564 τήμερον
1460 2485 1628 2560 εἶναι,
1689 2485 1886 2566 χρῆναί

237 2589 362 2646 φασι
393 2571 514 2635 τοὺς
545 2571 819 2652 ἀρχιερεῖς
862 2575 950 2630 τὸν
993 2573 1104 2650 βίον
1165 2575 1293 2653 πρὸς
1324 2572 1516 2654 ἀκριϐῆ
1547 2575 1888 2654 σωφροσύνην

237 2656 644 2737 ἀπευθύνοντας,
714 2665 817 2743 οὐχ
869 2661 1014 2725 ὅπως
1064 2663 1160 2730 τῆς
1215 2669 1320 2720 τῶν
1379 2662 1691 2744 ἀλλοτρίων,
1753 2663 1887 2720 ἀλλά

235 2750 325 2806 καὶ
381 2756 482 2817 τῆς
535 2753 640 2806 τῶν
695 2749 836 2808 ἰδίων
885 2752 1147 2830 γυναικῶν
1206 2751 1418 2828 ὁμιλίας
1464 2750 1880 2813 ἀποδιίστασθαι.

235 2845 402 2896 Τοῦτο
471 2840 569 2918 γὰρ
625 2837 918 2896 σκανδάλου
989 2843 1248 2920 πρόφασιν
1309 2839 1414 2900 οὐδ’
1471 2843 1710 2909 ἡντινοῦν
1769 2855 1882 2906 τοῖς

230 2927 334 2984 ὑπὸ
389 2941 554 3008 χεῖρα
596 2927 925 3008 καταλείπει,
969 2930 1056 2986 καὶ
1099 2929 1414 3009 ἀποφέρουσι
1471 2931 1531 2986 τὸ
1588 2931 1882 3009 ἀποστολι-

230 3018 327 3075 κόν
363 3033 378 3047 ⁸
415 3019 772 3096 Ἀπρόσκοποι
802 3021 1002 3096 γίνεσθε
1044 3019 1131 3074 καὶ
1172 3017 1466 3094 Ἰουδαίοις,
1513 3021 1600 3076 καὶ
1637 3002 1876 3095 ηΕλλησι,

2058 1234 2388 1316 Episcopos
2417 1235 2492 1296 ab
2522 1233 2826 1296 uxoribus
2853 1239 2982 1296 suis
3009 1233 3285 1316 separari
3315 1231 3546 1297 debere.

2058 1411 2250 1474 Divini
2273 1419 2455 1475 sextae
2473 1413 2678 1492 synodi
2707 1412 2907 1475 Patres
2929 1413 2988 1474 in
3011 1427 3240 1474 canone
3270 1409 3626 1474 duodecimo

1977 1503 2288 1581 pontifices
2318 1500 2561 1562 omnino
2595 1509 2722 1582 post
2753 1501 3188 1564 ordinationem
3214 1507 3419 1561 arcent
3439 1499 3512 1562 ab
3535 1519 3630 1564 ea-

1975 1607 2108 1650 rum
2137 1590 2450 1652 mulierum
2467 1589 3169 1670 contubernio,qu33ante
3191 1587 3625 1650 ordinationem

1976 1679 2344 1740 matrimonii
2376 1681 2504 1760 lege
2538 1697 2674 1740 cum
2725 1679 2812 1740 eis
2863 1685 3030 1740 erant
3081 1676 3386 1756 copulatae,
3448 1675 3627 1758 idque

1973 1766 2172 1828 verbis
2220 1767 2562 1848 hujusmodi
2599 1787 2612 1827 :
2661 1770 2795 1832 Non
2841 1774 2902 1827 ut
2945 1766 3300 1844 abrogemus
3342 1782 3434 1846 ea,
3495 1783 3624 1846 quae

1975 1856 2160 1917 sancti
2189 1857 2440 1937 apostoli
2474 1874 2701 1917 canone
2729 1855 2938 1936 quinto
2963 1854 3445 1928 statuerunt,hoc
3477 1873 3621 1916 san-

1974 1943 2186 2025 cimus,
2221 1945 2325 2006 sed
2354 1953 2416 2006 ut
2464 1945 2897 2006 incrementum
2951 1941 3236 2004 Ecclesiae
3284 1941 3356 2003 ad
3409 1949 3622 2004 statum

1975 2033 2281 2095 meliorem
2317 2052 2731 2114 procuremus.
2749 2031 2982 2094 Etenim
3009 2032 3099 2091 illi
3125 2030 3309 2091 divini
3342 2032 3618 2114 apostoli,

1972 2141 2106 2184 cum
2139 2142 2351 2184 recens
2381 2123 2654 2203 Ecclesia
2695 2123 3034 2186 Jndaaornm
3066 2119 3378 2193 crassitici,
3425 2129 3483 2181 et
3513 2139 3617 2182 su-

1973 2213 2306 2292 perstitioni
2365 2231 2758 2294 paganorum,
2821 2213 3061 2289 longum
3121 2208 3287 2270 valde
3342 2208 3611 2291 dixisset,

1971 2302 2274 2364 nonnullis
2292 2311 2356 2363 ut
2378 2299 2916 2364 consuetudinibus
2933 2299 3165 2380 patritis
3193 2307 3621 2379 uteretur,per-

1971 2391 2284 2454 miserunt.
2321 2391 2553 2474 Quippe
2587 2401 2700 2452 tam
2746 2390 3108 2463 Judaeorum,
3143 2407 3318 2468 quam
3352 2407 3614 2470 pagano-

1967 2499 2098 2542 rum
2135 2482 2465 2561 pontitices,
2500 2501 2533 2543 a
2562 2481 2671 2542 tori
2699 2500 2901 2544 consoi
2923 2478 3077 2540 tibus
3098 2497 3216 2540 non
3249 2478 3615 2559 separaban-

1973 2578 2086 2631 tur.
2123 2573 2344 2632 Verum
2371 2582 2430 2631 ut
2455 2571 2625 2632 hodiv-
2652 2579 3007 2650 comparatae
3027 2587 3127 2629 res
3158 2576 3318 2648 sunt,
3345 2587 3614 2632 necessa-

1969 2659 2122 2720 rium
2203 2668 2486 2734 statuunt,
2565 2671 2626 2721 ut
2683 2661 2857 2720 vitam
2916 2677 3081 2719 suam
3158 2657 3470 2738 pontiﬁces
3540 2657 3614 2719 ad

1966 2748 2293 2810 castitatem
2333 2758 2670 2810 accuratam
2725 2748 3074 2827 dirigentes,
3129 2764 3249 2806 non
3286 2747 3615 2807 alienarum

1971 2837 2167 2906 modo,
2230 2839 2332 2900 sed
2373 2857 2616 2900 suarum
2659 2838 2838 2899 etiam
2897 2853 3146 2899 uxorum
3179 2835 3615 2898 consuetudine

1965 2925 2466 2990 abstineant.Hoc
2485 2929 2646 2990 enim
2675 2926 3053 2989 occasionem
3089 2924 3357 2985 scandali
3388 2925 3612 2986 nnllam

1966 3017 2210 3079 omnino
2241 3018 2495 3080 subditis
2527 3017 2831 3097 relinquit,
2861 3023 2915 3078 et
2937 3013 3179 3095 ipsimet
3207 3012 3472 3093 episcopi
3496 3013 3617 3075 lau-

229 3111 319 3166 καὶ
347 3115 416 3186 τῇ
446 3107 736 3184 Ἐκκλησία
763 3118 856 3167 τοῦ
912 3109 1064 3189 Θεοῦ,
1110 3111 1201 3166 καὶ
1255 3111 1321 3166 τὰ
1374 3110 1518 3178 ἑξῆς.
1567 3112 1704 3169 Εἶτα
1759 3126 1876 3176 τοῖς

1969 3104 2099 3167 dem
2133 3107 2291 3168 illam
2317 3107 2702 3187 apostolicam
2733 3107 3010 3166 auferunt
3038 3125 3050 3161 :
3086 3102 3326 3183 Absque
3355 3101 3615 3163 oﬂ'endi-

229 3200 309 3274 μὴ
340 3201 406 3256 τὰ
447 3208 538 3257 τοῦ
587 3201 808 3266 κανόνος
865 3197 1258 3280 πρεσϐεύουσιν,
1317 3200 1576 3278 ἐπιτίμιον
1621 3202 1874 3282 ἐπάγουσι

225 3289 326 3356 τὴν
368 3293 686 3371 καθαίρεσιν,

230 3582 254 3616 ε
303 3542 407 3617 ’δτι
436 3558 520 3618 δεῖ
552 3561 640 3618 καὶ
667 3559 997 3641 ἀποκαρηναι
1022 3561 1120 3629 τὴν
1143 3564 1501 3641 χωρισθεῖσαν
1532 3570 1624 3620 τοῦ
1653 3559 1875 3617 ἐπισκό-

815 3663 917 3697 που
945 3655 1171 3719 γυναῖκα
1183 3663 1196 3678 ·
1237 3664 1261 3698 υ

310 3728 398 3788 Ἐν
454 3729 508 3787 δὲ
556 3735 634 3806 τῷ
677 3731 754 3807 μὴ
794 3731 974 3788 κανόνι
1029 3734 1075 3787 οἱ
1124 3730 1270 3787 αὒτοὶ
1329 3730 1553 3810 Πατέρες
1609 3730 1710 3798 τὴν
1739 3731 1875 3786 κατά

219 3820 410 3889 κοινὴν
475 3821 778 3902 συμφωνίαν
832 3818 1233 3901 διαζευχθεῖσαν
1298 3828 1389 3877 τοῦ
1442 3818 1731 3895 μέλλοντος
1789 3820 1872 3876 ἐπὶ

219 3917 327 3967 τῶν
401 3915 496 3977 τῆς
566 3910 862 3978 ἐπισκοπῆς
946 3908 1278 3968 καθεδεῖσθαι
1335 3909 1551 3984 οἰάκων,
1612 3923 1873 3968 συνοικεῖν

223 3999 361 4063 ὅλως
411 4001 550 4074 αύτῷ
580 3999 638 4056 οὔ
681 4003 943 4076 μεθιᾶσιν,
977 3999 1097 4056 ἀλλ’
1147 4001 1216 4066 εἰς
1272 4001 1624 4077 μοναστήριον
1683 3998 1872 4055 κελεύ-

220 4109 366 4148 ουσιν
422 4088 657 4165 εἰσιέναι,
723 4089 801 4164 μὴ
854 4089 908 4146 ἐν
964 4089 1216 4167 γειτόνων
1272 4089 1370 4157 τῆς
1429 4095 1521 4146 τοῦ
1584 4087 1874 4145 ἐπισκόπου

1960 3196 2094 3257 culo
2125 3197 2258 3259 sitis
2287 3207 2345 3258 et
2375 3196 2620 3272 Judaeis,
2641 3205 2700 3258 et
2725 3193 3056 3276 paganis,et
3077 3189 3360 3254 Ecclesiae
3387 3190 3518 3265 Dei,
3553 3199 3616 3254 et

1957 3294 2192 3349 caetera.
2230 3287 2458 3348 Deinde
2484 3286 2580 3369 iis,
2632 3285 2732 3366 qui
2771 3287 2882 3346 hoc
2916 3299 3144 3345 canone
3173 3281 3614 3369 comprehensa

1957 3393 2096 3436 cum
2125 3375 2508 3438 veneratione
2539 3368 2657 3437 non
2686 3373 3034 3447 observant,
3069 3388 3260 3452 poenae
3285 3369 3416 3432 loco
3446 3368 3614 3432 abdi-

1957 3463 2250 3526 cationem
2282 3473 2565 3526 statuunt.

1954 3553 2161 3617 Etiam
2191 3554 2428 3616 tonderi
2456 3553 2668 3617 debere
2697 3552 3012 3694 militarem
3034 3548 3112 3612 ab
3134 3549 3406 3629 episcopo
3427 3565 3609 3628 sepa-

2681 3650 2754 3694 ra
2783 3649 2906 3693 am.

2681 3649 2880 3695 ratam
2893 3681 2906 3693 .

2036 3726 2111 3788 At
2166 3726 2227 3787 in
2285 3745 2515 3789 canone
2560 3743 2740 3789 xnvm
2782 3725 2967 3786 iidem
3015 3725 3220 3785 Patres
3271 3729 3606 3800 separatam

1959 3815 2264 3877 communi
2295 3835 2589 3878 consensu
2613 3815 2686 3877 ab
2717 3834 2812 3896 eo,
2841 3813 2943 3894 qui
2972 3811 3046 3874 ad
3078 3811 3452 3891 episcopatus
3497 3830 3607 3890 gu-

1960 3905 2284 3967 bernacula
2312 3924 2586 3968 sessurus
2615 3915 2730 3976 est,
2766 3905 2850 3964 uti
2871 3920 3008 3964 cum
3038 3901 3167 3982 ipso
3199 3899 3256 3960 in
3285 3899 3609 3962 contuber-

1958 3994 2058 4056 nio
2087 3996 2433 4065 sit,omnino
2467 4014 2582 4056 non
2617 3994 3008 4075 permittunt;
3041 3989 3146 4052 sed
3175 3989 3604 4051 monasterium

1958 4084 2187 4164 ingredi
2212 4086 2447 4166 jubent,
2475 4085 2629 4166 quod
2665 4085 2796 4164 ejus
2827 4084 2883 4145 in
2913 4081 3026 4143 loci
3057 4079 3291 4150 vicinia,
3328 4098 3444 4160 quo
3474 4080 3603 4141 loco

219 4179 544 4257 καταγωγῆς
587 4178 854 4254 κείμενον.
913 4183 985 4239 Οὐ
1054 4180 1152 4259 γὰρ
1222 4179 1340 4236 οἶόν
1395 4199 1453 4235 τε
1513 4181 1752 4258 συνεχῶς
1797 4179 1869 4242 εἰς

1969 4175 2120 4253 iegit
2147 4179 2488 4256 episcopus,
2521 4193 2638 4235 non
2671 4178 2850 4234 situm
2885 4172 2982 4234 sit.
3030 4168 3264 4248 Quippe
3313 4167 3443 4259 fieri
3483 4187 3602 4229 non

219 4256 490 4337 ἀλλήλους
549 4269 707 4345 ὁρῶσι
757 4267 835 4342 μὴ
878 4256 1198 4324 ἀνάπτεσθαί
1236 4283 1380 4348 σφισι
1424 4268 1516 4323 τὸν
1573 4256 1742 4346 ἔρωτα
1801 4272 1869 4343 τῇ

1969 4273 2169 4345 potest,
2195 4284 2327 4326 cum
2355 4283 2488 4326 sese
2511 4264 2857 4343 frequenter
2889 4261 3216 4332 intuentur,
3261 4256 3403 4336 quin
3425 4274 3606 4348 amor

219 4357 413 4431 μνήμῃ
473 4356 569 4424 τῆς
621 4355 878 4436 προτέρας
935 4354 1230 4436 διαγωγῆς.
1285 4345 1462 4415 ⁷Κάκεῖ
1520 4353 1574 4412 δὲ
1604 4345 1721 4422 τῆς
1777 4363 1869 4412 τοῦ

1977 4376 2010 4416 n
2043 4356 2130 4416 eis
2160 4373 2264 4435 per
2294 4350 3192 4433 consortiipristinimemoriam
3215 4345 3600 4436 accendatur.

216 4442 508 4502 ἐπισκόπου
575 4435 821 4524 προνοίας
907 4445 1194 4502 ἀπαλαύειν
1265 4445 1430 4513 αὒτὴν
1503 4443 1753 4520 ἀξιοῦσιν,
1825 4446 1867 4500 εἰ

1969 4444 2034 4505 ilo
2062 4455 2255 4505 tamen
2287 4444 2346 4504 in
2377 4444 2506 4504 loco
2536 4442 2757 4515 volunt,
2803 4449 2866 4501 ut
2895 4437 3161 4518 episcopi
3209 4435 3604 4524 providentia:

215 4531 407 4597 ἐνδεῶς
451 4532 652 4614 ἔχουσα
712 4535 826 4602 εἴη.
880 4537 939 4592 Εἰ
988 4537 1088 4615 γὰρ
1146 4535 1286 4610 αότῷ
1341 4533 1403 4590 δῆ
1459 4541 1537 4610 τῷ
1593 4533 1870 4608 ἐπισκόπῳ

1969 4498 2973 4611 ξίᾞὲίῶεᾷῄὴ
3017 4498 3241 4615 ἱηόρίίί.
3290 4521 3523 4604 Quippe
3553 4524 3604 4585 si

214 4611 520 4703 περαιτέρω
591 4627 696 4680 τῶν
763 4611 1071 4703 ἀναγκαίων*
1134 4626 1208 4688 εἰς
1284 4624 1468 4683 ἑαυτὸν
1524 4623 1757 4696 δαπανᾷν
1810 4623 1870 4680 ἐκ

1969 4624 2106 4684 iltra
2140 4640 2237 4683 res
2269 4619 2638 4683 necessarias
2669 4617 2817 4678 nihil
2850 4615 3089 4696 ipsimet
3121 4611 3403 4703 episcopo
3435 4629 3600 4672 suam

343 4701 640 4782 ἐπισκοπῆς
684 4717 778 4772 οὒκ
807 4701 1036 4794 ἐφεῖται,
1069 4712 1246 4794 σχολῆ
1275 4714 1328 4792 γ’
1359 4711 1420 4769 ἂν
1476 4713 1580 4770 τῶν
1631 4711 1870 4780 Ἐκκλη-

1978 4733 2011 4772 n
2035 4730 2355 4793 personam
2385 4711 2459 4773 de
2479 4710 2650 4772 bonis
2684 4712 3058 4794 eptscopatus
3091 4701 3433 4794 expendere
3456 4719 3601 4794 per-

211 4801 332 4865 σίας
384 4802 551 4879 ταύτῃ
621 4789 924 4884 δοθήσεται,
983 4789 1194 4861 οἴκοθεν
1252 4789 1515 4882 ἐσχηκυίᾳ
1583 4801 1677 4866 τὰς
1735 4803 1867 4877 πρὸς

1969 4789 2421 4871 nittilur,multo
2441 4798 2636 4861 minus
2657 4795 2878 4876 aliquid
2914 4793 3054 4884 huic
3075 4791 3149 4884 de
3180 4789 3352 4852 bonis
3383 4789 3599 4884 Eccle-

211 4892 273 4947 τὸ
298 4896 395 4967 ζῇν
424 4891 691 4972 ἀφορμάς,
728 4894 786 4949 Εἰ
815 4890 869 4948 δὲ
899 4895 986 4949 καὶ
1042 4895 1071 4949 ὁ
1114 4893 1225 4969 βίος
1286 4895 1448 4960 αὐτῆς
1497 4893 1688 4967 σεμνὸς
1748 4891 1866 4965 εἴη,

211 4981 299 5036 καὶ
332 4981 404 5044 εἰς
455 4983 544 5037 τὸν
593 4981 690 5050 τῆς
747 4980 1010 5046 διακονίας
1066 4983 1270 5059 βαθμὸν
1327 4978 1718 5060 προϐιϐάζεται,
1777 4983 1865 5046 Εἰς

210 5063 568 5148 μοναστήριον
625 5069 679 5126 δὲ
724 5071 936 5128 εἰσιέναι
993 5069 1316 5145 κελεύουσιν,
1379 5073 1453 5134 ὡς
1505 5069 1863 5148 ἀπαραίτητον

210 5158 267 5214 ὃν
329 5159 702 5239 ἀποκείρασθαι
750 5161 966 5227 ταύτην.
1032 5158 1189 5226 Ἐξῆν
1262 5160 1357 5235 μὲν
1417 5159 1517 5238 γὰρ
1577 5162 1709 5236 αὐτῇ
1763 5162 1865 5239 πρὸ

208 5246 307 5315 τῆς
339 5251 669 5328 χειροτονίας
726 5256 819 5306 τοῦ
874 5247 1057 5330 ἀνδρὸς
1113 5249 1192 5323 μὴ
1249 5248 1578 5327 διαζυγῆναι.
1628 5249 1859 5307 Κάντεῦ,

205 5337 290 5392 θεν
347 5338 598 5420 καὶ-.τήν
657 5339 994 5420 χειροτονίαν
1048 5335 1372 5418 κωλυθῆναι,
1429 5338 1518 5394 καὶ
1567 5337 1666 5404 τὴν
1721 5337 1862 5394 ἀπό-

206 5447 413 5504 καρσιν.
457 5411 562 5486 ’δτι
594 5425 649 5485 δέ
703 5449 764 5507 γε
793 5427 856 5478 57
912 5428 978 5484 τὰ
1032 5431 1130 5494 τῆς
1189 5426 1524 5508 χειροτονίας
1583 5427 1857 5504 συνῄνεσε,

1949 4891 2051 4952 sia:
2077 4890 2336 4956 dabitur.
2371 4889 2422 4951 si
2454 4909 2522 4952 ex
2558 4895 2746 4950 semet
2769 4889 2898 4967 ipsa
2927 4880 3104 4944 victui
3138 4878 3476 4941 necessaria
3499 4879 3602 4967 ha-

1951 4980 2167 5042 buerit.
2204 4979 2375 5051 Quod
2427 4979 2478 5042 si
2534 4979 2650 5039 vita
2703 4966 2834 5056 ejus
2893 4974 3142 5036 honesta
3190 4977 3248 5031 et
3277 4971 3470 5044 gravis
3500 4966 3598 5048 sit,

1949 5070 2126 5132 etiam
2158 5073 2230 5130 ad
2256 5068 2603 5130 diaconatus
2625 5065 2871 5146 gradum
2901 5059 3190 5124 evehitur.
3222 5058 3513 5146 Caeterum
3539 5064 3602 5117 ut

1950 5158 2372 5220 monasterium
2425 5157 2814 5236 ingrediatur,
2874 5152 3100 5214 idcirco
3168 5145 3521 5228 praecipiunt
3582 5167 3595 5206 :

1947 5248 2104 5329 quod
2131 5247 2514 5309 excusatione
2541 5245 2701 5306 nulla
2721 5245 3043 5324 impetrare
3072 5236 3278 5329 possit,
3311 5236 3602 5329 quinton-

1947 5323 2344 5399 deatur.Nam
2379 5343 2731 5418 potestatem
2765 5323 3021 5395 habebat
3051 5335 3187 5418 ante
3218 5324 3328 5388 viri
3351 5323 3599 5418 ordina-

1944 5427 2165 5488 tionem
2200 5413 2517 5488 recusandi
2548 5423 2884 5486 divortium.
2921 5419 3048 5495 Quo
3092 5417 3265 5492 facto,
3307 5422 3430 5478 tum
3479 5413 3598 5479 im-

1536 5558 1799 5623 VARIAE
1829 5555 2263 5623 LECTIONES.

284 5697 346 5747 57
375 5698 461 5756 ὅτε
491 5697 545 5756 δέ
573 5723 655 5779 γε,
