4120 6426
526 372 683 500 ms

1914 431 2046 493 JUS
2087 416 2535 494 CANONICUM

3764 434 3924 501 1296

523 566 721 650 pediri
741 566 1192 642 ordinatio,tum
1219 564 1400 627 etiam
1422 569 1664 625 tonsura
1694 563 2179 644 poterat.Verum

2271 559 2378 617 Ξέον
2434 564 2632 640 καὶτῇ
2691 565 2981 645 ἀποκάρσει
3053 568 3153 634 τὴν
3213 566 3464 640 διάζευξιν
3506 568 3922 646 βεϐαιώσασθαι.

522 662 834 738 postquam
858 655 1114 737 ipsamet
1142 653 1202 715 in
1230 652 1669 714 ordinationem
1702 651 2031 724 consensit,
2066 667 2178 738 ne-

520 737 693 807 cesse
713 752 804 808 est
824 761 933 825 per
955 752 1259 806 tonsuram
1291 740 1608 803 divortium
1640 737 2183 802 conﬁrmetur.Huc

520 831 599 896 de
625 850 695 896 re
723 842 967 895 tractam
1001 832 1109 893 fuit
1133 838 1401 910 tempore
1432 828 1670 910 imperii
1707 827 1912 890 lsaacii
1943 827 2180 906 Angeli,

521 920 712 984 tribus
772 920 1121 1003 patriarchis
1150 919 1212 980 in
1245 917 1503 981 concilio
1536 917 1928 998 praesentibus
1949 966 1965 991 ,
1999 915 2178 976 nimi-

521 1028 655 1073 rum
683 1008 1043 1085 Universali,
1062 1018 1119 1071 et
1150 1007 1546 1081 Antiocheno,
1580 1016 1638 1068 et
1667 1006 2179 1087 Ierosolymitano,

520 1099 734 1180 pmier
766 1098 1264 1181 metropolitanos
1291 1098 1416 1160 fere
1447 1114 1526 1159 XL
1555 1117 1569 1157 :
1602 1095 1702 1177 qui
1724 1098 1962 1158 decreto
1986 1093 2184 1155 sanci-

518 1188 908 1263 verunt,citra
920 1186 1361 1249 recusationem
1381 1184 1616 1247 tonderi
1632 1185 1854 1247 debere
1871 1184 2183 1246 mulierem

521 1276 791 1359 episcopi
820 1276 1105 1363 ordinati,
1140 1273 1521 1356 synodalibus
1550 1273 1862 1363 idlitteris
1913 1273 2148 1353 comple
2168 1306 2183 1317 -

523 1374 758 1431 ctentes
786 1374 847 1429 et
873 1361 1485 1428 cohtirmantes.Hinc
1518 1361 1824 1444 probatur,
1858 1382 1968 1424 nec
1993 1379 2181 1423 sacer

524 1453 735 1518 datum
758 1454 1047 1517 uxoribus
1075 1453 1162 1516 fas
1192 1471 1349 1531 esse,
1404 1452 1700 1515 secundas
1734 1460 1797 1513 ut
1827 1452 2188 1514 contrahant

528 1544 801 1625 nuptias.

521 1634 744 1701 Debere
771 1636 1117 1702 sacerdotes
1143 1637 1223 1699 ab
1243 1637 1541 1700 uxoribus
1558 1635 1689 1698 suis
1705 1634 2182 1708 abstinere,cum

954 1732 1140 1781 sacra
1166 1718 1496 1781 tractaturi
1521 1722 1696 1779 sunt.

603 1895 807 1960 Canon
864 1894 1071 1976 synodi
1120 1893 1628 1974 Carthaginiensis
1681 1894 1914 1967 tertius,
1950 1894 2173 1957 debere

519 1985 666 2050 dicit
694 2003 821 2064 eos,
856 1985 960 2066 qui
1016 2003 1235 2048 munus
1283 1983 1651 2046 sacerdotale
1694 1982 1884 2045 sortiti
1941 1982 2080 2059 sint,
2116 1991 2174 2045 et

519 2092 783 2157 semper,
819 2082 880 2136 et
908 2074 971 2135 in
999 2072 1281 2136 omnibus
1326 2071 1780 2146 continentiam,
1812 2072 2167 2144 castitatem,

520 2181 763 2227 omnem
792 2161 968 2225 aliam
991 2162 1254 2244 denique
1283 2161 1565 2226 virtutem
1589 2160 1831 2237 colere;
1865 2170 1928 2222 ut
1950 2161 2079 2241 puri
2098 2160 2169 2222 ad

522 2269 740 2333 purum
758 2253 1414 2332 accedentes,votorum
1430 2269 1675 2315 suorum
1691 2258 1997 2331 compotes
2010 2250 2173 2322 ﬁant,

517 2341 635 2423 ipsi
666 2342 1026 2405 mediatores
1045 2342 1202 2404 inter
1229 2339 1420 2404 Deum
1442 2352 1503 2404 et
1527 2340 1802 2412 homines
1833 2339 1921 2402 sic
1944 2340 2173 2402 consti-

519 2434 653 2513 tuti,
684 2440 748 2494 ut
772 2431 915 2494 dum
955 2431 1127 2494 inter.
1160 2430 1461 2494 untiorum
1515 2448 1658 2509 erga
1704 2428 1892 2492 Deum
1928 2448 2176 2491 munere

520 2519 870 2601 funguntur,
905 2519 1264 2584 mortalibus
1320 2539 1454 2583 eum
1494 2520 1801 2602 (quantum
1854 2519 1986 2598 ejus
2052 2518 2184 2581 ﬁeri

523 2618 739 2691 potest)
773 2610 1098 2692 propitium
1129 2608 1404 2686 reddant,
1431 2616 1489 2670 et
1520 2608 1743 2670 mundo
1768 2627 1974 2689 pacem
1995 2626 2182 2689 expo-

522 2706 718 2760 scant.
750 2697 817 2760 In
848 2697 1058 2779 primis
1087 2698 1532 2762 veroinvttante
1567 2697 1731 2779 ipsos
1760 2697 1991 2759 ratione
2024 2704 2182 2758 tem-

524 2787 689 2868 poris
714 2787 788 2850 ad
820 2804 1129 2852 sacrorum
1179 2786 1586 2850 tractationem
1635 2795 1695 2849 et
1733 2787 2181 2867 perceptionem

527 2877 971 2957 mysteriorum,
1003 2896 1137 2940 cum
1162 2894 1376 2957 reapse
1411 2875 1739 2937 castitatem
1764 2883 2041 2955 praestare
2072 2874 2182 2936 de-

524 2963 727 3040 beant,
761 2968 939 3029 etiam
970 2964 1044 3028 ab
1076 2984 1326 3029 uxorum
1352 2983 1591 3027 suarum
1620 2964 2053 3026 consuetudine
2084 2981 2184 3024 se-

527 3062 649 3117 met
669 3054 1028 3117 abstineant.
1054 3054 1292 3117 Tertius
1324 3067 1522 3117 autem
1573 3072 1770 3116 canon
1801 3054 1990 3115 sancti
2022 3071 2184 3114 mar-

2266 647 2551 720 Ἐζήτηται
2608 649 2664 707 δέ
2707 653 2772 710 τὰ
2814 655 2931 734 περὶ
2986 656 3173 713 τούτου
3217 659 3304 712 καὶ
3355 656 3441 713 ἐπὶ
3498 664 3595 725 τῆς
3653 656 3925 735 βασιλείας

2266 741 2528 799 ’[σααχζου
2597 750 2688 800 τοῦ
2770 740 3053 823 Ἀγγέλου,
3144 747 3250 801 τῶν
3342 752 3500 825 τριῶν
3582 752 3931 827 πατριαρχῶν

2266 825 2721 916 συνεδριαζόντων,
2767 855 2859 890 του
2916 835 3322 915 Οἰκουμενικοῦ,
3396 838 3485 892 καὶ
3567 825 3928 916 Ἀντιοχείας,

2265 919 2353 973 καὶ
2395 928 2488 978 τοῦ
2547 910 2947 1003 Ἰεροσολύμων,
3007 926 3095 980 καὶ
3158 925 3565 1004 μητροπολιτῶν
3621 930 3748 984 ὡσεὶ
3804 948 3928 982 τεσ-

2269 1007 2586 1085 σαράκοντα,
2617 1012 2669 1065 οἳ
2717 1013 2805 1068 καὶ
2864 1012 3217 1093 ἐψηφίσαντο.
3267 1015 3639 1093 ἀπαραιτήτως
3696 1014 3926 1096 ὀφείλειν

2267 1094 2637 1173 ἀποκείρασθαι
2651 1099 2747 1165 τὴν
2774 1111 2866 1159 τοῦ
2878 1103 3344 1182 χειροτονηθέντος
3361 1103 3649 1161 ἐπισκόπου
3666 1094 3924 1183 γδναῖκα,

2268 1183 2564 1249 συνοδικοϊς
2606 1190 2881 1266 γράμμασι
2928 1202 3083 1250 τοῦτο
3114 1194 3541 1268 σημειωσαὶμενοι
3564 1194 3920 1273 κυρώσαντες.

2268 1272 2536 1332 Ἐντεῦθεν
2588 1274 2868 1359 δείκνυται,
2903 1278 3039 1355 μηδὲ
3074 1281 3167 1344 τὰς
3197 1288 3303 1337 τῶν
3346 1282 3527 1359 ἱερέων
3555 1272 3811 1361 γυναῖκας
3842 1285 3926 1338 θε-

2270 1364 2421 1438 μιτὸν
2454 1377 2594 1421 εἶναι
2627 1364 3060 1448 δευτερογαμεῖν.

2274 1657 2301 1689 α
2351 1619 2472 1720 ῥ’δτι
2543 1642 2648 1720 τῷν
2731 1635 2871 1694 ἰδίων
2954 1647 3215 1717 γυναικῶν
3287 1638 3371 1698 δεῖ
3438 1644 3557 1707 τοὺς
3609 1642 3931 1720 ἰερωμένους

2347 1714 2767 1795 ἐγκρατεύεσθαι,
2814 1718 2900 1775 ὅτε
2930 1714 2994 1775 τὰ
3028 1719 3150 1798 ἅγια
3196 1714 3915 1802 μεταχειρίζεσθαιμέλλου-

2344 1817 2446 1855 σιν.
2487 1820 2513 1850 D

2343 1876 2399 1944 ιΟ
2470 1877 2525 1965 γ’
2608 1887 2705 1955 τῆς
2763 1887 2816 1946 ἐν
2874 1889 3182 1969 Καρθαγένῃ
3251 1889 3467 1949 συνόδου
3538 1893 3736 1971 κανὼν,
3794 1894 3920 1956 τοὺς

2254 1979 2483 2057 ἱερᾶσθαι
2540 1975 2806 2057 λαχόντας
2879 1981 3036 2060 φησὶν
3118 1978 3197 2035 ἀεὶ
3280 1981 3376 2054 μὶν
3451 1983 3538 2037 καὶ
3607 1980 3661 2037 ἐν
3747 1988 3912 2037 πᾶσιν

2256 2067 2562 2146 ἐγκράτειαν
2609 2068 2698 2123 καί
2740 2069 3078 2146 σωφροσύνην
3130 2069 3219 2125 καὶ
3261 2076 3434 2126 πᾶσαν
3492 2068 3660 2137 ἄλλην
3714 2070 3917 2144 ἀρετὴν

2258 2155 2492 2230 μετιέναι
2558 2152 2663 2228 δεῖ,
2722 2155 2868 2221 ὅπως
2922 2159 3140 2236 καθαροί
3185 2159 3263 2232 τῷ
3323 2162 3533 2238 καθαρῷ
3575 2160 3918 2239 προσιόντες,

2256 2253 2361 2302 τὶυν
2417 2246 2724 2320 αἰτημάτων
2782 2246 3215 2329 ἐπιτυθχάνοιεν,
3272 2249 3478 2323 μεσίται
3553 2256 3683 2305 Θεοῦ
3761 2272 3918 2329 χρη-

2260 2336 2563 2411 ματίζοντες
2643 2336 2730 2392 καὶ
2801 2325 3111 2415 ἀνθρώπων.
3175 2325 3358 2393 "uota
3427 2325 3920 2417 διαπρεσϐευόμενο

2265 2424 2396 2501 πρὸς
2437 2425 2530 2479 τὸν
2590 2425 2743 2504 Θεὸν,
2801 2425 3008 2489 τούτοις
3066 2426 3275 2483 ἐκεῖνον
3304 2429 3378 2489 ὡς
3409 2426 3619 2508 ἐφικτὸν
3645 2426 3932 2493 ἐξιλάσκε-

2266 2516 2406 2586 σθαι,
2443 2515 2532 2569 καὶ
2563 2515 2778 2593 εἰρήνην
2835 2520 2903 2591 τῇ
2953 2515 3142 2592 κόσμῳ
3197 2517 3480 2576 αἰτεῖσθαι.
3540 2518 3656 2596 Οὖχ
3734 2515 3935 2583 ἥκιστα

2265 2598 2321 2656 δὲ
2353 2608 2445 2657 τοῦ
2494 2602 2679 2682 καιροῦ
2722 2601 3007 2667 καλοῦντος
3068 2605 3254 2670 αὖτοὺς
3309 2608 3441 2685 πρὸς
3494 2607 3593 2673 τὴν
3622 2612 3726 2663 τῶν
3767 2609 3933 2665 θείων

2267 2690 2647 2769 μεταχείρησίν
2691 2712 2745 2746 τε
2797 2692 2885 2748 καί
2935 2691 3239 2768 μετάληψιν
3294 2696 3620 2773 μυστηρίων.
3665 2693 3803 2774 ἔργῳ
3858 2697 3931 2752 τὰ

2267 2783 2364 2845 τῆς
2395 2780 2735 2858 σωφροσύνης
2780 2779 3111 2859 ὀφείλοντας,
3160 2781 3297 2839 ἀλλά
3333 2785 3421 2839 καὶ
3477 2789 3573 2851 τῆς
3626 2791 3729 2841 τῶν
3774 2783 3922 2841 ἰδίων

2266 2869 2527 2946 γυναικῶν
2571 2868 2781 2945 ὁμιλίας
2839 2869 3133 2949 ἀπέχεσθαι
3186 2873 3317 2951 χρή.
3390 2863 3446 2930 Ὀ
3502 2872 3556 2928 δὲ
3598 2874 3768 2951 τρίτος
3821 2884 3920 2933 τοῦ

2267 2958 2637 3037 ἱερομάρτυρος
2754 2960 3024 3020 Διονυσίου
3120 2958 3526 3042 Ἀλεξανδρείας,
3629 2963 3925 3042 ἀρκοῦντας

2271 3047 2512 3128 ἐφίστησι
2567 3071 2743 3130 σφισιν
2821 3054 3001 3115 αὐτοῖς
3073 3052 3194 3115 τοὺς
3252 3052 3564 3131 ἰερωμένους
3620 3052 3920 3136 διαιτητὰς,

524 3143 674 3225 tyris
721 3143 987 3223 Dionysii
1042 3143 1307 3225 episcopi
1366 3141 1780 3217 Alexandrini,
1842 3143 2180 3204 sacerdotes

2271 3139 2423 3206 ἡνίκα
2478 3152 2594 3205 τοῖς
2650 3154 2890 3219 φρικτοϊς
2938 3141 3204 3220 προσιέναι
3263 3140 3511 3216 μέλλουσι
3584 3146 3916 3223 μυστηρίοις,

531 3232 773 3299 sibimet
801 3232 948 3315 ipsis
977 3232 1227 3296 idoneos
1256 3234 1355 3296 dat
1378 3232 1782 3315 judices,cum
1809 3234 1879 3296 ad
1910 3251 2185 3294 reveren-

529 3320 607 3385 da
635 3330 775 3385 sunt
802 3323 1103 3387 accessuri
1135 3323 1567 3404 mysteria,suis
1595 3330 1654 3384 ut
1685 3322 1759 3384 ab
1780 3320 2064 3385 uxoribus
2081 3324 2184 3385 ab-

529 3411 815 3492 stineant,
848 3429 922 3474 ex
978 3412 1282 3474 communi
1332 3420 1531 3475 tamen
1581 3430 1902 3491 consensu,
1960 3430 2181 3473 secun-

530 3500 676 3565 dum
732 3500 983 3565 verbum
1039 3502 1154 3566 hoc
1213 3501 1373 3566 illius
1432 3502 1629 3583 magni
1686 3501 1854 3566 Pauli
1887 3520 1901 3565 :
1940 3501 2185 3565 Maritus

530 3590 841 3671 proprium
885 3609 1103 3672 corpus
1150 3610 1272 3654 non
1318 3590 1501 3654 habet
1547 3592 1609 3653 in
1653 3598 1939 3672 potestate
1968 3598 2026 3653 et
2054 3610 2186 3672 quae

528 3690 882 3764 sequuntur.

529 3776 623 3839 De
649 3775 1009 3841 habentibus
1036 3778 1102 3839 in
1126 3775 1522 3841 contubernio
1543 3776 1828 3839 mulieres
1858 3782 2182 3840 extraneas

975 3859 1287 3938 episcom's,
1321 3863 1430 3920 aut
1459 3857 1722 3920 clericis.

613 3950 817 4014 Canon
851 3950 1029 4031 primi
1059 3948 1299 4014 concilii
1327 3952 1557 4022 tertius,
1590 3950 2055 4031 episcopum,vel
2078 3950 2177 4012 ali,

529 4057 706 4122 quem
758 4058 826 4101 ex
858 4039 1044 4114 clero,
1089 4058 1210 4101 non
1241 4038 1464 4101 debere
1509 4045 1676 4120 putat
1706 4041 1761 4101 in
1790 4038 2184 4101 contubernio

533 4127 847 4190 mulierem
872 4137 1211 4190 extraneam
1241 4126 1493 4190 habere.
1527 4127 1653 4191 Nisi
1706 4127 1856 4190 forte
1903 4137 2178 4204 matrem,

528 4217 622 4279 vel
652 4234 947 4294 sororem,
981 4217 1074 4279 vel
1106 4214 1370 4297 amitam,
1406 4217 1501 4279 vel
1533 4235 1633 4280 eas
1662 4217 1944 4279 duntaxat
1974 4237 2182 4298 perso—

530 4324 661 4382 nas,
695 4324 831 4388 quaa
859 4304 932 4368 ab
975 4305 1139 4367 omni
1185 4305 1526 4384 suspicione
1574 4305 1780 4369 liberae
1810 4315 1964 4368 sunt.
2002 4307 2185 4370 Vocat

525 4403 723 4458 autem
748 4404 1023 4460 externas
1053 4396 1143 4458 vel
1178 4394 1636 4471 introductitias,
1670 4415 1800 4477 quae
1838 4397 2183 4460 cohabitare

2267 3226 2562 3307 ἀπέχεσθαι
2608 3229 2703 3304 μὲν
2759 3236 2866 3286 τῶν
2919 3227 3061 3286 ἰδίων
3105 3236 3391 3308 γυναικῶν,
3447 3230 3583 3288 ἀλλὰ
3639 3231 3699 3287 ἐκ
3725 3238 3918 3301 κοινῆς

2266 3317 2589 3395 συμφωνίας,
2653 3317 2789 3374 κατά
2854 3319 2955 3384 τὴν
3012 3326 3104 3375 τοῦ
3153 3318 3385 3397 μεγάλου
3457 3320 3665 3378 Παύλου
3711 3322 3922 3401 φωνὴν,

2267 3403 2347 3461 ὅτι
2378 3407 2405 3461 ὁ
2436 3405 2569 3486 ἀνὴρ
2597 3414 2688 3463 τοῦ
2730 3404 2857 3464 ἰδίου
2900 3407 3147 3484 σώματος
3204 3410 3299 3465 οὐκ
3341 3407 3647 3483 ἐξουσιάζει,
3709 3412 3798 3468 καὶ
3854 3413 3925 3468 τὰ

2271 3493 2415 3562 ἑξῆς.

2273 3791 2297 3826 α
2331 3774 2455 3848 Περὶ
2482 3775 2587 3829 τῶν
2615 3787 2872 3853 γυναῖκας
2915 3775 3283 3839 συνεισάκτους
3338 3774 3576 3855 ἐχόντων
3604 3778 3918 3837 ἐπισκόπων

2876 3862 2907 3930 li
2949 3862 3242 3944 κληρικῶν.
3280 3889 3308 3921 n

2351 3943 2407 4008 Ὀ
2438 3951 2609 4032 τρίτος
2664 3957 2763 4020 τῆς
2818 3954 3034 4033 πρώτης
3063 3943 3067 3944 7
3096 3952 3311 4011 συνόδου
3364 3957 3565 4035 κανὼν,
3625 3955 3922 4015 ἐπίσκοπον

2266 4040 2301 4109 ἥ
2343 4062 2461 4097 τινα
2517 4043 2623 4099 τῶν
2689 4048 2784 4099 τοῦ
2836 4041 3034 4122 κλήρου
3078 4043 3414 4100 συνείσακτον
3469 4042 3618 4125 ἔχειν
3660 4060 3921 4127 γυναῖκα,

2268 4130 2361 4187 οὒκ
2391 4130 2562 4187 οἰέται
2591 4128 2702 4187 δεῖν
2738 4151 2750 4165 ·
2798 4133 2841 4187 εἰ
2912 4132 2988 4205 μὴ
3045 4129 3143 4212 ἄρα
3200 4132 3427 4212 μητέρα,
3487 4134 3524 4201 ἢ
3577 4132 3835 4217 ἀδελφὴν,
3889 4138 3929 4204 ἢ

2267 4219 2430 4294 θείαν,
2461 4219 2497 4287 ἢ
2556 4220 2589 4276 ἃ
2647 4222 2782 4296 μόνα
2836 4223 3096 4299 πρόσωπα
3149 4228 3323 4278 πᾶσαν
3380 4219 3723 4302 διαπέφευγεν
3784 4227 3929 4283 ὑπο-

2268 4308 2414 4383 ψίαν.
2463 4316 2843 4373 Συνεισακτους
2901 4308 2955 4365 δέ
3010 4332 3162 4392 φησι,
3224 4312 3318 4374 τὰς
3365 4310 3623 4387 ἐλομέθας
3659 4330 3932 4372 συνοικεῖν

2267 4401 2483 4478 ἱερεῦσιν
2538 4398 2772 4479 ἀζύγοις,
2833 4401 2925 4465 τὰς
2996 4402 3125 4479 πρὸς
3200 4403 3294 4463 τας
3367 4401 3654 4480 ἀναγκαίας
3733 4404 3931 4484 χρείας

527 4501 662 4548 cum
695 4484 1041 4566 expertibus
1070 4484 1331 4564 conjugii
1357 4484 1766 4546 sacerdotibus
1786 4485 2180 4565 eligunt,dum

2271 4489 2447 4553 αὐτοῖς
2505 4485 2933 4566 διακονουμένας.
3019 4483 3075 4548 “Ο
3159 4489 3213 4546 δὲ
3298 4496 3397 4558 τῆς
3448 4490 3500 4546 ἐν
3557 4490 3788 4571 Ἀγκύρᾳ
3857 4484 3933 4551 ιϐ’

526 4571 589 4635 in
618 4573 737 4635 illis
760 4592 1002 4655 operam
1028 4591 1196 4635 suam
1229 4573 1318 4635 eis
1347 4572 1790 4654 exhibentquaa
1811 4575 2183 4638 necessarios

525 4661 601 4725 ad
631 4682 770 4724 usus
799 4662 1300 4743 spectant.Canon
1335 4681 1473 4725 vero
1493 4680 1592 4742 xix
1613 4664 2178 4745 Ancyranaesynodi,

527 4751 813 4815 mulieres
842 4750 1102 4829 virgines
1132 4750 1204 4814 ad
1238 4750 1528 4833 quosdam
1559 4753 1868 4826 accedere,
1907 4762 2180 4835 tanquam

527 4839 764 4912 fratres,
800 4849 976 4904 vetat.
1012 4838 1354 4904 Secundum
1389 4840 1519 4916 hos,
1552 4859 1766 4920 magna
1794 4840 1999 4906 isthaec
2046 4843 2185 4905 tuba

525 4928 817 5001 veritatis,
855 4948 1101 5009 magnus
1123 4930 1227 4992 ille
1252 4929 1607 5004 Basilius,ad
1635 4929 1983 5010 Gregorium
2010 4950 2182 5013 pres-

526 5017 802 5100 byterum
833 5019 1084 5100 epistola
1117 5020 1317 5097 missa,
1351 5019 1562 5101 majori
1593 5039 1727 5081 cum
1756 5019 2184 5101 increpationis

524 5106 898 5171 vehementia
929 5108 1114 5187 tangit
1150 5127 1311 5182 eum,
1346 5110 1448 5190 qui
1499 5108 1637 5170 huic
1696 5128 1759 5169 se
1807 5110 1948 5171 vitio
1992 5110 2177 5171 dedit.

2264 4575 2548 4656 παρθένους
2618 4591 2874 4657 γυναῖκας
2959 4577 3148 4636 κωλύει
3225 4580 3565 4661 συνέρχεσθαί
3634 4603 3769 4638 τισιν
3843 4585 3924 4646 ὡς

2264 4663 2536 4746 ἀδελφοῖς.
2586 4665 2707 4725 Ἐπὶ
2735 4668 2961 4742 τούτοις,
3008 4670 3042 4736 ἡ
3087 4668 3297 4747 μεγάλη
3341 4672 3439 4736 τῆς
3483 4668 3726 4737 ἀληθείας
3789 4670 3917 4728 σάλ-

2265 4753 2386 4833 πιγξ
2430 4758 2458 4811 ὁ
2489 4755 2654 4834 μέγας
2716 4755 3008 4835 Βασίλειος,
3066 4757 3352 4825 ἐπιστολὴν
3421 4759 3550 4839 πρός
3594 4782 3709 4815 τινα
3767 4766 3920 4840 Γρη-

2265 4846 2442 4925 γόριον
2569 4844 2914 4928 πρεσϐύτερον
3034 4847 3277 4925 πέμψας,
3391 4848 3922 4928 ἐπιπληκτικώτερον

2266 4934 2451 4989 τούτου
2480 4936 2822 5009 καθάπτεται,
2889 4936 2965 5010 τῷ
3019 4938 3244 5011 τοιούτῳ
3298 4937 3691 5018 προανέχοντος
3736 4941 3920 5003 πάθει,

2267 5023 2395 5081 Οὔτε
2426 5030 2625 5104 πρῶτοι
2684 5025 2806 5105 γὰρ,
2871 5027 3050 5106 φησὶν,
3112 5026 3228 5083 οὔτε
3289 5028 3440 5102 μόνοι
3496 5031 3925 5101 νενομοθετήκα-

2266 5134 2385 5193 μεν,
2432 5127 2689 5191 γυναῖκας
2745 5112 2959 5195 ἀνδράσι
3017 5117 3095 5192 μὴ
3140 5131 3429 5197 συνοικεῖν,
3475 5116 3596 5174 ἀλλ’
3655 5119 3923 5198 ἀνάγνωθι

524 5196 733 5286 Neque
764 5196 942 5286 primi
973 5215 1103 5273 nos,
1128 5196 1555 5278 inquit,neque
1581 5197 1691 5259 soli
1719 5198 2180 5273 statuimus,non

2271 5203 2353 5258 τὸν
2426 5201 2762 5283 ἐξενεχθέντα
2830 5204 3027 5261 κανόνα
3094 5206 3235 5285 παρά
3289 5196 3610 5284 τῶννάγίων
3668 5196 3923 5286 Πατέρων

525 5282 748 5347 debere
798 5285 1077 5348 mulieres
1124 5286 1389 5349 virorum
1446 5304 1579 5348 esse
1612 5286 2177 5350 contuberniozsetl

2271 5296 2440 5368 ὴμῶν,
2474 5292 2529 5349 ἐν
2559 5300 2627 5371 τῇ
2659 5293 2857 5367 συνόδῳ
2886 5296 3128 5359 Νικαίας.
3162 5298 3216 5362 ὃς
3277 5303 3511 5378 φανερῶς
3554 5298 3917 5378 ἀπηγόρευσε,

527 5373 967 5467 promulgatum
999 5393 1034 5437 a
1054 5375 1276 5438 sanctis
1309 5374 1584 5439 l’atribus
1606 5376 1823 5437 nostris
1842 5377 1905 5437 in
1926 5378 2179 5440 concilio

2271 5383 2629 5447 πνεισάκτους
2675 5385 2752 5460 μὴ
2806 5385 2971 5442 εἶναι.
3020 5384 3283 5464 Ἀγαμίαν
3327 5385 3382 5443 δὲ
3439 5391 3494 5443 ἓν
3549 5389 3717 5463 τούτῳ
3764 5386 3917 5467 ἔχειν

522 5458 763 5556 Νἰοαξηο
786 5479 1077 5556 canonem
1111 5463 1317 5556 legito,
1352 5465 1453 5556 qui
1475 5464 1812 5556 manifesto
1844 5467 2169 5546 prohibuit,

2271 5474 2349 5527 τὸν
2380 5474 2595 5553 σεμνὸν,
2643 5473 2696 5529 ἐν
2748 5481 2824 5548 τῷ
2865 5475 3183 5555 κεχωρίσθαι
3239 5482 3336 5544 τῆς
3394 5479 3530 5551 μετά
3571 5483 3678 5533 τὼν
3721 5502 3918 5556 γυναι-

525 5548 751 5643 nesint
798 5549 1083 5643 mulieres
1114 5551 1543 5616 introductitiaa
1592 5553 1684 5614 vel
1738 5562 2071 5618 extranaaae.
2106 5557 2174 5618 Et

2271 5568 2364 5617 ιῶν
2421 5548 2714 5641 διαγωγῆς.
2793 5555 2885 5625 ’δὶς
3090 5548 3551 5643 ἐπαγγελλόμενός
3607 5589 3687 5629 τις
3736 5548 3918 5635 ἀὐτὴν

525 5636 833 5738 caelibatus
855 5636 1199 5738 dignitatem
1231 5661 1300 5703 ac
1327 5641 1769 5738 venerationem
1795 5643 1857 5705 in
1888 5645 2003 5708 hoc
2027 5666 2173 5708 cnn-

2271 5658 2334 5723 εῷ
2364 5652 2607 5732 ὀνόματι,
2642 5652 2778 5733 ἔργῳ
2805 5655 2872 5710 τὰ
2912 5659 3018 5709 τῶν
3076 5654 3273 5732 γυναιξὶ
3321 5657 3699 5713 συνοικούντων
3758 5663 3920 5738 ποιῇ,

521 5728 762 5801 sistere,
788 5725 872 5787 uti
903 5726 1036 5806 quis
1065 5748 1099 5791 a
1121 5729 1422 5793 consortio
1465 5730 1741 5793 muliebri
1765 5743 2071 5814 separatus
2100 5736 2177 5799 sit

2271 5738 2417 5806 Ξῆλός
2459 5725 2607 5815 ἐστι,
2667 5725 2883 5819 τδτμὲν
2955 5749 3049 5810 της
3089 5725 3382 5824 ⁷παρθενίοις
3457 5748 3649 5823 σεμνὸν
3721 5746 3776 5805 ἐν
