4120 6484
504 466 663 533 1299

1503 467 1636 531 JUS
1674 463 2127 531 GANONICUM
2170 466 2879 532 GR/ECO-ROMANUM.

3725 465 3865 533 1300

501 597 692 661 Habet
712 598 1242 673 hicascendentes,
1274 598 1572 680 genitores
1602 614 1924 677 suos,quos
1941 613 2133 676 parent

2240 597 2481 661 ἀνιόντας
2511 596 2627 679 ἔχει
2670 599 2789 664 τοὺς
2832 597 2990 658 αὖτοῡ
3040 601 3383 679 γεννήτορας,
3446 602 3533 662 οὓς
3588 612 3757 676 γονεῖς
3784 600 3859 655 καὶ

500 694 593 751 tes
621 696 679 751 et
707 707 849 750 avos
870 688 1240 769 appellamus
1266 705 1280 752 :
1310 688 1588 750 videlicet
1609 701 1836 769 patrem
1857 688 2146 767 Isaacum,

2231 686 2525 766 προγόνους
2556 688 2883 763 ὀνομάζομεν
2917 705 2931 719 ⁸
2962 686 3125 766 ἤγουν
3167 688 3259 744 τὸν
3306 689 3506 766 πατέρα
3550 686 3742 767 Ἰσαὰκ,
3782 689 3858 744 καὶ

500 785 560 839 et
591 785 839 839 matrem
871 767 1207 839 Rebeccam
1244 796 1258 837 ε
1293 796 1463 838 avum
1496 767 1922 851 Abrahamum,
1957 776 2133 837 avian

2232 776 2330 843 τὴν
2362 776 2565 855 μητέρα
2599 767 2875 834 Ῥεϐέκκαν
2910 793 2925 807 ⁸
2983 777 3201 834 πάππον
3245 777 3335 833 τὸν
3393 774 3652 854 Ἀϐρααμ,
3720 776 3854 852 μάμ-

500 863 763 947 Sarram,
809 873 868 928 et
910 866 1004 927 his
1048 864 1225 927 etiam
1259 865 1597 927 ulteriores.
1631 865 1854 928 Omnes
1884 865 2061 943 igitur
2086 865 2133 926 hi

2231 888 2341 941 μην
2380 866 2479 933 τὴν
2511 864 2737 944 Σάῤῥαν,
2769 867 2856 922 καὶ
2902 867 3021 932 τοὺς
3072 865 3148 922 ἔτι
3205 864 3455 943 ἀνωτέρω
3490 882 3504 895 ·
3564 868 3699 922 οὗτοι
3746 872 3853 943 γοῦν

498 959 731 1037 cOgnati
760 957 987 1029 Jacobi,
1019 957 1303 1020 dicuntur
1331 957 1725 1019 ascendentes
1760 978 1773 1019 :
1809 958 1969 1019 velut
1996 975 2142 1021 auc-

496 1055 661 1110 tores
708 1045 1139 1127 procreationis
1186 1045 1395 1127 ipsius.
1449 1046 1897 1109 Descendentes
1946 1056 2142 1107 autem

495 1135 715 1199 Iacobo
761 1144 919 1217 sunt,
974 1136 1077 1217 qui
1106 1154 1174 1197 ex
1206 1154 1277 1197 eo
1308 1136 1652 1198 derivantur
1690 1134 1886 1205 liberi,
1935 1135 2140 1207 Iudas,

492 1226 659 1291 verbi
689 1227 896 1306 gratia,
925 1227 1088 1307 Levi,
1112 1228 1391 1308 Symeon,
1424 1227 1567 1301 filia,
1586 1244 1717 1308 quaa
1739 1226 1904 1289 Dina;
1926 1244 2143 1288 nomen

494 1315 772 1394 habebat,
818 1324 878 1379 et
924 1323 1212 1397 quotquot
1248 1317 1342 1377 his
1382 1317 1557 1378 etiam
1605 1323 1742 1377 sunt
1801 1315 2139 1379 inferiores.

493 1403 692 1468 Veluti
721 1424 935 1487 nepos,
970 1407 1204 1485 neptis:
1238 1406 1340 1486 qui
1368 1405 1652 1467 dicuntur
1680 1405 2138 1481 descendentes,

493 1495 660 1576 quasi
689 1501 791 1575 qui
819 1511 889 1558 ex
916 1492 1139 1558 Iacobo
1169 1494 1534 1558 deriventur.
1567 1494 1650 1556 Ex
1669 1503 2002 1555 transverso
2032 1513 2142 1556 au-

494 1589 613 1646 tem
642 1583 879 1664 cognati
913 1591 1070 1657 sunt,
1106 1583 1206 1664 qui
1239 1602 1432 1665 neque
1463 1590 1797 1663 genuerunt
1823 1582 2137 1663 Iacobum,

493 1690 689 1754 neque
712 1680 934 1734 suntex
953 1691 1024 1734 eo
1050 1671 1168 1733 nati
1191 1691 1205 1735 :
1229 1676 1332 1734 sed
1355 1692 1491 1735 cum
1514 1691 1584 1734 eo
1604 1671 1960 1752 participant
1980 1671 2141 1733 idem

491 1777 724 1836 semen,
749 1767 808 1823 et
824 1762 1095 1824 eamdem
1126 1761 1413 1823 radicem.
1442 1760 1624 1824 Verbi
1656 1760 1863 1841 gratia,
1895 1760 2137 1824 Ismael.

2230 954 2448 1027 πάντες,
2507 968 2783 1033 συγγενεῖς
2837 964 2931 1014 τοῦ
2989 953 3202 1034 Ἰακὼϐ,
3276 953 3519 1033 λέγονται
3590 955 3807 1016 ἀνιόντες
3837 973 3850 989 ο

2227 1045 2301 1106 ὡς
2345 1041 2511 1099 αἴτιοι
2537 1048 2639 1110 τῆς
2682 1046 2841 1102 αὐτοῦ
2870 1045 3192 1121 γεννήσεως.
3229 1044 3511 1106 Κατιόντες
3569 1040 3625 1098 δέ
3673 1044 3762 1098 εἶσι
3789 1050 3855 1117 τῷ

2226 1128 2440 1205 Ἰακὼϐ,
2476 1134 2523 1188 οἱ
2578 1130 2630 1197 ἐξ
2680 1135 2837 1189 αὗτού
2892 1134 3247 1210 καταγόμενοι
3305 1135 3426 1203 υἱοὶ,
3462 1129 3655 1198 Ἰούδας
3680 1134 3851 1211 τυχὸν,

2228 1223 2255 1277 6
2289 1222 2431 1293 Λευὶ,
2480 1224 2507 1278 6
2538 1223 2784 1298 Συμεὼν,
2816 1224 2851 1291 ἡ
2910 1223 3141 1302 θυγάτηρ
3198 1222 3337 1279 οὕτω
3391 1220 3691 1297 καλουμένη
3721 1222 3850 1299 Δίνα,

2226 1310 2314 1366 καὶ
2340 1312 2386 1367 οἱ
2424 1308 2499 1367 ἔτι
2549 1312 2749 1368 τούτων
2791 1311 3077 1391 κατωτέρω
3110 1330 3124 1345 ·
3187 1315 3305 1369 οἷον
3346 1309 3586 1391 ἔγγονος,
3628 1310 3807 1388 ἐγγόντ.
3839 1329 3850 1342 ’

2227 1402 2275 1457 οἱ
2325 1400 2596 1463 κατιόντες
2651 1398 2918 1479 λέγονται,
2976 1402 3050 1458 ὡ)
3097 1400 3159 1457 ἐκ
3192 1410 3285 1459 τοῦ
3334 1397 3526 1459 Ἰακὼϐ
3565 1399 3853 1477 καταγόμε-

2226 1510 2328 1549 νοι.
2392 1485 2489 1545 Ἐκ
2542 1487 2768 1567 πλαγίου
2824 1487 2879 1545 δέ
2921 1491 3019 1546 εἰσι
3077 1503 3377 1569 συγγενεῖς,
3438 1492 3486 1545 οἱ
3515 1490 3651 1565 μήτε
3679 1488 3855 1565 γεννή-

2227 1598 2412 1642 σαντες
2470 1580 2560 1635 τὸν
2594 1575 2809 1659 Ἰακὼϐ,
2842 1580 2981 1654 μήτε
3025 1577 3077 1645 ἐξ
3129 1581 3285 1636 αὐτοῦ
3341 1578 3676 1659 γεννηθέντες
3701 1596 3715 1611 ·
3747 1597 3854 1632 κοι-

2226 1668 2510 1730 νωνοῦντες
2541 1665 2596 1722 δὲ
2651 1668 2793 1743 αὖτῴ
2832 1668 2923 1725 τοῦ
2983 1670 3141 1725 αὖτοῦ
3194 1667 3377 1748 γένους
3431 1669 3520 1725 καὶ
3571 1671 3670 1733 τῆς
3708 1666 3854 1732 αὖτῆς

2223 1754 2393 1832 ῥίζης.
2454 1759 2607 1830 Οἷον,
2655 1758 2683 1813 6
2713 1753 2962 1832 Ἰσμαήλ.
3025 1765 3179 1823 Θεϊος
3235 1760 3336 1838 γὰρ
3388 1759 3518 1837 πρὸς
3559 1756 3751 1834 πατρὸς
3791 1762 3857 1828 τῷ

487 1846 719 1929 Quippe
744 1848 967 1911 Iacobo
998 1863 1242 1928 patruus
1272 1858 1362 1911 est
1388 1849 1623 1913 Ismael.
1649 1849 1719 1911 Et
1749 1848 2133 1911 ascendentes

2224 1842 2416 1903 Ἰακὼϐ
2442 1847 2470 1901 6
2500 1844 2750 1919 Ἰσμαήλ.
2799 1847 2897 1903 Καὶ
2951 1846 3182 1912 ἀνιόντες
3239 1849 3337 1922 μὲν
3399 1848 3560 1926 αὐτῷ,
3607 1847 3680 1907 ὡς
3720 1845 3854 1922 εἰρή-

489 1937 731 2019 quidem
779 1938 894 2019 ipsi
926 1946 1086 2012 sunt,
1121 1938 1206 2001 uti
1237 1938 1522 2016 diximus,
1579 1938 1813 2002 lsaacus
1861 1946 2133 2019 tanquam

2224 1956 2417 2010 καμεν,
2462 1936 2491 1990 6
2522 1932 2701 1993 Ἰσαὰκ
2743 1937 2816 1998 ὡς
2847 1937 3046 2015 πατὴρ,
3092 1937 3181 1993 καὶ
3237 1938 3265 1993 6
3296 1932 3561 2019 ’Δϐραὰμη
3603 1936 3678 1998 ὡς
3719 1933 3856 1990 πάπ-

489 2015 679 2108 pater,
724 2015 1178 2090 et'Abrahamus
1224 2015 1513 2109 tanquam,
1542 2047 1706 2102 avus,
1757 2015 2036 2108 quoniam
2070 2046 2133 2089 ex

2223 2045 2347 2099 πος,
2381 2022 2461 2080 ὅτι
2520 2021 2572 2088 ἐξ
2630 2024 2821 2103 ὀσφύος
2864 2026 3034 2080 αὐτῶν
3087 2027 3115 2081 6
3167 2015 3403 2084 Ἰακώϐ,
3446 2015 3503 2082 Ὀ
3554 2020 3611 2079 δὲ
3660 2018 3857 2100 Ἰσραὴλ

489 2131 696 2177 eorum
738 2115 961 2179 lumbis
1009 2115 1265 2179 Iacobus
1310 2117 1555 2181 exstitit.
1606 2117 1822 2179 Ismael
1855 2134 1992 2178 vero
2028 2134 2139 2177 nec

488 2223 598 2286 pro
647 2215 899 2287 cognato
947 2205 1313 2268 ascendente
1353 2204 1565 2268 haberi
1622 2204 1842 2270 Iacobo
1895 2206 2133 2286 poterit,

487 2294 630 2377 quia
676 2314 796 2358 non
846 2303 936 2358 est
991 2302 1198 2357 auctor
1241 2295 1671 2377 procreationis
1720 2295 1824 2358 ei:
1862 2313 1971 2357 nec
2026 2313 2131 2375 pro

489 2382 933 2459 descendente,
966 2384 1104 2466 quia
1138 2404 1257 2447 non
1277 2385 1510 2463 genitus
1541 2394 1631 2447 est
1653 2403 1723 2446 ex
1743 2383 1963 2448 Iacobo
1990 2383 2129 2446 :sed

489 2480 581 2536 est
608 2482 893 2553 cognatus
922 2492 993 2536 ex
1018 2481 1378 2554 transverso,
1400 2474 1580 2536 veluti
1601 2473 1699 2554 qui
1719 2486 1778 2534 et
1805 2474 1934 2554 ipse
1966 2477 2135 2550 geni-

489 2569 583 2623 tus
612 2562 793 2626 fuerit
813 2582 884 2625 ex
910 2562 1232 2627 Abrahami
1264 2562 1508 2639 lumbis,
1536 2571 1593 2625 et
1612 2563 2014 2626 Abrahamum
2038 2581 2136 2643 pa-

486 2656 641 2713 trem
673 2652 909 2729 habeat,
943 2671 978 2713 a
1008 2671 1125 2734 quo
1159 2652 1335 2715 etiam
1379 2653 1657 2726 Iacobus,
1714 2651 1969 2734 ideoque
1999 2671 2134 2714 cum

486 2737 711 2803 Iacobo
763 2742 1059 2822 particeps
1088 2741 1140 2802 si
1170 2742 1439 2819 ejusdem
1489 2740 1739 2803 seminis
1786 2759 1854 2803 ac
1890 2741 2133 2805 radicis.

487 2825 745 2893 Omnino
757 2831 915 2891 enim
931 2830 1237 2911 quineque
1251 2830 1443 2891 locum
1460 2831 1830 2911 superiorem
1844 2830 2135 2900 obtinent,

489 2918 945 2980 ascendentium
977 2917 1552 2993 ordinem.inouam,
1568 2937 1764 2999 neque
1784 2919 2030 2997 gradum
2051 2919 2140 2980 in-

490 3005 773 3069 feriorem
812 3007 1075 3088 explent,
1099 3026 1166 3070 ex
1214 3015 1546 3069 transverso
1575 3015 1784 3070 erunt:
1820 3026 1956 3069 cum
1980 3009 2137 3071 loca-

493 3095 584 3158 les
611 3096 787 3158 etiam
819 3097 1114 3160 distantias
1141 3097 1562 3174 quadrifariam
1596 3096 1959 3169 dividantur.
1991 3096 2054 3158 in
2074 3096 2135 3159 id

2223 2111 2340 2168 οὔτε
2383 2112 2543 2169 ἀνιὼν
2604 2110 2872 2191 λογισθείη
2915 2115 3173 2191 συγγενὴς
3229 2117 3307 2188 τῷ
3374 2108 3585 2185 Ἰακὼϐ,
3644 2108 3721 2165 ὅτι
3776 2110 3859 2164 0-37.

2223 2200 2362 2258 ἔστιν
2394 2200 2568 2266 αἴτιος
2594 2207 2695 2270 τῆς
2722 2202 2881 2259 αὐτοῦ
2923 2205 3220 2280 γεννήσεως
3255 2247 3269 2261 .
3330 2200 3447 2259 οὔτε
3491 2201 3597 2278 μὴν
3652 2199 3855 2267 κατιὼν,

2214 2289 2294 2347 ὅτι
2325 2292 2420 2349 οὒκ
2454 2289 2514 2349 ἐκ
2555 2298 2648 2349 τοῦ
2678 2287 2871 2349 Ἰακὼϐ
2921 2290 3177 2370 ἐγεννήθη
3211 2310 3227 2326 ⁸
3275 2291 3336 2349 ἐκ
3382 2290 3608 2368 πλαγίου
3657 2286 3711 2345 δέ
3751 2286 3853 2343 ἐστι

2214 2382 2499 2460 συγγενὴς,
2533 2383 2606 2445 ὡς
2635 2382 2723 2437 καὶ
2751 2380 2905 2444 αύτὸς
2935 2380 2987 2447 ἐξ
3043 2382 3237 2462 ὀσφύος
3278 2391 3371 2441 τοῦ
3425 2378 3660 2460 Ἀϐραάκ
3725 2397 3845 2457 γεν-

2216 2470 2411 2545 νηθεὶς,
2444 2471 2648 2527 καὶτὸν
2701 2467 2942 2550 Ἀϐραάμ
2996 2468 3141 2550 ἔχων
3195 2472 3479 2551 γενήτορα,
3526 2467 3617 2549 ἀφ’
3677 2471 3736 2524 οὔ
3781 2486 3843 2522 κα

2217 2561 2245 2615 6
2276 2556 2486 2632 Ἰακὼϐ,
2520 2559 2792 2618 κάντεῦθεν
2861 2561 3192 2629 κοινωνήσας
3250 2566 3328 2635 τῷ
3382 2556 3577 2617 Ἰακὼϐ
3616 2562 3713 2625 τῆς
3762 2555 3846 2611 αὖ·

2217 2652 2316 2715 τῆς
2345 2653 2510 2727 γονῆς
2554 2649 2643 2705 καὶ
2698 2649 2865 2726 ῥίζης.
2942 2648 3159 2712 Πάντως
3211 2649 3312 2728 γὰρ
3371 2651 3416 2705 οἱ
3462 2650 3599 2724 μήτε
3631 2648 3718 2703 τὸν
3758 2643 3857 2701 ἅνω

2218 2738 2380 2794 τύπον
2428 2736 2666 2818 ἔχοντες,
2712 2740 2811 2807 τὴν
2858 2745 2964 2795 τῶν
3021 2738 3275 2795 ἀνιόντων
3331 2737 3475 2818 λέγω
3517 2735 3685 2810 τάξιν,
3730 2734 3854 2810 μήτε

2217 2827 2278 2882 τὸ
2334 2826 2482 2883 κάτω
2534 2827 2736 2904 βαθμὸν
2788 2826 3239 2907 ἀποπληροῦντες,
3314 2828 3376 2885 ἐκ
3428 2826 3657 2905 πλαγίου
3711 2824 3854 2880 ἔσον-

2217 2936 2305 2971 ται
2337 2931 2356 2945 ⁵
2404 2914 2485 2974 ὅτι
2532 2918 2620 2973 καὶ
2667 2920 2717 2973 αἱ
2771 2918 2985 2974 τοπικαὶ
3053 2916 3349 2981 διαστάσεις
3405 2922 3684 2997 τετραχῶς
3726 2911 3852 2969 διαι-

2218 3010 2450 3084 ροῦνται,
2482 3008 2555 3070 εἱς
2598 3007 2660 3063 τὸ
2718 3005 2827 3062 ἅνω
2882 3008 2970 3064 καὶ
3011 3007 3179 3080 κάτω,
3237 3005 3403 3073 δεξιὸν
3445 3008 3531 3064 καὶ
3569 3002 3853 3085 ἀριστερόν.

2219 3094 2496 3191 Ταύτητοι,
2553 3095 2614 3150 τὸ
2685 3091 2851 3160 δεξιὸν
2901 3097 2988 3152 καὶ
3044 3095 3314 3175 ἀριστερὸν
3384 3094 3586 3174 πλάγια
3655 3091 3851 3172 τυγχά-

489 3185 646 3267 quod
670 3204 871 3266 supra,
897 3187 1126 3267 etquod
1149 3186 1327 3261 infra,
1347 3186 1407 3248 in
1429 3186 1701 3249 dextrum
1726 3196 1782 3249 et
1803 3185 2132 3251 sinistrum.

2221 3205 2416 3244 νουσιν.
2471 3181 2641 3248 Ὀπως
2689 3192 2814 3262 γοῦν
2866 3192 3029 3241 ταῦτα
3086 3186 3151 3242 τὰ
3208 3185 3344 3265 μέρη
3397 3191 3503 3242 τῶν
3558 3181 3738 3249 δεξιῶν
3776 3181 3855 3237 καὶ

489 3272 617 3346 Quo
649 3273 736 3347 fit,
775 3282 839 3336 ut
871 3274 1143 3336 dextrum
1186 3283 1243 3336 et
1272 3274 1577 3336 sinistrum
1625 3274 1744 3339 sint
1774 3284 2132 3339 transversa.

489 3360 779 3426 Caeterum
811 3382 929 3444 quo
962 3371 1132 3444 pacto
1164 3372 1361 3444 partes
1390 3364 1483 3425 hae
1514 3363 1854 3426 dextrorum
1907 3382 1978 3427 ac
1996 3365 2139 3427 sini-

484 3458 742 3514 strorum
772 3471 887 3534 quo
921 3461 1089 3533 pacto
1120 3461 1319 3535 partes
1355 3454 1443 3515 hae
1484 3453 1829 3517 dextrorum
1855 3474 1920 3516 ac
1950 3453 2135 3516 sinis-

480 3547 735 3624 trorum,
768 3550 1151 3622 cognatorum
1200 3543 1444 3605 ordines
1491 3544 1830 3626 conficiant,
1886 3544 2136 3606 ulterius

479 3647 796 3711 progressa
846 3631 1088 3694 docebit
1121 3632 1334 3696 oratio.
1368 3632 1453 3695 Ex
1504 3641 1839 3695 transverso
1894 3652 2135 3714 quoque

477 3718 697 3782 Iacobo
720 3729 1004 3799 cognatus
1035 3729 1125 3782 est
1153 3720 1404 3783 Bathuel
1431 3720 1903 3800 (52),Abrahami
1922 3723 2125 3784 frater.

480 3804 539 3870 Si
571 3808 706 3889 quis
737 3827 878 3888 ergo
908 3818 1154 3890 quierat,
1204 3810 1280 3872 sit
1324 3829 1401 3873 ne
1446 3808 1669 3873 Iacobo
1700 3819 1983 3889 cognatus
2011 3809 2128 3872 Ba-

479 3896 666 3971 thuel,
702 3896 1028 3959 Abrahami
1058 3897 1263 3970 frater,
1296 3907 1358 3961 et
1414 3900 1623 3962 lsmael
1684 3901 1867 3961 Isaaoi
1924 3901 2126 3980 frater,

475 3984 976 4065 respondebimus
1019 3995 1300 4064 cognatos
1345 3987 1587 4069 quidem
1637 3988 1773 4049 illos
1812 4006 1964 4067 esse,
2004 4008 2118 4049 non

470 4081 671 4137 tamen
699 4075 1080 4150 accedentes,
1111 4077 1250 4156 quia
1279 4077 1355 4140 de
1387 4078 1605 4140 lumbis
1632 4097 1837 4141 eorum
1862 4078 1989 4158 ipse
2009 4096 2125 4141 non

474 4162 879 4227 exsistat.Non
898 4166 1079 4228 etiam
1102 4165 1540 4229 descendentes
1571 4177 1743 4231 erunt
1764 4168 2008 4231 Bathuel
2027 4176 2127 4229 aut

2219 3272 2530 3353 ἀριστερῶν,
2602 3280 2868 3352 συγγενῶν
2936 3274 3108 3341 τάξεις
3171 3274 3504 3355 ἀποπληροῖ,
3576 3273 3778 3353 προϊὼν
3830 3271 3854 3324 6

2218 3359 2377 3441 λόγος
2416 3361 2550 3441 ἐρεῖ.
2599 3359 2693 3420 Ἐκ
2746 3361 2970 3442 πλαγίου
3012 3361 3067 3419 δὲ
3115 3364 3374 3443 συγγενὴς
3416 3370 3493 3439 τῷ
3534 3359 3729 3421 Ἰακὼϐ
3778 3358 3856 3414 καὶ

2218 3453 2247 3507 6
2290 3449 2532 3519 Βαθουὴλ
2575 3454 2604 3508 6
2661 3462 2753 3511 τοῦ
2809 3449 3050 3532 Ἀϐραὰμ
3102 3452 3348 3534 ἀδελφός.
3396 3455 3454 3511 Εἰ
3509 3458 3636 3531 γοῦν
3679 3450 3854 3522 ζητοίη

2216 3560 2317 3610 τις,
2381 3540 2425 3596 εἰ
2475 3547 2552 3616 τῷ
2583 3537 2775 3597 Ἰακὼϐ
2828 3543 3088 3621 συγγενής
3147 3541 3285 3599 ἐστιν
3345 3545 3373 3599 6
3429 3539 3663 3619 βαθουὴλ
3718 3542 3745 3595 6
3774 3546 3858 3594 τοῦ

2219 3626 2459 3709 ’Λϐραὰμ
2487 3627 2734 3709 ἀδελφὸς,
2757 3631 2845 3687 καὶ
2890 3628 3104 3710 Ἰσραήλ
3159 3633 3188 3688 6
3245 3629 3467 3710 ἀδελφὸς
3523 3631 3617 3686 τοῦ
3660 3628 3854 3699 Ἰσαὰκ,

2214 3717 2431 3795 ἐροῦμεν
2460 3736 2476 3751 ⁶
2537 3718 2618 3776 ὅτι
2661 3734 2938 3798 συγγενεῖς
2996 3720 3092 3796 μέν
3146 3722 3299 3801 εἰσιν,
3360 3721 3543 3778 οὔκουν
3603 3720 3851 3787 ἀνιόντες,

2212 3806 2292 3864 ὅτι
2338 3808 2416 3884 μὴ
2445 3807 2496 3875 ἐξ
2525 3809 2715 3889 ὀσφύος
2760 3811 2953 3871 αὐτῶν.
3015 3807 3162 3865 Ἀλλ’
3208 3808 3323 3867 οὐδὲ
3365 3809 3635 3874 κατιόντες
3693 3810 3721 3864 6
3762 3814 3856 3863 Βα-

2210 3896 2372 3965 θουὴλ
2425 3897 2461 3965 ἢ
2520 3900 2548 3954 6
2621 3896 2868 3973 Ἰσμαήλ.
2946 3898 3193 3955 Λείπεται
3251 3897 3459 3973 λοιπὸν,
3534 3897 3595 3954 ἐκ
3639 3895 3854 3975 πλαγίου

2210 4000 2485 4064 συγγενετς
2527 3992 2602 4060 τῷ
2642 3984 2835 4044 Ἰακὼϐ
2861 3987 3075 4051 τούτους
3103 3989 3412 4069 τυγχάνειν.
3472 3988 3575 4046 Καὶ
3630 3988 3723 4043 τὸν
3764 3984 3853 4058 μὲν

2210 4072 2435 4150 Ἰσμαὴλ
2467 4071 2825 4154 πατράδελφον
2856 4076 3021 4134 εἶναι.
3055 4075 3214 4155 ἤγουν
3243 4081 3387 4134 θετον
3436 4077 3564 4155 πρὸς
3609 4075 3804 4154 πατρός
3839 4091 3852 4105 ⁸

2208 4166 2297 4220 τὸν
2352 4161 2407 4221 δὲ
2479 4164 2740 4237 Βαθουὴλ,
2813 4168 2957 4223 θετον
2997 4166 3104 4222 ἀπὸ
3161 4168 3401 4246 πάππου,
3446 4168 3503 4223 ὃν
3558 4167 3648 4222 καὶ
3691 4163 3854 4252 μέγαν

471 4249 709 4314 Ismael.
745 4252 952 4316 Restat
979 4253 1188 4333 igitur,
1236 4264 1300 4316 ut
1342 4255 1562 4318 Iacobo
1609 4257 1845 4336 cognati
1902 4256 2021 4318 sint
2052 4276 2124 4318 ex

2219 4257 2350 4310 ls'tov
2382 4256 2409 4309 6
2440 4253 2600 4329 νόμος
2629 4255 2898 4330 ὀνομάζει.
2931 4257 3002 4312 T6
3057 4256 3184 4312 αὐτὸ
3238 4254 3293 4313 δέ
3344 4256 3453 4313 ἐστι
3497 4258 3586 4311 καὶ
3640 4249 3727 4311 ἐπὶ
3755 4254 3855 4310 τῶν

471 4345 807 4403 tranSVerso
840 4359 854 4404 :
892 4349 952 4403 et
985 4350 1048 4403 ut
1083 4341 1292 4405 [smael
1330 4344 1574 4425 quidem
1606 4345 1788 4425 patris
1820 4346 1895 4407 sit
1916 4345 2119 4422 frater,

2219 4341 2411 4408 δηλέων
2466 4344 2787 4421 προσώπων.
2865 4351 2952 4418 Τῷ
3021 4345 3120 4424 γὰρ
3193 4342 3385 4403 Ἰακὼϐ
3439 4345 3696 4402 ἀνιόντων
3759 4344 3851 4417 μὲν

471 4427 585 4489 hoc
604 4435 695 4490 est
727 4437 970 4509 patruus
1004 4448 1018 4492 :
1054 4430 1310 4493 Bathuel
1334 4441 1556 4509 autem,
1588 4433 1679 4495 avi
1704 4443 1981 4513 respectu
2014 4453 2122 4514 pa-

2219 4431 2345 4496 τάξιν
2404 4429 2643 4511 ἔχουσιν,
2702 4430 2798 4499 ἥτε
2856 4435 3037 4514 μήτηρ
3098 4429 3368 4509 Ῥεϐέκκα,
3427 4436 3513 4491 καὶ
3574 4436 3608 4502 ἡ
3655 4434 3851 4509 μάμμη

470 4522 660 4606 truus,
695 4537 870 4600 quem
903 4525 962 4581 et
992 4528 1271 4601 patruum
1318 4541 1597 4603 magnum
1642 4524 1757 4597 (53)
1788 4524 1880 4585 lex
1910 4524 2122 4604 appel-

2219 4518 2403 4600 Σάῤῥα.
2471 4521 2770 4579 Κατιόντων
2827 4521 2881 4579 δὲ
2936 4525 3080 4590 τάξιν
3137 4524 3533 4606 ἁποπληροῦσιν
3585 4524 3750 4599 αύτῷ,
3820 4523 3852 4588 ἡ

470 4605 573 4695 lat.
604 4606 769 4669 Idem
799 4606 862 4669 in
894 4606 1170 4671 femineis
1200 4615 1470 4691 personis
1499 4612 1750 4673 obtinet.
1785 4612 2121 4693 QuippeIa-

2219 4610 2438 4695 δογάτηρ
2502 4612 2650 4690 Δίνα,
2701 4613 2790 4668 καὶ
2843 4614 2876 4680 ἡ
2923 4612 2972 4679 ἐξ
3030 4617 3190 4683 αὐτῆς
3230 4605 3396 4695 τυχὸν
3426 4618 3765 4694 γεννηθεῖσα.
3797 4612 3851 4668 Εἰ

468 4693 618 4757 cobo
649 4705 789 4758 sunt
823 4685 1275 4760 ascendentium
1308 4700 1442 4762 loco
1492 4701 1767 4767 Rebecca
1818 4685 2028 4775 mater,
2063 4711 2122 4762 et

2219 4698 2260 4756 Ξέ
2290 4706 2359 4777 τῇ
2406 4692 2652 4771 Ῥεϐέκκα
2708 4702 2834 4757 εἰσὶν
2877 4700 3110 4783 ἀδελφοὶ,
3165 4707 3251 4760 καὶ
3302 4707 3446 4761 οὗτοι
3501 4704 3561 4761 ἐκ
3628 4702 3853 4779 πλαγίου

465 4784 595 4846 avia
623 4783 822 4850 Sarra.
874 4786 1378 4850 Descendentium
1411 4808 1549 4852 vero
1601 4790 1796 4852 locum
1846 4790 2118 4871 implent,

2219 4804 2481 4869 τυγγενεῖς
2510 4790 2586 4865 τῷ
2614 4787 2808 4846 Ἰακὼϐ
2835 4789 3156 4870 λογίζονται,
3190 4793 3385 4850 Αὐτίκα
3415 4797 3443 4850 6
3476 4790 3675 4867 Λάϐαν,
3710 4796 3738 4849 6
3759 4797 3851 4859 τῆς

465 4872 590 4961 ﬁlia
618 4872 793 4951 Dina,
826 4883 887 4939 et
917 4875 1111 4957 neptis
1149 4895 1220 4939 ex
1251 4897 1322 4940 ea
1354 4888 1511 4942 nata.
1546 4878 1712 4953 Quod
1746 4880 1796 4941 si
1851 4868 2123 4942 Rebecca

2224 4868 2481 4944 Ρεϐέκκας
2532 4876 2780 4957 ἀδελφὸς,
2826 4868 3085 4961 συγγενὴς
3143 4890 3220 4957 τῷ
3267 4880 3479 4940 Ἰακώϐ.
3541 4890 3697 4946 Θεϊος
3755 4882 3850 4959 γὰρ

464 4960 678 5025 fratres
707 4963 910 5041 habet,
959 4964 1139 5028 etiam
1171 4965 1256 5027 illi
1287 4965 1514 5030 Iacobo
1546 4968 1780 5048 cognati
1813 4988 1882 5030 ex
1917 4981 2118 5030 trans-

2219 4969 2331 5047 τρὸς
2371 4969 2597 5043 μητρὸς.

462 5068 631 5113 verso
661 5053 1098 5119 existimantur.
1118 5054 1406 5138 Adeoque
1428 5058 1652 5131 Laban,
1686 5058 1974 5122 Rebeccae
1997 5061 2116 5122 fra-

463 5144 576 5217 ter,
609 5139 832 5205 Iacobo
876 5148 1163 5224 cognatus
1207 5153 1300 5208 est
1341 5145 1486 5209 Nan.
1518 5148 1749 5210 ratione
1782 5149 1987 5212 matris
2026 5155 2117 5210 est

462 5228 811 5293 avunculus.

461 5409 837 5490 Sequebatur
862 5415 1029 5495 apud
1057 5416 1488 5513 Leuuclaqium
1505 5422 1857 5513 Iustiniani
1883 5427 2033 5513 imp.
2065 5424 2574 5513 confgssgonf'ecte
2604 5422 2774 5513 ﬁdwi
2817 5443 2925 5513 seu
2953 5428 3216 5513 edictum
3244 5431 3319 5494 de
3343 5432 3462 5513 ﬁde
3489 5434 3843 5509 orthodoxa,

1198 5500 1358 5579 quod
1384 5500 1983 5583 exstatPatrologiti
2009 5505 2159 5566 tomi
2180 5500 2519 5584 LXXXVI,
2544 5500 2718 5586 porte
2746 5521 2789 5583 ι,
2823 5510 2941 5574 col.
2974 5510 3115 5576 993.

2033 5694 2259 5761 NOTAE

682 5770 1310 5882 Bestiusﬂochorem
1325 5800 1638 5882 potuisset,
1671 5802 1977 5868 Bathuelis
2011 5808 2261 5882 patrem.

558 5821 655 5943 ἕὲγ
682 5821 2104 5963 iter“;goglsgtbnzbnutinsﬂgat

713 5918 733 5946 ι
814 5916 829 5931 ο
1361 5928 1374 5943 .
1468 5928 1484 5944 .
1578 5902 1616 5944 a
1678 5901 1713 5944 r
1805 5934 1816 5946 .
1849 5901 1882 5946 ϐ
1934 5902 1974 5945 (ι
2036 5900 2104 5944 ιη.
