1921 3074
30 124 68 157 37

557 125 754 156 COMMENT.
779 126 818 156 IN
845 126 964 156 EPIST.
988 127 1037 157 AD
1053 126 1198 156 COLOSS.

1687 127 1726 158 38

37 194 202 230 ὑπονοήσας,
232 195 274 222 καὶ
309 196 351 226 οὒς
392 195 470 233 εῖχεν
511 192 644 221 ἀπώλεσε.
681 192 861 232 Θριαμόεύσας

952 199 1000 221 nm
1018 199 1135 230 quoque
1152 199 1185 220 se
1200 190 1369 221 habiturum
1395 195 1539 230 speraret,
1571 201 1622 223 eos
1638 194 1726 223 etiam

27 238 127 269 αὐτοὺς
157 237 183 266 ἒν
208 239 288 275 αὑτῷ,
322 249 335 265 ι
353 237 484 278 Θρίαμϐος
508 249 522 265 ι
539 237 656 275 λέγεται,
680 238 698 270 ἠ
719 237 787 265 κατὰ
808 240 861 265 τῶν

28 281 195 319 ἡττωμένων
236 283 332 319 πομπὴ
375 283 419 310 καὶ
460 282 616 321 πανήγυρις.
661 280 862 321 Ἐθριάμϐευσεν

28 327 76 354 οὖν
106 327 185 355 αὖτὸν
213 325 255 354 διὰ
285 330 331 354 τοῦ
367 331 488 366 σταυροῦ,
510 326 656 363 τουτέστιν,
679 326 783 358 ἐνίκησε
821 326 864 353 καὶ

28 370 93 398 κατ’
120 371 199 399 αὐτοῦ
227 370 351 410 θρίαμϐον
380 372 476 404 νοητὸν
504 370 669 398 ἐπετέλεσεν.
701 369 779 399 Οωὲν
815 370 865 409 γὰρ

29 415 118 447 οὕτως
133 414 239 448 ἐνίκησε
262 417 308 443 τὸν
335 414 468 450 διάϐολον,
491 416 527 447 ὡς
557 416 588 443 τὸ
609 415 653 443 καὶ
681 416 864 454 σταυρωθῆναι

28 461 80 488 τὸν
110 460 216 498 Κύριον,
251 460 295 487 καὶ
323 459 454 498 παῤῥησίᾳ
481 463 558 487 τοῦτο
587 461 682 487 παθεῖν
715 460 759 487 καὶ
781 469 865 498 φανε-

31 507 100 541 ρῶς.
131 504 218 532 Πάντα
254 505 304 543 γὰρ
345 503 375 531 ἂν
410 504 534 537 ἐποίησιν
563 505 576 531 ὂ
605 502 739 539 διάϐολος,
772 510 865 534 πεῖσαι

30 547 118 576 Θέλων
154 547 193 576 ὅτι
230 547 276 576 οὒκ
310 548 448 583 ἀπέθανεν,
486 549 507 575 εί
541 548 579 584 μὴ
615 548 645 575 —.‘o
683 547 764 586 σαφὲς
795 547 865 584 αύτῴ

31 594 203 626 ἠναντιοῦτο,
227 593 256 620 Εἰ
284 593 334 632 γὰρ
362 593 400 630 μὴ
436 592 575 628 ἀπέθανεν,
605 594 652 620 οὒκ
688 591 720 618 ἂν
755 591 863 624 ἀνέστη,

34 636 65 664 ΕΞ
93 636 132 672 μὴ
168 636 276 673 ἀνέστη,
314 637 360 664 οὒκ
388 636 418 664 ἂν
446 635 594 676 ἆνελήῳθη,
632 637 660 664 El
695 636 733 673 μὴ
768 638 859 665 ταῦτα,

32 682 129 709 ο-ὒκοῦν
159 681 187 709 οὔ
209 681 285 712 Θεός,
316 676 392 720 ὀρᾷς
414 681 453 708 ὃτι
482 685 528 708 τοῦ
556 681 669 710 θανάτου
697 680 783 708 πάντα
810 679 860 719 ἧρ-

31 735 116 757 τηται
132 734 140 765 ς

31 515 100 535 ςιως.

904 235 1034 275 perdidit
1050 244 1123 274 quos
1150 234 1287 265 habebat.
1322 235 1519 275 Triumphans
1548 236 1584 267 de
1599 237 1659 269 illis
1675 248 1728 279 per

903 280 1011 320 ipsam.
1029 279 1157 319 Τρέιιμϐος
1185 279 1274 319 (quod
1302 289 1355 310 nos
1376 280 1556 320 triumphum
1573 283 1724 324 vertimus)

905 324 1015 354 dicitur
1027 333 1132 364 pompa
1144 334 1178 354 ac
1189 328 1351 354 conventus
1364 324 1499 363 publicus
1516 325 1657 358 adversus
1672 328 1726 358 de-

906 368 1009 399 victos.
1023 367 1231 408 Triumphavit
1247 367 1336 404 igitur
1351 368 1387 398 de
1403 368 1452 398 illo
1470 377 1659 408 percruccm,
1670 373 1726 403 hoc

908 420 964 449 est,
982 412 1090 442 devicit
1113 417 1143 443 et
1171 412 1354 451 spiritualem
1384 412 1565 452 triumphum
1587 415 1727 447 adversus

908 466 975 487 eum
991 456 1160 486 celebravit.
1174 456 1251 486 Nihil
1261 455 1340 486 enim
1353 456 1429 486 adeo
1438 456 1546 487 devicit
1557 467 1590 488 ac
1608 460 1728 498 pudefe—

907 501 947 531 cit
960 501 1127 539 Diabolum,
1145 501 1220 531 sicut
1235 500 1404 530 crucifixum
1431 510 1497 531 esse
1511 500 1680 541 Dominum,
1698 509 1727 535 et

908 545 1003 584 palam
1021 554 1054 575 ac
1085 545 1240 575 manifeste
1271 545 1327 575 hoc
1357 554 1474 584 passum
1501 545 1602 576 fuisse.
1620 546 1727 579 Omnia

907 598 1034 629 namque
1049 590 1167 620 fecisset
1177 589 1312 619 diabolus
1325 589 1503 628 persuadere
1513 590 1614 622 volens
1624 602 1661 623 ne
1673 602 1725 623 oc-

904 633 1054 664 cideretur
1070 633 1126 664 nisi
1157 634 1314 664 manifeste
1342 633 1370 663 ei
1400 639 1595 673 repugnatum
1611 637 1725 669 fuisset.

903 677 965 708 Nisi
995 677 1074 708 enim
1098 682 1230 708 mortuus
1254 678 1369 713 fuisset,
1401 687 1460 707 non
1491 681 1723 713 resurrexisset:

903 722 980 762 quod
996 723 1021 752 si
1038 732 1095 752 non
1111 722 1333 759 resurrexisset,
1357 731 1541 762 nequaquam
1559 732 1726 766 assumptus

31 769 153 800 fuisset.
171 769 199 801 Si
216 770 278 801 haec
293 774 358 801 acta
372 779 431 800 non
449 769 583 805 fuissent,
600 769 702 809 utique
716 768 795 799 Deus
809 777 868 799 non
885 767 987 798 fuisset
1004 768 1130 798 habitus.
1150 767 1237 798 Vides
1252 767 1329 807 quod
1346 776 1363 797 a
1377 770 1472 797 morte
1488 768 1587 799 omnia
1609 771 1726 810 depen-

33 813 161 846 debant.

353 863 477 891 sema,
502 854 544 890 [ι’.

38 918 53 933 ι
99 911 146 934 Οτι
177 908 200 934 οἱ
228 910 273 934 τοῦ
311 906 436 945 σαρκικοῦ
483 906 564 943 νόμου
608 907 684 933 τύποι
728 911 866 944 σαρκικοῖς

79 947 223 985 χρήσιμοι,
242 947 272 974 οὐ
286 953 476 983 πνευματικοῖς
504 953 562 978 τοῖς
587 946 613 974 ἐν
629 945 734 983 ὃύναμει
754 948 866 984 Χριστοῦ

80 989 171 1021 ζῶσιν.
192 998 204 1014 ι

82 1042 95 1062 e
127 1032 171 1066 Μὴ
196 1033 239 1061 οὖν
266 1043 306 1065 τις
335 1033 402 1068 ὑμᾶς
430 1032 540 1071 κρινέτω
568 1032 595 1059 ἐν
623 1033 718 1070 βρώσει
740 1033 757 1066 ἢ
773 1032 798 1059 ἐν
814 1032 860 1060 πό-

37 1088 91 1112 σει,
123 1077 140 1110 ἢ
163 1076 189 1104 ἐν
219 1077 291 1116 μέρει
314 1077 417 1116 ἑορτῆς,
446 1077 464 1110 ἢ
491 1078 643 1116 νουμηνίας,
672 1077 689 1110 ἢ
704 1076 858 1113 Σαϐϐάτων,

39 1122 57 1148 ἆ
95 1121 150 1149 ἐστι
193 1121 253 1149 σκιὰ
287 1124 340 1150 τῶν
381 1120 544 1159 μελλόντων,
580 1122 611 1149 τὸ
642 1120 668 1148 δὲ
711 1121 788 1158 σῶμα
815 1124 861 1148 τοῦ

40 1169 164 1204 Χριστοῦ.
230 1165 324 1199 Μηδεὶς
379 1166 446 1202 ὑμᾶς
503 1164 717 1205 καταδραϐενέτω
779 1165 861 1193 θέλων

39 1209 69 1237 ἰν
90 1211 314 1250 ταπεινοφροσύνῃ
328 1211 372 1238 καὶ
395 1211 520 1249 Θρησκείᾳ
549 1213 601 1237 τῶν
631 1209 761 1248 ἀγγέλων,
786 1211 801 1237 ἃ
823 1211 861 1247 μὴ

40 1255 156 1293 ἑώρακεν
172 1253 336 1293 ἐμϐατεύων,
352 1255 409 1287 εἰκῆ
425 1255 595 1294 φυσιούμενος
609 1255 660 1282 ὑπὸ
677 1257 723 1282 τοῦ
738 1255 797 1286 νοὸς
812 1257 861 1286 τῆς

40 1299 139 1338 σαρκὸς
155 1298 245 1336 αὐτοῦ,
260 1299 304 1326 καὶ
319 1299 348 1327 ού
375 1301 477 1338 κρατῶν
499 1298 547 1331 τὴν
576 1297 704 1338 κεφαλὴν,
729 1298 754 1331 ἐξ
767 1300 797 1327 οὗ
811 1302 862 1326 πᾶν

40 1344 73 1370 τὸ
88 1346 177 1382 σῶμα,
199 1341 241 1370 διὰ
255 1343 308 1370 τῶν
322 1343 395 1382 ἁφῶν
416 1343 460 1370 καὶ
484 1341 632 1380 συνδέσμων
647 1342 861 1382 ἐπιχορηγούμε-

40 1398 87 1415 νον
121 1388 165 1415 καὶ
199 1386 432 1424 συμϐιϐαζόμενον,
477 1386 544 1418 α’ύξει
587 1398 634 1420 την
674 1387 781 1420 αὔξησιν
818 1391 864 1416 τοῦ

43 1435 119 1461 Θεοῦ,
140 1442 152 1459 ι

86 1490 99 1506 ι
117 1479 160 1512 Μὴ
179 1479 224 1507 οὖν
237 1489 278 1510 τις
301 1479 368 1516 ὑμᾶς
395 1477 516 1518 κρινέτω.
543 1489 554 1506 ι
579 1480 654 1511 Οἷον,
685 1477 864 1517 κατακρινέτω

40 1524 80 1554 ὡς
108 1526 197 1555 κακῶς
236 1527 386 1560 ποιοῦντας,
423 1523 450 1550 ἐν
487 1526 526 1560 τῷ
562 1522 600 1560 μὴ
628 1521 766 1562 φυλαττειν
795 1522 892 1570 μέρηο

42 1568 152 1607 ἑορτῶν,
175 1569 193 1602 ἢ
216 1568 376 1604 νουμηνιών,
404 1567 421 1601 ἢ
452 1567 545 1606 βρῶμα
574 1567 591 1600 ἢ
620 1567 705 1603 πόμα.
738 1567 785 1595 Καὶ
813 1567 863 1606 γὰρ

41 1612 77 1639 τὰ
108 1612 156 1649 μὲν
195 1611 338 1652 ἐφύλαττον
378 1613 415 1643 ὡς
456 1610 654 1646 Ἰουδαΐζοντες,
691 1611 723 1638 τὰ
761 1609 788 1638 δὲ
818 1612 864 1639 οὒκ

43 1655 187 1695 ἐφύλαττον
225 1657 262 1687 ὡς
306 1656 539 1694 Χριστιανίζοντες.
578 1655 626 1683 Διὰ
654 1659 742 1690 τοῦτο,
772 1656 862 1695 φησὶν,

47 1692 71 1728 α’
84 1700 131 1729 Ἐν
151 1700 224 1740 μέρει
240 1692 334 1740 ἑορτῆς
347 1699 437 1736 τῆσδε,
459 1712 470 1728 ι
503 1700 520 1733 ἢ
536 1700 562 1727 ἐν
577 1699 650 1739 μέρει
665 1698 757 1728 τῶνδε.
779 1692 801 1729 ”(

43 1746 100 1773 ἐστι
130 1746 190 1772 σκιὰ
212 1746 265 1772 τῶν
293 1744 456 1783 μελλόντων,
490 1756 504 1771 ι
542 1743 692 1772 Μέλλουσάν
715 1755 796 1783 φησιν
817 1744 865 1777 τὴν

44 1791 139 1823 καινὴν
154 1788 293 1829 διαθήκην,
309 1789 356 1818 οὑκ
371 1788 462 1822 ἐπειδῆ
491 1788 564 1817 οὔπω
592 1789 624 1822 ἦν
659 1788 865 1827 πολιτευομένη,

44 1834 90 1873 (ἧν
118 1833 192 1873 γὰρ),
220 1833 279 1861 ἀλλ’
313 1835 349 1865 ὡς
378 1835 442 1873 πρὸς
466 1834 526 1865 τοὺς
567 1834 663 1864 τύπους
691 1833 797 1864 τούτους
823 1834 867 1861 καὶ

45 1879 94 1910 τὰς
109 1879 194 1915 σκιὰς,
212 1877 343 1916 μέλλουσα
363 1878 408 1912 ἦν.
428 1889 440 1906 ι
463 1879 498 1906 Τὸ
514 1876 540 1905 δὲ
555 1881 632 1915 σῶμα
646 1881 692 1905 τοῦ
708 1881 831 1917 Χριστοῦ,
852 1889 863 1905 ιν

47 1925 78 1951 Οἱ
108 1922 156 1959 μὲν
178 1922 260 1954 οὕτως
282 1923 395 1957 στίζουσι
410 1931 417 1938 ⁶
440 1923 484 1951 ,Τὸ
505 1920 531 1950 δὲ
561 1925 638 1959 σῶμα
665 1925 712 1951 τοῦ
742 1926 864 1961 Χριστοῦ,

47 1966 191 2006 τουτέστιν,
221 1967 239 2000 ἡ
268 1966 378 2001 ἀλήθεια
407 1966 449 1994 ἐπὶ
488 1969 600 2005 Χριστοῦ
635 1966 754 2005 γέγονεν.
785 1968 815 1995 Οἱ
841 1965 867 1993 δὲ

47 2012 91 2051 τὸ,
124 2013 207 2047 Σῶμα
238 2015 284 2040 τοῦ
311 2014 434 2049 Χριστοῦ,
473 2022 486 2037 ι
524 2010 620 2044 Μηδεὶς
647 2012 715 2048 ὑμᾶς
736 2009 867 2049 καταϐρα-

47 2054 157 2086 εενέτω.
187 2053 443 2095 Καταϐραϐευθῆναι,
488 2067 502 2082 ι
541 2053 568 2082 δέ
595 2055 678 2090 ἐστιν,
715 2055 776 2083 ὅταν
805 2053 866 2094 παρ’

49 2099 130 2138 ἑτέρῳ
151 2098 198 2136 μέν
226 2099 243 2132 ἦ
265 2099 335 2136 νίκη,
365 2098 427 2138 παρ’
449 2098 530 2138 ἑτέρῳ
557 2098 584 2126 δὲ
613 2100 643 2127 τὸ
672 2098 807 2138 βραϐεῖον.
830 2115 869 2120 --

49 2142 158 2183 [ΦΩΤ]
183 2143 281 2174 Διττῶς
296 2143 415 2183 ἐγχωρεῖ
433 2143 574 2182 στίζεσθαι,
596 2144 639 2171 καὶ
665 2143 691 2171 ἐν
706 2147 755 2180 τῷ,
779 2146 868 2182 σῶμα,

47 2187 245 2223 ὑποστίζοντας,
267 2187 310 2214 καὶ
331 2186 358 2214 ἐν
393 2190 440 2224 τῷ,
478 2190 602 2226 Χριστοῦ.
636 2196 651 2217 ι
683 2186 780 2220 Μηδεὶς
802 2188 869 2224 ὑμᾶς
882 2183 1127 2222 Βκαταϐραϐεύετω

48 2230 277 2271 καταϐραϐευέτω,
323 2243 337 2259 ι
378 2231 474 2265 Μηδεὶς
509 2232 576 2269 ὑμᾶς
623 2232 812 2272 κατακρινέτω,
840 2232 871 2259 τὸ

50 2279 128 2314 σῶμα
150 2279 261 2316 Χριστοῦ
286 2275 461 2316 δεχομένους.
491 2280 573 2306 Τοῦτο
603 2277 652 2316 γὰρ
680 2275 869 2307 ὑπακουστέον,

50 2321 140 2349 Θέλων
174 2324 251 2349 τοῦτο
285 2327 386 2358 ποιεῖν,
435 2322 526 2361 φησὶν,
563 2320 589 2349 ἒν
634 2322 868 2362 ταπεινοφροσύνῃ,

51 2365 153 2403 μᾶλλον
166 2364 194 2393 δὲ
207 2365 234 2394 ἓν
248 2366 372 2405 θρησκείᾳ
386 2368 438 2394 τῶν
453 2365 586 2405 ἀγγέλων.

874 861 893 885 Β

1202 856 1323 888 CAPUT
1346 855 1421 887 VIII.

909 902 994 943 Quod
1009 903 1082 941 legis
1100 901 1233 932 carnalis
1248 902 1316 941 tgpz‘
1325 901 1499 943 carnalibus
1510 904 1542 934 in
1555 906 1652 943 pretio
1667 905 1726 936 lia-

946 942 1065 981 bentur,
1102 951 1161 972 non
1189 941 1401 982 spiritualibus
1427 943 1480 981 qui
1506 941 1563 982 per
1585 948 1726 976 t'it'lulem

946 982 1060 1012 Christi
1079 983 1197 1012 rio-unt.

948 1028 1112 1061 1341MB
1131 1029 1176 1060 19.
1188 1027 1301 1067 Nequis
1310 1029 1405 1068 igitur
1420 1038 1473 1059 nos
1489 1029 1604 1066 iudicet
1617 1031 1727 1063 inctbo

903 1077 1047 1111 autpolu,
1058 1076 1149 1104 autin
1159 1077 1246 1112 parte
1257 1073 1319 1103 diei
1332 1073 1413 1112 festi,
1431 1076 1560 1105 nutnovi
1569 1075 1660 1113 lum‘i,
1673 1080 1726 1108 aut

903 1117 1116 1156 Sabbulorum,
1133 1126 1200 1157 quae
1213 1121 1281 1148 sunt
1296 1117 1404 1147 umbra
1417 1119 1605 1157 [uim-orum,
1618 1129 1727 1160 corpus

904 1165 1004 1192 autem
1016 1161 1140 1192 Christi.
1155 1161 1200 1192 Ne
1212 1163 1279 1201 quis
1291 1161 1372 1192 vobis
1389 1162 1526 1201 palmam
1544 1166 1725 1195 intervertat

903 1207 978 1236 data
983 1215 1073 1245 opera
1077 1207 1232 1245 peranimi
1239 1205 1439 1236 humilitatem
1446 1210 1473 1237 at
1479 1208 1723 1246 superstitionem

904 1249 1095 1289 angelorum,
1106 1251 1136 1280 in
1144 1251 1181 1280 iis
1188 1259 1254 1289 qua
1262 1259 1321 1280 non
1330 1250 1406 1281 vidit
1413 1252 1562 1282 Iastuasus
1570 1252 1723 1289 incedens,

902 1295 1021 1333 frustra
1033 1295 1157 1332 inﬂatus
1168 1303 1186 1324 α
1200 1299 1296 1325 mente
1317 1296 1417 1325 carnis
1438 1304 1511 1333 suae,
1524 1305 1575 1327 nec
1588 1296 1725 1328 obtinens

905 1342 1004 1378 caput,
1013 1348 1050 1369 (ιτ
1057 1347 1115 1378 quo
1124 1342 1214 1369 totum
1223 1347 1330 1378 corpus
1335 1340 1610 1378 percommissurus
1616 1345 1643 1371 et
1650 1349 1726 1372 com-

904 1385 1030 1422 pagines
1043 1383 1309 1414 subministratum
1334 1387 1363 1413 et
1384 1388 1573 1423 compactum
1590 1386 1726 1424 augescit

905 1431 1065 1467 augmento
1080 1427 1147 1458 Dei.

949 1484 962 1499 α
980 1471 1022 1502 Ne
1037 1471 1104 1511 quis
1119 1471 1207 1511 igitur
1222 1481 1271 1502 vos
1283 1472 1408 1511 judicet.
1438 1484 1449 1501 υ
1477 1472 1539 1503 Hoc
1566 1477 1620 1511 est,
1653 1482 1726 1504 con—

905 1515 1178 1556 demnettanquam
1205 1516 1425 1548 malefacientes
1455 1526 1489 1547 ex
1514 1527 1548 1548 eo
1574 1517 1652 1558 quod
1668 1527 1728 1548 non

906 1560 1069 1591 observetis
1095 1565 1194 1601 partes
1207 1562 1348 1591 festorum
1365 1565 1414 1592 aut
1429 1561 1661 1599 noviluniorum,
1679 1567 1730 1593 aut

905 1605 1003 1635 cibum
1015 1610 1063 1636 aut
1073 1610 1185 1644 potum.
1207 1605 1322 1637 Etenim
1336 1606 1441 1646 partim
1455 1606 1575 1646 quidem
1585 1606 1728 1637 observa-

906 1649 976 1680 bant
993 1654 1130 1690 tanquam
1148 1649 1336 1681 Judaizantes
1354 1662 1360 1680 :
1392 1651 1498 1690 partim
1513 1660 1582 1681 vero
1598 1660 1657 1681 non
1672 1650 1728 1681 ob—

906 1694 1208 1734 servabanttanquam
1219 1695 1453 1726 Christianorum
1473 1704 1556 1725 more
1574 1695 1703 1726 viventes
1721 1705 1728 1731 ;

908 1743 1064 1779 propterea
1078 1739 1118 1769 ait
1134 1750 1139 1770 :
1160 1752 1173 1767 α
1190 1739 1220 1769 In
1239 1743 1320 1779 parte
1344 1739 1404 1770 diei
1429 1740 1496 1770 festi
1513 1751 1520 1771 :
1554 1752 1565 1769 ι
1593 1749 1670 1770 unus
1685 1739 1730 1770 vi-

908 1783 1027 1820 delicet,
1044 1787 1093 1813 aut
1108 1783 1138 1813 in
1155 1788 1237 1823 parte
1253 1784 1360 1814 horum
1372 1784 1517 1814 omnium.
1547 1796 1560 1811 α
1578 1783 1647 1820 Quie
1663 1789 1731 1814 sunt

909 1827 1013 1858 umbra
1048 1827 1226 1858 futurorum.
1273 1841 1284 1855 ιι
1330 1828 1473 1859 Futurum
1511 1828 1582 1859 dicit
1623 1836 1730 1860 novum

909 1876 1128 1909 testamentum,
1160 1882 1219 1902 non
1247 1872 1327 1912 quod
1357 1873 1492 1903 nundum
1521 1872 1576 1903 sub
1606 1881 1641 1903 eo
1675 1872 1732 1902 de-

908 1921 1022 1956 gerent,
1043 1917 1105 1956 jam
1131 1918 1210 1948 enim
1235 1918 1289 1947 sub
1315 1926 1350 1947 eo
1376 1916 1543 1956 degebant:
1575 1917 1627 1947 sed
1651 1917 1730 1957 quod

911 1974 925 1988 «
954 1960 984 1991 in
1016 1961 1121 1992 ordine
1149 1962 1184 1992 ad
1215 1961 1267 1992 has
1306 1961 1413 2000 ﬁguras
1443 1965 1472 1991 et
1500 1961 1622 1992 umbras
1651 1962 1730 1991 futu-

909 2014 974 2036 rum
1004 2011 1077 2037 erat.
1111 2018 1124 2033 «
1155 2006 1269 2045 Corpus
1285 2009 1383 2036 autem
1409 2006 1530 2036 Christi.
1550 2016 1563 2034 ι
1594 2006 1646 2035 Alii
1663 2006 1732 2046 qui-

910 2050 977 2080 dem
996 2050 1036 2080 ita
1051 2050 1254 2089 distinguunt:
1271 2050 1387 2090 Corpus
1405 2059 1476 2081 vero
1493 2050 1613 2088 Christi,
1630 2051 1659 2080 id
1675 2054 1731 2087 est,

911 2094 1018 2125 veritas
1033 2094 1062 2124 in
1093 2095 1210 2126 Christo
1240 2095 1314 2125 facta
1344 2098 1396 2125 est.
1429 2095 1487 2125 Alii
1518 2105 1597 2132 vero,
1621 2095 1733 2134 Corpus

911 2139 1019 2170 Christi
1029 2139 1158 2179 jungunt
1182 2139 1388 2179 sequentibus,
1420 2147 1527 2179 nempe
1550 2139 1642 2177 μηδεὶς
1665 2140 1731 2177 ὑμᾶς

1196 2183 1246 2213 ESI
1323 2186 1422 2214 autem
1493 2183 1732 2223 καταϐραϐευθῆναι

914 2228 1001 2269 (quod
1031 2227 1157 2267 palmam
1203 2231 1395 2258 intervertere
1437 2227 1574 2263 diximus)
1617 2227 1733 2267 quando

912 2272 988 2313 apud
1004 2272 1130 2303 alterum
1156 2272 1276 2312 quidem
1307 2276 1351 2302 est
1365 2271 1498 2310 victoria,
1515 2271 1592 2312 apud
1608 2272 1734 2302 alterum

912 2327 981 2348 vero
996 2316 1143 2348 brevium.
1170 2316 1335 2357 Dupliciter
1351 2317 1420 2356 poni
1447 2321 1543 2357 potest
1557 2316 1708 2347 distinctio
1726 2325 1732 2346 :

911 2366 960 2393 aut
970 2365 1038 2402 post
1049 2362 1177 2401 Corpus,
1189 2365 1239 2391 aut
1249 2365 1314 2401 post
1325 2360 1452 2392 Christi.
1479 2373 1492 2388 α
1515 2360 1557 2392 Ne
1573 2361 1639 2401 quis
1653 2359 1736 2391 vobis

51 2409 178 2449 palmam
188 2409 372 2441 intervertat.
383 2421 394 2438 ι
408 2409 502 2441 Nemo
513 2419 564 2441 vos
572 2409 752 2442 condemnet
761 2411 812 2451 qui
821 2408 930 2442 Christi
943 2415 1051 2446 corpus
1064 2405 1230 2446 suscipistis
1244 2414 1250 2436 ε
1266 2406 1322 2436 hoc
1333 2405 1413 2436 enim
1427 2405 1665 2436 subaudiendum
1676 2409 1734 2436 est.

51 2452 174 2501 Valens,
188 2453 295 2501 inquit,
311 2455 368 2486 hoc
381 2454 480 2501 facere
495 2463 548 2495 per
561 2454 653 2486 animi
668 2450 878 2495 humilitatem,
896 2452 964 2484 ιῦΰ
987 2451 1081 2501 magis
1103 2455 1201 2482 autem
1226 2459 1279 2491 per
1293 2450 1533 2501 superstitionem
1547 2451 1735 2501 angelorum.

58 2533 68 2543 ⁷
94 2507 110 2528 (
131 2498 162 2527 ”Α
184 2499 223 2536 μὴ
249 2499 363 2539 ἑώρακεν
398 2498 559 2537 ἐμϐατεύων,
586 2511 598 2529 ι
636 2500 665 2529 Τί
691 2500 746 2528 ἐστι
766 2504 868 2539 τοῦξος

63 2542 135 2570 Ησάν
149 2554 217 2575 τινες
237 2542 299 2583 παρ’
318 2545 421 2582 αὐτοῖς,
444 2543 542 2576 οἵτινες
565 2544 592 2572 ἐν
621 2545 754 2584 ὑποκρίσει
775 2555 870 2572 ταπει-

53 2588 212 2627 νοφροσύνης
251 2587 366 2617 ἐκώλυον
410 2589 503 2621 αὐτοὺς
538 2592 572 2628 τῇ
605 2587 688 2628 δωρεᾷ
722 2589 871 2628 προσιένεαι

52 2635 98 2660 τοῦ
119 2635 243 2673 Χριστοῦ,
275 2634 311 2665 ὡς
339 2634 386 2662 οὐκ
414 2632 499 2666 ἀξίους
533 2634 587 2661 τῶν
622 2633 800 2673 τηλικούτων,
828 2633 872 2661 xxi

53 2675 92 2704 ὅτι
116 2676 245 2715 ἀγγέλους
267 2677 454 2716 παρακλητέον
474 2677 617 2717 προσάγειν
643 2678 714 2715 ἡμᾶς
743 2681 782 2714 τῷ
804 2681 873 2715 Θεῷ,

53 2721 89 2752 ὼς
113 2721 158 2749 καὶ
198 2722 283 2750 αὐτῶν
321 2721 446 2762 πρότερον
487 2721 536 2755 τὴν
570 2721 662 2755 κοινὴν
696 2722 875 2761 προσαγωγὴν

54 2765 242 2803 ποιησαμένων
263 2769 354 2803 μεῖζον
382 2767 400 2801 ἢ
433 2766 493 2794 καθ’
521 2767 593 2803 ἡμᾶς
622 2765 743 2805 λέγοντες
772 2767 802 2794 τὸ
834 2765 875 2794 διὰ

956 2510 967 2524 α
987 2496 1019 2527 In
1033 2496 1071 2526 iis
1100 2504 1166 2536 quas
1194 2505 1253 2526 non
1283 2495 1357 2526 vidit
1384 2495 1530 2526 fastuosus
1545 2495 1702 2527 incedens.
1718 2505 1733 2525 ι

913 2541 1058 2578 Quidnam
1069 2544 1113 2571 est
1126 2540 1181 2571 hoc
1195 2541 1209 2571 ?
1232 2539 1324 2571 Erant
1343 2540 1479 2570 nonnulli
1500 2540 1576 2580 apud
1593 2539 1673 2580 ipsos
1688 2539 1739 2580 qui

914 2587 944 2617 in
961 2585 1151 2617 simulatione
1174 2584 1301 2616 modesti
1325 2584 1418 2616 animi
1446 2583 1644 2625 prohibebant
1658 2584 1739 2624 ipsos

915 2640 969 2672 per
979 2629 1129 2662 Christum
1141 2629 1297 2669 accedere,
1310 2628 1394 2670 quasi
1411 2632 1498 2660 tantis
1514 2628 1596 2668 digni
1612 2638 1672 2659 non
1688 2637 1738 2659 es-

917 2679 999 2707 sent:
1018 2678 1047 2706 et
1062 2674 1141 2715 quod
1156 2673 1253 2713 angeli
1278 2673 1456 2705 obsecrandi
1471 2678 1573 2705 essent
1587 2677 1618 2703 ut
1631 2681 1686 2703 nos
1701 2673 1738 2703 ad

917 2720 1010 2752 Deum
1021 2719 1217 2756 adducerent,
1234 2718 1324 2751 veluti
1341 2718 1392 2759 qui
1403 2718 1491 2749 etiam
1501 2717 1589 2759 primi
1600 2726 1738 2748 commu-

918 2765 949 2796 ni
964 2773 1086 2797 accessu
1102 2763 1164 2795 sive
1179 2762 1357 2794 adductione
1377 2763 1447 2795 iacti
1462 2763 1520 2794 sint
1536 2771 1542 2794 :
1563 2762 1656 2802 majus
1673 2770 1739 2793 esse
