1921 3074
42 121 80 153 37

567 123 762 154 COMMENT.
789 124 827 153 IN
854 123 973 154 EPIST.
997 125 1046 155 AD
1063 124 1206 154 COLOSS.

1696 126 1734 157 38

48 190 210 226 ὑπονοήσας,
241 191 284 218 καὶ
318 192 360 222 οὒς
401 191 479 230 εῖχεν
521 189 652 219 ἀπώλεσε.
690 189 870 229 Θριαμϐεύσας

956 197 1009 218 ium
1027 197 1144 228 quoque
1161 197 1193 218 se
1208 188 1378 220 habiturum
1404 194 1547 229 speraret,
1579 200 1631 221 eos
1647 192 1735 222 etiam

41 233 136 265 αὐτοὺς
165 233 191 262 ἐν
217 235 297 271 αυτῷ,
331 246 344 261 ε
363 233 493 274 Θρίαμϐος
517 246 531 261 ι
548 233 665 272 λέγεται,
689 235 707 268 ἦ
729 234 796 262 κατὰ
816 237 870 262 τῶν

41 277 203 316 ἡττωμένων
245 279 342 316 πομπὴ
384 279 428 306 καὶ
469 279 625 317 πανήγυρις.
670 277 871 318 Ἐθριάμϐευσεν

41 323 85 350 οὗν
115 324 193 351 αὑτὸν
221 321 263 350 διὰ
294 327 340 351 τοῦ
376 327 497 362 σταυροῦ,
519 323 664 360 τουτέστιν,
688 323 792 356 ἐνίκησε
829 323 872 350 καὶ

42 367 102 394 κατ’
128 367 207 395 αὐτοῦ
235 366 359 407 θρίαμϐον
389 369 485 401 νοητὸν
513 367 678 395 ἐπετέλεσεν.
710 366 788 395 Οὐδὲν
824 368 873 406 γὰρ

43 411 126 443 οὕτως
141 410 247 444 ἐνίκησε
271 413 316 440 τὸν
343 411 476 447 διάϐολον,
500 413 536 443 ὡς
566 413 596 440 τὸ
618 413 662 440 καὶ
690 413 873 451 σταυρωθῆναι

42 457 88 483 τὸν
118 456 224 494 Κύριον,
260 457 303 484 καὶ
332 455 463 495 παρρησίᾳ
490 459 566 484 τοῦτο
596 458 691 484 παθεῖν
724 457 768 484 καὶ
790 466 873 496 φανε-

44 503 108 538 ρῶς,
139 500 227 528 Πάντα
263 501 312 540 γὰρ
354 500 383 528 ἂν
418 500 542 534 ἐποίησεν
571 502 585 528 ὁ
614 499 748 536 διάϐολος,
780 507 873 531 πεῖσαι

43 543 125 572 θέλων
162 544 202 572 ὅτι
238 544 285 573 οὔκ
318 544 456 580 ἀπέθανεν,
494 545 515 572 εἰ
550 544 588 581 μὴ
624 545 654 572 τὸ
691 545 772 583 σαφὲς
803 545 874 581 αὒτῷ

45 590 211 622 ἠναντιοῦτο,
235 590 264 618 Ei.
293 589 342 628 γὰρ
370 589 409 626 μὴ
444 589 584 626 ἀπέθανεν,
613 591 661 617 οὒκ
697 588 728 615 ἂν
764 589 871 621 ἀνέστη,

47 632 74 660 ΕΞ
101 632 140 668 μὴ
176 632 284 669 ἀνέστη,
321 633 368 661 οὒκ
396 633 426 660 ἂν
454 632 602 672 ἀνελήφθη,
641 634 668 661 Ei
703 633 742 670 μὴ
777 635 867 663 ταῦτα,

45 678 137 705 οὖκοῦν
166 678 195 705 οὗ
216 677 292 708 Θεός.
324 673 399 716 Ὀρᾷς
422 677 461 705 ὃτι
490 681 536 705 τοῦ
564 678 677 706 θανάτου
705 677 791 705 πάντα
818 677 868 716 ἤρ-

45 731 123 754 τηται
139 730 148 760 ;

44 511 108 531 εως.

913 232 1042 273 perdidit
1059 242 1132 272 quos
1159 232 1296 264 habebat.
1331 233 1529 273 Triumphans
1557 235 1593 266 de
1608 235 1668 268 illis
1683 247 1736 278 per

912 278 1019 323 ipsam.
1037 278 1166 317 Τρῖαμϐος
1193 278 1282 317 (quod
1311 288 1364 308 nos
1385 279 1565 323 triumphum
1582 282 1733 323 vertimus)

914 322 1024 352 dicitur
1036 331 1141 362 pompa
1153 332 1187 352 nc
1198 327 1360 352 conventus
1372 322 1508 362 publicus
1525 324 1666 356 adversus
1681 327 1735 357 de-

914 366 1018 397 victos.
1032 365 1240 406 Triumphavit
1256 365 1344 403 igitur
1360 366 1396 396 de
1412 367 1461 397 illo
1479 372 1735 407 percrucem,hoc

916 417 972 446 εει,
991 410 1098 440 devicit
1122 415 1152 440 et
1179 410 1362 449 spiritualem
1393 411 1573 450 triumphum
1596 414 1735 446 adversus

917 463 983 484 eum
999 454 1168 484 celebravit.
1183 454 1259 484 Nihil
1270 453 1349 484 enim
1362 455 1437 485 adeo
1447 455 1554 485 devicit
1566 466 1598 487 ac
1616 459 1736 497 pudefe—

915 498 955 528 cit
969 498 1136 537 Diabolum,
1153 499 1229 529 sicut
1244 498 1412 529 cruciﬁxum
1440 508 1506 529 esse
1519 499 1688 540 Dominum,
1706 508 1736 534 et

916 542 1012 582 palam
1029 552 1062 572 ac
1093 543 1248 573 manifeste
1280 543 1335 573 hoe
1365 552 1482 582 passum
1510 543 1610 575 fuisse.
1629 545 1735 578 Omnia

915 595 1042 627 namque
1057 587 1175 618 fecisset
1185 587 1320 617 diabolus
1333 587 1511 627 persuadere
1521 589 1623 621 volens
1632 600 1669 622 ne
1681 601 1733 623 oc-

912 631 1063 661 rideretur
1078 631 1134 661 nisi
1165 632 1321 662 manifeste
1350 632 1378 662 ei
1408 638 1604 672 repugnatum
1619 636 1732 668 fuisset.

911 675 974 706 Nisi
1003 675 1082 705 enim
1106 680 1238 706 mortuus
1262 675 1377 712 fuisset,
1409 685 1468 706 non
1500 680 1731 712 resurrexisset:

911 720 988 760 quod
1004 720 1029 750 si
1046 730 1103 750 non
1119 720 1340 758 resurrexisset,
1365 729 1549 761 nequaquam
1567 731 1734 765 assumptus

45 765 161 797 fuisset.
179 765 207 797 Si
224 766 286 797 hac
300 770 365 797 acta
380 775 439 797 non
457 766 591 802 fuissent,
608 766 710 806 utique
725 765 803 796 Deus
818 775 876 796 non
893 765 995 796 fuisset
1012 766 1138 796 habitus.
1158 765 1245 796 Vides
1260 765 1338 805 quod
1354 775 1370 796 a
1385 769 1480 796 morte
1496 767 1594 798 omnia
1617 769 1734 809 depen-

46 809 168 842 debant.

360 860 484 887 ΚΕΦΑΑ.
509 851 552 886 H'.

51 914 63 928 ι
106 907 154 931 Οτι
185 904 208 930 οἱ
236 906 280 930 τοῦ
318 903 443 942 σαρκικοῦ
491 902 572 940 νόμου
616 905 692 930 τύποι
736 909 874 941 σαρκικοῖς

87 942 231 981 χρήσιμοι,
250 943 279 970 οὑ
293 949 483 979 πνευματικοῖς
511 949 569 975 τοῖς
595 943 621 970 ἐν
637 942 742 980 δύναμει
762 945 873 981 Χριστοῦ

87 985 179 1016 ζῶσιν,
200 994 211 1010 ι

89 1038 102 1057 ε
134 1029 178 1062 Μὴ
204 1028 246 1057 οὖν
273 1040 313 1061 τις
343 1030 409 1065 ὑμᾶς
438 1028 547 1068 κρινέτω
575 1028 602 1056 ἐν
630 1029 725 1067 βρώσει
748 1030 764 1063 ἢ
780 1029 806 1056 ἐν
821 1030 868 1057 πό-

49 1084 98 1107 σει,
129 1073 148 1106 ἢ
170 1073 197 1101 ἓν
226 1073 299 1113 μέρει
321 1074 424 1113 ἑορτῆς,
453 1073 472 1107 ἢ
498 1074 650 1113 νουμηνίας,
679 1074 696 1107 ἣ
713 1073 865 1111 Σαϐϐάτων,

51 1118 66 1144 ἆ
101 1117 156 1145 ἐστι
200 1118 261 1145 σκιὰ
295 1120 348 1146 τῶν
389 1117 551 1156 μελλόντων,
588 1119 618 1146 τὸ
649 1117 676 1145 δὲ
718 1119 795 1155 σῶμα
823 1121 868 1146 τοῦ

237 1161 332 1195 Μηδεὶς
386 1163 453 1199 ὑμᾶς
511 1161 725 1201 καταδραϐενέτω
787 1162 869 1190 θέλων

52 1205 77 1232 ἄν
96 1207 321 1246 ταπεινοφροσύνῃ
335 1207 378 1234 καὶ
403 1207 528 1245 θρησκείᾳ
556 1209 608 1234 τῶν
638 1206 768 1245 ἀγγέλων,
793 1207 808 1234 ἃ
830 1208 868 1244 μὴ

52 1251 162 1289 ἑώρακεν
179 1250 343 1290 ἐμϐατεύων,
359 1251 416 1284 εἰκῆ
431 1251 602 1290 φυσιούμενος
616 1251 666 1278 ὑπὸ
685 1255 730 1279 τοῦ
745 1252 804 1283 νοὸς
819 1254 868 1283 τῆς

52 1295 144 1334 σαρκὸς
161 1295 252 1332 αὐτοῦ,
267 1295 311 1323 καὶ
326 1295 355 1323 οὐ
381 1298 484 1334 κρατῶν
506 1295 554 1328 τὴν
583 1294 711 1334 κεφαλὴν,
736 1295 761 1328 ἐξ
775 1297 804 1324 οὐ
818 1299 869 1324 πᾶν

53 1339 80 1366 τὸ
94 1342 183 1378 σῶμα,
206 1338 248 1366 διὰ
262 1339 314 1367 τῶν
329 1339 401 1379 ἁφῶν
422 1339 466 1367 καὶ
491 1337 639 1376 συνδέσμων
654 1339 868 1378 ἐπιχορηγούμε-

52 1393 93 1411 νον
127 1384 171 1411 ut
206 1382 439 1421 συμϐιϐαζόμενον,

55 1430 124 1457 Θεοῦ,
146 1438 157 1455 ι

92 1486 105 1501 ι
121 1475 166 1508 Μὴ
185 1475 230 1502 οὖν
243 1485 284 1506 τις
307 1475 375 1512 ὑμᾶς
402 1474 523 1514 κρινέτω,
549 1486 561 1503 ο
586 1476 661 1508 οἷον,
692 1474 870 1514 κατακρινέτω

53 1519 86 1550 ὡς
114 1522 204 1551 κακῶς
242 1523 393 1556 ποιοῦντας,
429 1519 456 1547 ἐν
494 1523 533 1556 τῷ
569 1519 607 1556 μὴ
635 1518 772 1559 φυλαττειν
802 1519 899 1567 μέρηο

54 1563 157 1602 ἑορτῶν,
180 1565 200 1597 ἢ
222 1564 383 1600 νωμηνιῶν,
410 1563 428 1597 ἢ
458 1563 551 1603 βρῶμα
580 1563 598 1597 ἢ
626 1563 712 1600 πόμα,
744 1564 792 1592 Καὶ
820 1564 870 1603 γὰρ

54 1607 84 1634 τὰ
114 1607 161 1644 μὲν
201 1607 344 1648 ἐφύλαττον
385 1609 421 1639 ὡς
463 1607 661 1643 ’ἰουδαΐζοντες,
697 1608 729 1635 τὰ
769 1606 795 1634 δὲ
824 1609 870 1636 οὒκ

55 1651 193 1690 ἐφύλαττον
231 1653 268 1684 ὡς
312 1653 545 1690 Χριστιανίζοντες,
584 1652 633 1679 Διὰ
661 1656 748 1687 τοῦτο,
779 1653 868 1692 φησὶν,

58 1689 78 1723 «ν
91 1695 136 1725 Ἐν
155 1696 230 1736 μέρει
246 1689 339 1736 ὲορτῆξ
353 1695 443 1731 τῆσδε,
465 1708 476 1725 ι
509 1696 526 1730 ἣ
542 1696 568 1724 ἐν
583 1696 656 1736 μέρει
671 1695 763 1725 τῶνδε.
786 1689 807 1726 ’(

56 1740 106 1768 ἔστι
134 1742 196 1769 σκιὰ
218 1742 271 1769 τῶν
299 1740 462 1779 μελλόντων,
496 1753 509 1768 ι
548 1740 698 1769 Μέλλουσάν
721 1752 802 1780 φησιν
823 1742 872 1774 τὴν

57 1786 143 1818 καινὴν
158 1784 298 1824 διαθήκην,
315 1785 362 1814 οὐκ
377 1784 468 1819 ἐπειδὴ
497 1784 570 1814 οὔπω
597 1786 630 1819 ἦν
666 1785 872 1824 πολιτευομένη,

57 1828 96 1868 (ἧν
123 1829 198 1869 γὰρ),
225 1829 285 1857 ἀλλ’
319 1831 355 1862 ὡς
384 1830 449 1869 πρὸς
472 1830 532 1862 τοὺς
573 1831 668 1862 τύπους
696 1830 804 1861 τούτους
829 1831 873 1858 καὶ

57 1874 100 1905 τὰς
115 1875 200 1910 σκιὰς,
217 1874 349 1912 μέλλουσα
369 1874 414 1908 ἦν.
434 1886 445 1902 ε
469 1876 505 1903 Τὸ
519 1873 546 1902 δὲ
561 1878 638 1912 σῶμα
652 1878 698 1902 τοῦ
714 1878 837 1914 Χριστοῦ,
858 1886 869 1902 ι

60 1919 86 1946 Οἱ
114 1918 161 1955 μὲν
182 1917 266 1950 οὕτως
288 1919 400 1954 στίζουσι
416 1927 423 1934 ·
446 1919 490 1948 ,Τὸ
511 1917 537 1946 δὲ
567 1922 644 1956 σῶμα
671 1923 718 1948 τοῦ
747 1923 870 1958 Χριστοῦ,

60 1962 196 2003 τουτέστιν,
226 1963 244 1996 ἡ
274 1962 383 1997 ἀλήθεια
413 1962 455 1990 ἐπὶ
493 1966 606 2002 Χριστοῦ
641 1963 760 2002 γέγονεν.
791 1965 821 1992 Οὶ
846 1963 873 1991 δὲ

60 2006 98 2045 τὸ,
129 2009 212 2043 Σῶμα
243 2011 289 2036 τοῦ
317 2010 440 2045 Χριστοῦ,
479 2018 492 2034 α
530 2007 626 2041 Μηδεὶς
653 2009 720 2045 ὑμᾶς
742 2007 872 2047 καταϐρα-

60 2049 161 2082 ϐενὲτω,
191 2050 449 2091 Καταϐραϐευθῆναι,
494 2063 508 2079 ι
546 2051 573 2079 δέ
601 2052 684 2087 ἐστιν,
721 2052 782 2080 ὅταν
811 2051 872 2091 παρ’

61 2094 135 2133 ἑτέρῳ
155 2094 202 2132 μέν
231 2095 249 2128 ἡ
271 2095 340 2132 νίκη,
370 2095 432 2135 παρ’
455 2095 536 2135 ἑτέρῳ
563 2095 590 2123 δὲ
619 2097 648 2124 τὸ
677 2095 813 2135 βραϐεῖον.
836 2112 875 2117 —

62 2137 163 2178 [ΦΩΤ.]
187 2139 287 2170 Διττῶς
302 2139 421 2179 ἐγχωρεῖ
438 2139 579 2179 στίζεσθαι,
601 2141 644 2168 καὶ
671 2140 697 2169 ἐν
711 2143 761 2177 τῷ,
785 2143 874 2179 σῶμα,

52 1165 171 1200 Χριστοῦ.

483 1383 551 1416 αὔξει
594 1394 641 1416 την
681 1383 788 1417 arei-new
825 1388 871 1413 τοῦ

61 2182 251 2220 ὺποστίζοντας,
273 2183 316 2211 καὶ
337 2183 363 2211 ἐν
398 2187 446 2221 τῷ,
484 2187 607 2223 Χριστοῦ.
641 2193 657 2214 (
688 2183 785 2217 Μηδεὶς
808 2180 1133 2221 ὑμᾶςῡκαταϐραϐεὑετω

62 2225 282 2267 καταϐραϐευέτω.
328 2239 341 2255 ι
383 2227 479 2262 Μηδεὶς
515 2229 582 2266 ὑμᾶς
628 2229 817 2268 κατακρινέτω,
846 2229 877 2256 τὸ

63 2274 133 2308 σῶμα
154 2275 266 2312 Χριστοῦ
291 2271 466 2313 δεχομένους.
497 2277 578 2302 Τοῦτο
608 2274 658 2313 γὰρ
685 2273 874 2304 ὑπακουστέον.

64 2315 146 2344 Θέλων
178 2321 257 2345 τοῦτο
290 2324 390 2354 ποιεῖν,
440 2319 531 2358 φησὶν,
568 2317 595 2346 ἐν
638 2318 874 2358 ταπεινοφροσύνῃ,

65 2359 158 2395 μᾶλλον
171 2361 197 2389 δὲ
211 2361 239 2390 ἓν
253 2362 377 2401 θρησκείᾳ
391 2365 443 2390 τῶν
459 2361 590 2402 ἀγγέλων.

882 859 901 883 Β

1209 854 1331 886 CAPUT
1354 854 1429 885 VIII.

917 900 1002 942 Quod
1017 901 1090 939 legis
1108 899 1243 942 carnalis
1256 901 1323 940 Ινρὶ
1333 899 1507 942 eqrnalibus
1518 903 1550 932 in
1563 905 1659 942 pretio
1675 904 1734 935 Ita-

954 940 1073 981 ltentur,
1110 949 1168 970 non
1197 939 1408 980 spiritualibus
1434 942 1487 979 qui
1514 939 1571 981 per
1592 947 1733 975 t'z'rtulem

954 979 1067 1010 Christi
1087 981 1205 1010 rio-unt.

955 1031 969 1054 Ι
980 1030 1031 1056 τι
1041 1026 1120 1058 Ιῌϋ
1138 1027 1182 1057 19.
1195 1026 1413 1067 Nequisigitur
1427 1036 1480 1057 nos
1496 1028 1611 1064 iudicet
1624 1033 1657 1061 in
1668 1030 1734 1062 cibo

911 1074 967 1100 aut
973 1075 1054 1108 potu,
1065 1074 1156 1102 autin
1166 1075 1253 1110 parte
1264 1071 1326 1102 diei
1339 1071 1421 1110 festi,
1438 1073 1668 1111 autnovilunii,
1681 1079 1733 1106 aut

910 1114 1123 1154 Subbalorum,
1141 1124 1207 1154 quae
1220 1119 1288 1146 sunt
1304 1115 1411 1145 umbra
1425 1117 1612 1155 futurorum,
1625 1127 1733 1159 corpus

911 1162 1011 1189 autem
1024 1159 1147 1190 Christi.
1163 1159 1207 1189 Ne
1219 1161 1287 1199 quis
1298 1159 1379 1190 vobis
1395 1160 1533 1199 palmam
1551 1164 1732 1194 intervertat

910 1204 985 1234 data
991 1204 1239 1243 operoperauimi
1247 1203 1445 1234 humilitatem
1453 1207 1730 1244 etsuperstitionem

911 1247 1102 1286 angelorum,
1113 1249 1143 1277 in
1152 1249 1188 1278 iis
1195 1257 1261 1287 qua:
1269 1257 1327 1278 non
1337 1249 1412 1279 vidit
1420 1251 1569 1280 lastuosus
1577 1251 1730 1288 incedens,

910 1292 1028 1330 frustra
1040 1293 1164 1330 inﬂatus
1175 1301 1193 1322 α
1206 1297 1303 1323 mente
1323 1294 1424 1324 carnis
1445 1302 1517 1331 suae,
1531 1303 1582 1326 nec
1594 1295 1732 1326 obtinens

912 1339 1011 1375 caput,
1020 1345 1057 1366 ar
1065 1345 1122 1376 quo
1130 1339 1221 1367 totum
1230 1345 1337 1376 corpus
1342 1339 1616 1376 percommissuras
1623 1343 1649 1370 et
1657 1348 1732 1370 com-

911 1383 1037 1419 pagines
1050 1381 1316 1411 subministratum
1341 1385 1369 1411 et
1391 1386 1579 1422 compactum
1596 1385 1733 1423 augescit

911 1429 1072 1464 augmento
1088 1425 1154 1456 Dei.

955 1481 969 1496 α
986 1468 1029 1499 Ne
1044 1469 1110 1509 quis
1125 1469 1214 1508 igitur
1229 1469 1415 1509 vosjudicet.
1445 1482 1456 1499 ιι
1484 1470 1545 1501 Hoc
1572 1475 1626 1509 est,
1659 1481 1733 1502 con-

912 1512 1185 1553 demnettanquam
1211 1514 1431 1546 malefacientes
1461 1524 1495 1545 ex
1520 1525 1555 1546 eo
1580 1516 1659 1556 quod
1674 1525 1734 1547 non

912 1557 1076 1589 observetis
1101 1563 1200 1598 partes
1214 1559 1355 1589 festorum
1371 1563 1421 1590 aut
1435 1560 1667 1597 noviluniorum,
1685 1566 1736 1591 aut

912 1602 1010 1633 cibum
1022 1607 1070 1633 aut
1080 1608 1191 1642 potum.
1213 1603 1329 1635 Etenim
1342 1603 1447 1644 partim
1461 1604 1581 1644 quidem
1591 1605 1734 1636 observa-

913 1646 983 1677 bant
1000 1651 1136 1688 tanquam
1154 1647 1342 1679 Judaizantes
1360 1660 1366 1677 :
1398 1649 1504 1688 partim
1519 1658 1588 1679 vero
1603 1659 1663 1680 non
1678 1649 1734 1680 ob-

912 1691 1215 1732 servabanttanquam
1225 1693 1460 1724 Christianorum
1479 1703 1561 1724 more
1580 1693 1709 1724 viventes
1727 1704 1734 1729 ;

915 1740 1071 1776 propterea
1084 1737 1124 1767 ait
1140 1748 1146 1768 :
1166 1749 1179 1764 «
1196 1736 1226 1767 In
1244 1741 1326 1777 parte
1350 1738 1410 1768 diei
1435 1738 1501 1769 festi
1520 1749 1526 1769 :
1559 1750 1571 1767 υ
1599 1748 1676 1769 unus
1690 1738 1735 1768 vi—

914 1780 1033 1818 delicet,
1051 1785 1100 1811 aut
1114 1781 1145 1811 in
1161 1786 1243 1821 parte
1259 1782 1366 1812 horum
1378 1782 1522 1812 omnium.
1553 1794 1566 1809 ι
1583 1782 1653 1818 Qum
1669 1787 1738 1813 sunt

915 1825 1020 1855 umbra
1054 1825 1232 1856 futurorum.
1279 1838 1291 1854 ι)
1336 1826 1479 1857 Futurum
1517 1827 1588 1857 dicit
1629 1835 1736 1859 novum

915 1873 1134 1906 testamentum,
1166 1879 1224 1900 non
1253 1871 1332 1910 quod
1363 1871 1498 1901 nundum
1527 1871 1582 1901 sub
1612 1880 1647 1902 eo
1681 1871 1738 1901 de—

914 1918 1029 1953 gerent,
1049 1915 1111 1954 jam
1137 1916 1215 1946 enim
1241 1917 1294 1946 sub
1320 1924 1355 1945 eo
1381 1915 1549 1955 degebant:
1581 1916 1633 1946 sed
1657 1916 1736 1956 quod

917 1971 930 1985 «ι
960 1958 991 1989 in
1022 1959 1127 1989 ordine
1155 1959 1189 1990 ad
1221 1959 1273 1989 has
1312 1959 1418 1999 ﬁguras
1448 1964 1478 1989 et
1505 1959 1627 1990 umbras
1657 1961 1737 1990 futu-

915 2012 980 2033 rum
1010 2008 1083 2034 erat.
1117 2016 1130 2031 α
1161 2003 1275 2043 Corpus
1291 2008 1389 2034 autem
1415 2004 1536 2035 Christi.
1556 2015 1568 2033 ν
1599 2004 1737 2044 aliiqui-

916 2048 983 2078 dem
1001 2048 1042 2078 ita
1056 2048 1259 2088 distinguunt:
1277 2049 1392 2088 Corpus
1412 2057 1481 2079 vero
1498 2049 1618 2087 Christi,
1636 2050 1664 2080 id
1680 2053 1737 2086 est,

916 2092 1024 2123 veritas
1038 2092 1068 2122 in
1098 2093 1215 2124 Christo
1245 2093 1319 2123 facta
1349 2097 1402 2124 est.
1435 2093 1492 2124 Alii
1523 2103 1602 2131 vero,
1626 2094 1738 2134 Corpus

916 2136 1024 2168 Christi
1034 2136 1163 2177 jungunt
1187 2137 1394 2177 sequentibus,
1425 2146 1533 2177 nempe
1555 2137 1647 2176 μηδεὶς
1670 2139 1736 2176 ὑμᾶς

1202 2181 1251 2211 Est
1328 2185 1427 2213 autem
1498 2182 1738 2222 καταϐραϐευθῆναι

919 2225 1006 2266 (quod
1037 2225 1163 2265 palmam
1208 2229 1400 2256 intervertere
1442 2225 1579 2263 diximus)
1622 2226 1739 2266 quando

918 2270 993 2311 apud
1009 2270 1135 2301 alterum
1161 2270 1281 2310 quidem
1311 2274 1356 2301 est
1370 2270 1503 2308 victoria,
1520 2270 1597 2311 apud
1613 2271 1740 2301 alterum

917 2325 986 2346 vero
1002 2314 1148 2346 bravium.
1175 2314 1340 2355 Dupliciter
1355 2315 1425 2355 poni
1452 2320 1549 2356 potest
1563 2315 1713 2346 distinctio
1731 2325 1738 2345 :

917 2364 966 2391 aut
975 2363 1043 2400 post
1054 2360 1182 2399 Corpus,
1194 2363 1244 2390 aut
1254 2363 1319 2399 post
1329 2358 1457 2391 Christi.
1483 2372 1497 2387 α
1520 2359 1562 2390 Ne
1579 2360 1644 2400 quis
1659 2359 1741 2390 vobis

66 2403 182 2448 palmam
192 2405 376 2437 intervertat.
388 2417 399 2435 ο
414 2405 507 2437 Nemo
517 2416 568 2437 vos
576 2406 818 2448 condemnetqui
827 2405 936 2439 Christi
948 2412 1057 2443 corpus
1069 2403 1234 2444 suscipistis
1248 2412 1255 2434 :
1270 2404 1326 2435 hoc
1338 2404 1418 2434 enim
1432 2404 1670 2435 subaudiendum
1682 2408 1739 2435 est.

66 2445 178 2496 Valens,
192 2449 300 2496 inquit,
316 2451 373 2482 hoc
386 2450 485 2496 facere
500 2460 552 2492 per
566 2451 658 2482 animi
673 2445 883 2492 humilitatem,
901 2449 969 2481 ιῦΰ
992 2449 1086 2496 magis
1108 2453 1206 2480 autem
1231 2457 1283 2489 per
1297 2449 1539 2496 superstitionem
1552 2450 1740 2496 angelorum.

73 2525 81 2535 ⁷
104 2501 118 2522 ε
147 2499 167 2522 Α
188 2496 227 2533 μὴ
254 2495 368 2535 ἑώρακεν
403 2495 564 2534 ἐμϐατεύων,
591 2508 603 2525 ι
641 2497 670 2526 Τί
697 2497 751 2525 ἐστι
772 2501 873 2537 τοῦτο,

78 2537 141 2565 Ησάν
154 2549 221 2571 τινες
241 2539 303 2579 παρ’
323 2541 426 2579 αὐτοῖς,
449 2540 546 2573 οἵτινες
570 2541 597 2569 ἐν
626 2542 758 2581 ὑποκρίσει
780 2552 876 2570 ταπει-

69 2583 216 2620 νοφροσύνης
256 2583 370 2613 ἐκώλυον
415 2586 508 2618 αὖτοὺς
543 2589 577 2624 τῇ
610 2584 692 2625 δωρεᾷ
727 2586 876 2625 προσιένεαι

68 2629 108 2670 ξσῦ
127 2629 248 2669 Χριστοῦ,
279 2630 315 2661 ὡς
343 2630 390 2658 οὒκ
418 2629 503 2662 ἀξίους
538 2631 592 2658 τῶν
627 2630 804 2670 τηλικούτων,
834 2631 878 2658 καὶ

69 2667 104 2714 δτι
125 2667 250 2710 ἀγγέλουξ
271 2673 458 2713 παρακλητέον
479 2675 622 2714 προσάγειν
648 2675 719 2712 ἡμᾶς
748 2667 877 2712 ’τῷ-Θεῷ,

69 2713 101 2744 ὼς
123 2716 164 2744 καὶ
202 2718 287 2746 αὐτῶν
325 2718 451 2758 πρότερον
491 2713 540 2753 τὴν
574 2713 666 2752 κοινὴν
701 2719 879 2758 προσαγωγὴν

71 2760 246 2797 ποιησαμένων
267 2765 359 2799 μεῖζον
387 2764 405 2798 ἢ
437 2763 497 2791 καθ’
525 2764 597 2801 ἡμᾶς
626 2763 747 2802 λέγοντες
776 2765 806 2791 τὸ
839 2762 879 2791 διὰ

961 2507 972 2522 α
992 2494 1024 2525 In
1039 2494 1076 2525 iis
1104 2502 1170 2534 qua;
1199 2503 1258 2524 non
1287 2493 1361 2524 vidit
1388 2493 1535 2524 fastuosus
1550 2494 1706 2526 incedens.
1723 2504 1738 2524 ι

918 2539 1063 2576 Quidnam
1074 2542 1118 2569 est
1131 2538 1186 2569 hoc
1199 2539 1213 2568 ?
1236 2537 1328 2569 Erant
1348 2538 1484 2569 nonnulli
1505 2538 1581 2579 apud
1597 2538 1678 2578 ipsos
1692 2538 1743 2578 qui

919 2585 948 2615 in
965 2583 1155 2614 simulatione
1178 2582 1305 2614 modesti
1330 2583 1422 2614 animi
1451 2582 1649 2624 prohibebant
1663 2583 1743 2623 ipsos

920 2637 973 2670 per
983 2628 1133 2660 Christum
1145 2627 1302 2668 accedere,
1314 2627 1398 2668 quasi
1415 2630 1503 2658 tantis
1519 2627 1601 2667 digni
1616 2637 1676 2658 non
1692 2636 1742 2657 es-

921 2677 1004 2704 sent:
1022 2676 1052 2704 et
1066 2671 1145 2713 quod
1160 2671 1258 2711 angeli
1282 2672 1461 2703 ubsecrandi
1475 2677 1577 2704 essent
1592 2676 1623 2702 ut
1635 2680 1690 2702 nos
1705 2672 1741 2702 ad

922 2718 1015 2750 Deum
1025 2717 1222 2754 adducerent,
1238 2716 1329 2748 veluti
1345 2716 1397 2757 qui
1407 2716 1496 2748 etiam
1506 2716 1594 2757 primi
1604 2725 1742 2747 commu-

922 2762 953 2794 ni
968 2770 1090 2794 accessu
1107 2760 1168 2792 sive
1183 2760 1361 2793 adductione
1381 2761 1451 2793 facti
1466 2761 1524 2792 sint
1541 2770 1547 2792 :
1567 2760 1660 2800 majus
1676 2768 1743 2791 esse
