  <div class='ocr_page' id='page_1' title='image "/cluster/home/n/w/nwhite01/storage/ocr_20150623/119/njp.32101010943965/1000.png"; bbox 0 0 1922 3081; ppageno 0'>
   <div class='ocr_carea' id='block_1_1' title="bbox 41 127 800 166">
    <p class='ocr_par' dir='ltr' id='par_1_1' title="bbox 41 127 800 163">
     <span class='ocr_line' id='line_1_1' title="bbox 41 127 800 163; baseline 0.004 -4"><span class='ocrx_word' id='word_1_1' title='bbox 41 127 78 160; x_wconf 84' lang='grc'><strong>84</strong></span> <span class='ocrx_word' id='word_1_2' title='bbox 85 129 94 160; x_wconf 83' lang='lat' dir='ltr'><strong>l</strong></span> <span class='ocrx_word' id='word_1_3' title='bbox 713 131 800 163; x_wconf 74' lang='lat' dir='ltr'><strong>GR/E</strong></span> 
     </span>
    </p>
   </div>
   <div class='ocr_carea' id='block_1_2' title="bbox 975 127 1734 166">
    <p class='ocr_par' dir='ltr' id='par_1_2' title="bbox 975 130 1734 166">
     <span class='ocr_line' id='line_1_2' title="bbox 975 130 1734 166; baseline 0.005 -5"><span class='ocrx_word' id='word_1_4' title='bbox 975 130 1057 161; x_wconf 90' lang='lat' dir='ltr'><strong>NUM</strong></span> <span class='ocrx_word' id='word_1_5' title='bbox 1676 131 1734 166; x_wconf 83' lang='grc'><strong>842</strong></span> 
     </span>
    </p>
   </div>
   <div class='ocr_carea' id='block_1_3' title="bbox 41 193 800 239">
    <p class='ocr_par' dir='ltr' id='par_1_3' title="bbox 41 197 800 239">
     <span class='ocr_line' id='line_1_3' title="bbox 41 197 800 239; baseline 0.001 -14"><span class='ocrx_word' id='word_1_6' title='bbox 41 199 194 236; x_wconf 68' lang='grc' dir='ltr'><strong>γυναικείων</strong></span> <span class='ocrx_word' id='word_1_7' title='bbox 235 200 413 239; x_wconf 75' lang='grc' dir='ltr'><strong>φροντίζωσιν</strong></span> <span class='ocrx_word' id='word_1_8' title='bbox 433 209 441 218; x_wconf 90' lang='grc'>·</span> <span class='ocrx_word' id='word_1_9' title='bbox 486 199 571 236; x_wconf 80' lang='grc' dir='ltr'>λύκοι,</span> <span class='ocrx_word' id='word_1_10' title='bbox 609 200 697 239; x_wconf 77' lang='grc' dir='ltr'>φασὶν,</span> <span class='ocrx_word' id='word_1_11' title='bbox 729 197 800 237; x_wconf 74' lang='grc' dir='ltr'>ἄνδρα</span> 
     </span>
    </p>
   </div>
   <div class='ocr_carea' id='block_1_4' title="bbox 975 193 1734 239">
    <p class='ocr_par' dir='ltr' id='par_1_4' title="bbox 975 193 1734 238">
     <span class='ocr_line' id='line_1_4' title="bbox 975 193 1734 238; baseline 0.007 -14"><span class='ocrx_word' id='word_1_12' title='bbox 975 193 1006 224; x_wconf 70' lang='lat' dir='ltr'><strong>iri</strong></span> <span class='ocrx_word' id='word_1_13' title='bbox 1020 193 1210 226; x_wconf 88' lang='lat' dir='ltr'><strong>muliebrium</strong></span> <span class='ocrx_word' id='word_1_14' title='bbox 1237 205 1339 236; x_wconf 84' lang='lat' dir='ltr'><strong>curam</strong></span> <span class='ocrx_word' id='word_1_15' title='bbox 1368 201 1475 236; x_wconf 78' lang='lat' dir='ltr'><strong>gerunt</strong></span> <span class='ocrx_word' id='word_1_16' title='bbox 1492 207 1498 228; x_wconf 80' lang='lat'><strong>2</strong></span> <span class='ocrx_word' id='word_1_17' title='bbox 1517 206 1534 229; x_wconf 87' lang='lat' dir='ltr'><strong>a</strong></span> <span class='ocrx_word' id='word_1_18' title='bbox 1549 197 1637 238; x_wconf 86' lang='lat' dir='ltr'><strong>lupis,</strong></span> <span class='ocrx_word' id='word_1_19' title='bbox 1654 197 1734 238; x_wconf 89' lang='lat' dir='ltr'><strong>quod</strong></span> 
     </span>
    </p>
   </div>
   <div class='ocr_carea' id='block_1_5' title="bbox 42 236 801 284">
    <p class='ocr_par' dir='ltr' id='par_1_5' title="bbox 42 236 800 284">
     <span class='ocr_line' id='line_1_5' title="bbox 42 236 800 284; baseline 0.001 -14"><span class='ocrx_word' id='word_1_20' title='bbox 42 236 284 280; x_wconf 19' lang='lat' dir='ltr'><strong>mrpzivowgiﬁ</strong></span> <span class='ocrx_word' id='word_1_21' title='bbox 324 244 367 272; x_wconf 87' lang='grc' dir='ltr'>καὶ</span> <span class='ocrx_word' id='word_1_22' title='bbox 402 248 452 282; x_wconf 80' lang='grc' dir='ltr'>πῦρ</span> <span class='ocrx_word' id='word_1_23' title='bbox 488 245 524 277; x_wconf 83' lang='grc' dir='ltr'>εἷς</span> <span class='ocrx_word' id='word_1_24' title='bbox 557 236 655 284; x_wconf 74' lang='grc' dir='ltr'>χόρτοι</span> <span class='ocrx_word' id='word_1_25' title='bbox 683 244 800 283; x_wconf 73' lang='grc' dir='ltr'>ἓπαφιέμ</span> 
     </span>
    </p>
   </div>
   <div class='ocr_carea' id='block_1_6' title="bbox 974 236 1733 284">
    <p class='ocr_par' dir='ltr' id='par_1_6' title="bbox 974 236 1733 280">
     <span class='ocr_line' id='line_1_6' title="bbox 974 236 1733 280; baseline 0.005 -12"><span class='ocrx_word' id='word_1_26' title='bbox 974 241 1002 276; x_wconf 87' lang='grc' dir='ltr'>ιῑ,</span> <span class='ocrx_word' id='word_1_27' title='bbox 1020 243 1182 278; x_wconf 85' lang='lat' dir='ltr'><strong>pascuntur</strong></span> <span class='ocrx_word' id='word_1_28' title='bbox 1197 239 1264 278; x_wconf 85' lang='lat' dir='ltr'><strong>agni</strong></span> <span class='ocrx_word' id='word_1_29' title='bbox 1279 249 1287 277; x_wconf 87' lang='lat'><strong>;</strong></span> <span class='ocrx_word' id='word_1_30' title='bbox 1318 240 1362 271; x_wconf 85' lang='lat' dir='ltr'><strong>vel</strong></span> <span class='ocrx_word' id='word_1_31' title='bbox 1379 241 1456 279; x_wconf 81' lang='lat' dir='ltr'><strong>ignis</strong></span> <span class='ocrx_word' id='word_1_32' title='bbox 1472 241 1540 272; x_wconf 84' lang='lat' dir='ltr'><strong>feno</strong></span> <span class='ocrx_word' id='word_1_33' title='bbox 1555 236 1733 280; x_wconf 81' lang='lat' dir='ltr'><strong>immittitur,</strong></span> 
     </span>
    </p>
   </div>
   <div class='ocr_carea' id='block_1_7' title="bbox 41 279 800 328">
    <p class='ocr_par' dir='ltr' id='par_1_7' title="bbox 41 279 800 328">
     <span class='ocr_line' id='line_1_7' title="bbox 41 279 800 328; baseline -0.003 -12"><span class='ocrx_word' id='word_1_34' title='bbox 41 287 126 316; x_wconf 61' lang='grc' dir='ltr'>⁸07(ου</span> <span class='ocrx_word' id='word_1_35' title='bbox 160 279 303 327; x_wconf 21' lang='lat'><strong>1&amp;970&#39;332</strong></span> <span class='ocrx_word' id='word_1_36' title='bbox 332 279 445 327; x_wconf 77' lang='grc' dir='ltr'>πάροδος</span> <span class='ocrx_word' id='word_1_37' title='bbox 473 279 579 328; x_wconf 70' lang='grc' dir='ltr'>τυχαίέ</span> <span class='ocrx_word' id='word_1_38' title='bbox 596 279 650 316; x_wconf 45' lang='grc' dir='ltr'>’καὶ</span> <span class='ocrx_word' id='word_1_39' title='bbox 679 279 800 326; x_wconf 79' lang='grc' dir='ltr'>ἀπερίσκε</span> 
     </span>
    </p>
   </div>
   <div class='ocr_carea' id='block_1_8' title="bbox 972 279 1731 328">
    <p class='ocr_par' dir='ltr' id='par_1_8' title="bbox 972 283 1731 324">
     <span class='ocr_line' id='line_1_8' title="bbox 972 283 1731 324; baseline 0.004 -11"><span class='ocrx_word' id='word_1_40' title='bbox 972 291 1024 322; x_wconf 82' lang='lat' dir='ltr'><strong>ppe</strong></span> <span class='ocrx_word' id='word_1_41' title='bbox 1033 292 1100 313; x_wconf 92' lang='lat' dir='ltr'><strong>cum</strong></span> <span class='ocrx_word' id='word_1_42' title='bbox 1115 293 1151 314; x_wconf 89' lang='lat' dir='ltr'><strong>ne</strong></span> <span class='ocrx_word' id='word_1_43' title='bbox 1163 283 1301 314; x_wconf 84' lang='lat' dir='ltr'><strong>lortuitus</strong></span> <span class='ocrx_word' id='word_1_44' title='bbox 1316 284 1488 324; x_wconf 88' lang='lat' dir='ltr'><strong>quidem,ac</strong></span> <span class='ocrx_word' id='word_1_45' title='bbox 1497 285 1620 316; x_wconf 86' lang='lat' dir='ltr'><strong>minime</strong></span> <span class='ocrx_word' id='word_1_46' title='bbox 1635 286 1731 317; x_wconf 86' lang='lat' dir='ltr'><strong>medi-</strong></span> 
     </span>
    </p>
   </div>
   <div class='ocr_carea' id='block_1_9' title="bbox 41 323 800 372">
    <p class='ocr_par' dir='ltr' id='par_1_9' title="bbox 41 330 800 372">
     <span class='ocr_line' id='line_1_9' title="bbox 41 330 800 372; baseline -0.001 -13"><span class='ocrx_word' id='word_1_47' title='bbox 41 330 146 370; x_wconf 69' lang='grc' dir='ltr'>ὰνδρέσι</span> <span class='ocrx_word' id='word_1_48' title='bbox 172 332 222 369; x_wconf 75' lang='grc' dir='ltr'>μὲν</span> <span class='ocrx_word' id='word_1_49' title='bbox 252 333 287 364; x_wconf 80' lang='grc' dir='ltr'>εἷς</span> <span class='ocrx_word' id='word_1_50' title='bbox 318 340 455 371; x_wconf 78' lang='grc' dir='ltr'>γυναικεῖα</span> <span class='ocrx_word' id='word_1_51' title='bbox 485 333 587 372; x_wconf 71' lang='grc' dir='ltr'>ἐφεῖται</span> <span class='ocrx_word' id='word_1_52' title='bbox 617 333 688 371; x_wconf 75' lang='grc' dir='ltr'>παρὰ</span> <span class='ocrx_word' id='word_1_53' title='bbox 714 335 765 360; x_wconf 83' lang='grc' dir='ltr'><strong>τῶν</strong></span> <span class='ocrx_word' id='word_1_54' title='bbox 793 333 800 358; x_wconf 74' lang='grc' dir='ltr'><strong>ί</strong></span> 
     </span>
    </p>
   </div>
   <div class='ocr_carea' id='block_1_10' title="bbox 975 323 1734 372">
    <p class='ocr_par' dir='ltr' id='par_1_10' title="bbox 975 323 1734 361">
     <span class='ocr_line' id='line_1_10' title="bbox 975 323 1734 361; baseline 0.005 -4"><span class='ocrx_word' id='word_1_55' title='bbox 975 335 988 356; x_wconf 94' lang='lat' dir='ltr'><strong>s</strong></span> <span class='ocrx_word' id='word_1_56' title='bbox 1004 327 1101 358; x_wconf 89' lang='lat' dir='ltr'><strong>aditus</strong></span> <span class='ocrx_word' id='word_1_57' title='bbox 1117 327 1188 358; x_wconf 87' lang='lat' dir='ltr'><strong>viris</strong></span> <span class='ocrx_word' id='word_1_58' title='bbox 1202 327 1238 358; x_wconf 92' lang='lat' dir='ltr'><strong>ad</strong></span> <span class='ocrx_word' id='word_1_59' title='bbox 1255 323 1413 360; x_wconf 72' lang='lat' dir='ltr'><strong>muliebria</strong></span> <span class='ocrx_word' id='word_1_60' title='bbox 1426 330 1604 360; x_wconf 81' lang='lat' dir='ltr'><strong>monasteria</strong></span> <span class='ocrx_word' id='word_1_61' title='bbox 1615 330 1734 361; x_wconf 87' lang='lat' dir='ltr'><strong>sacrisa</strong></span> 
     </span>
    </p>
   </div>
   <div class='ocr_carea' id='block_1_11' title="bbox 43 375 869 416">
    <p class='ocr_par' dir='ltr' id='par_1_11' title="bbox 43 375 869 416">
     <span class='ocr_line' id='line_1_11' title="bbox 43 375 869 416; baseline -0.001 -13"><span class='ocrx_word' id='word_1_62' title='bbox 43 376 172 413; x_wconf 68' lang='grc' dir='ltr'>κανόνων,</span> <span class='ocrx_word' id='word_1_63' title='bbox 213 376 230 410; x_wconf 72' lang='grc' dir='ltr'>ἢ</span> <span class='ocrx_word' id='word_1_64' title='bbox 269 377 419 405; x_wconf 67' lang='grc' dir='ltr'>τούναντίον</span> <span class='ocrx_word' id='word_1_65' title='bbox 448 377 561 416; x_wconf 74' lang='grc' dir='ltr'>γυναιξὶν</span> <span class='ocrx_word' id='word_1_66' title='bbox 597 378 632 409; x_wconf 80' lang='grc' dir='ltr'><strong>εἰς</strong></span> <span class='ocrx_word' id='word_1_67' title='bbox 673 375 771 416; x_wconf 84' lang='grc' dir='ltr'>ἀνδρῶν</span> <span class='ocrx_word' id='word_1_68' title='bbox 806 385 869 403; x_wconf 75' lang='grc' dir='ltr'>κατ-</span> 
     </span>
    </p>
   </div>
   <div class='ocr_carea' id='block_1_12' title="bbox 42 419 867 461">
    <p class='ocr_par' dir='ltr' id='par_1_12' title="bbox 42 419 867 461">
     <span class='ocr_line' id='line_1_12' title="bbox 42 419 867 461; baseline -0.001 -13"><span class='ocrx_word' id='word_1_69' title='bbox 42 420 145 459; x_wconf 84' lang='grc' dir='ltr'>αγώγια</span> <span class='ocrx_word' id='word_1_70' title='bbox 163 428 171 436; x_wconf 78' lang='grc'><strong><em>⁸</em></strong></span> <span class='ocrx_word' id='word_1_71' title='bbox 194 419 295 449; x_wconf 80' lang='grc' dir='ltr'>πολλοῦ</span> <span class='ocrx_word' id='word_1_72' title='bbox 321 432 351 460; x_wconf 89' lang='grc' dir='ltr'><strong>γε</strong></span> <span class='ocrx_word' id='word_1_73' title='bbox 379 420 421 449; x_wconf 86' lang='grc' dir='ltr'><strong>δεῖ</strong></span> <span class='ocrx_word' id='word_1_74' title='bbox 447 420 579 455; x_wconf 78' lang='grc' dir='ltr'>ἐνδοθῆναι</span> <span class='ocrx_word' id='word_1_75' title='bbox 605 420 697 461; x_wconf 71' lang='grc' dir='ltr'>ἄνδρας</span> <span class='ocrx_word' id='word_1_76' title='bbox 713 421 760 458; x_wconf 80' lang='grc' dir='ltr'>μὲν</span> <span class='ocrx_word' id='word_1_77' title='bbox 776 430 867 458; x_wconf 86' lang='grc' dir='ltr'>γυναι-</span> 
     </span>
    </p>
   </div>
   <div class='ocr_carea' id='block_1_13' title="bbox 41 464 864 504">
    <p class='ocr_par' dir='ltr' id='par_1_13' title="bbox 41 464 864 504">
     <span class='ocr_line' id='line_1_13' title="bbox 41 464 864 504; baseline -0.002 -12"><span class='ocrx_word' id='word_1_78' title='bbox 41 467 94 491; x_wconf 76' lang='grc' dir='ltr'>κῶν</span> <span class='ocrx_word' id='word_1_79' title='bbox 136 464 229 504; x_wconf 75' lang='grc' dir='ltr'>ἄρχειν</span> <span class='ocrx_word' id='word_1_80' title='bbox 263 466 369 503; x_wconf 94' lang='grc' dir='ltr'>τιμίων,</span> <span class='ocrx_word' id='word_1_81' title='bbox 413 469 471 503; x_wconf 82' lang='grc' dir='ltr'><strong>Θεῷ</strong></span> <span class='ocrx_word' id='word_1_82' title='bbox 513 466 586 504; x_wconf 86' lang='grc' dir='ltr'>μόνῳ</span> <span class='ocrx_word' id='word_1_83' title='bbox 627 469 675 501; x_wconf 76' lang='grc' dir='ltr'><strong>ζῇν</strong></span> <span class='ocrx_word' id='word_1_84' title='bbox 710 464 841 502; x_wconf 77' lang='grc' dir='ltr'>ἑλομένων</span> <span class='ocrx_word' id='word_1_85' title='bbox 858 470 864 477; x_wconf 86' lang='grc'><strong>·</strong></span> 
     </span>
    </p>
   </div>
   <div class='ocr_carea' id='block_1_14' title="bbox 39 508 867 549">
    <p class='ocr_par' dir='ltr' id='par_1_14' title="bbox 39 508 867 549">
     <span class='ocr_line' id='line_1_14' title="bbox 39 508 867 549; baseline -0.001 -13"><span class='ocrx_word' id='word_1_86' title='bbox 39 515 169 547; x_wconf 69' lang='grc' dir='ltr'>γυναῖκας</span> <span class='ocrx_word' id='word_1_87' title='bbox 190 508 218 537; x_wconf 76' lang='grc' dir='ltr'>δὲ</span> <span class='ocrx_word' id='word_1_88' title='bbox 239 510 317 538; x_wconf 83' lang='grc' dir='ltr'>ὁσίων</span> <span class='ocrx_word' id='word_1_89' title='bbox 339 510 514 549; x_wconf 74' lang='grc' dir='ltr'>προίστασθαι</span> <span class='ocrx_word' id='word_1_90' title='bbox 535 509 649 547; x_wconf 83' lang='grc' dir='ltr'>ἀνδρῶν.</span> <span class='ocrx_word' id='word_1_91' title='bbox 681 510 708 538; x_wconf 83' lang='grc' dir='ltr'><strong>Εἰ</strong></span> <span class='ocrx_word' id='word_1_92' title='bbox 731 510 814 546; x_wconf 75' lang='grc' dir='ltr'>μήπω</span> <span class='ocrx_word' id='word_1_93' title='bbox 827 519 867 538; x_wconf 83' lang='grc' dir='ltr'><strong>τις</strong></span> 
     </span>
    </p>
   </div>
   <div class='ocr_carea' id='block_1_15' title="bbox 40 552 867 593">
    <p class='ocr_par' dir='ltr' id='par_1_15' title="bbox 40 552 867 593">
     <span class='ocr_line' id='line_1_15' title="bbox 40 552 867 593; baseline -0.001 -13"><span class='ocrx_word' id='word_1_94' title='bbox 40 552 139 589; x_wconf 68' lang='grc' dir='ltr'>ἄμικτα</span> <span class='ocrx_word' id='word_1_95' title='bbox 182 554 301 593; x_wconf 75' lang='grc' dir='ltr'>μιγνύειν</span> <span class='ocrx_word' id='word_1_96' title='bbox 331 553 427 590; x_wconf 70' lang='grc' dir='ltr'>ἐθέλοι,</span> <span class='ocrx_word' id='word_1_97' title='bbox 458 555 501 583; x_wconf 86' lang='grc' dir='ltr'>καὶ</span> <span class='ocrx_word' id='word_1_98' title='bbox 529 557 581 582; x_wconf 82' lang='grc' dir='ltr'><strong>τῶν</strong></span> <span class='ocrx_word' id='word_1_99' title='bbox 605 555 680 582; x_wconf 81' lang='grc' dir='ltr'>Θείων</span> <span class='ocrx_word' id='word_1_100' title='bbox 709 554 796 591; x_wconf 86' lang='grc' dir='ltr'>νόμων</span> <span class='ocrx_word' id='word_1_101' title='bbox 825 553 867 579; x_wconf 79' lang='grc' dir='ltr'><strong>καὶ</strong></span> 
     </span>
    </p>
   </div>
   <div class='ocr_carea' id='block_1_16' title="bbox 39 595 865 634">
    <p class='ocr_par' dir='ltr' id='par_1_16' title="bbox 39 595 865 634">
     <span class='ocr_line' id='line_1_16' title="bbox 39 595 865 634; baseline -0.004 -8"><span class='ocrx_word' id='word_1_102' title='bbox 39 601 85 631; x_wconf 80' lang='grc' dir='ltr'>τῆς</span> <span class='ocrx_word' id='word_1_103' title='bbox 129 598 240 632; x_wconf 79' lang='grc' dir='ltr'><strong>ἐντολῆς</strong></span> <span class='ocrx_word' id='word_1_104' title='bbox 282 599 453 634; x_wconf 80' lang='grc' dir='ltr'>καταπαίζειν</span> <span class='ocrx_word' id='word_1_105' title='bbox 497 597 687 634; x_wconf 76' lang='grc' dir='ltr'>αὖθαδιάζοιτο,</span> <span class='ocrx_word' id='word_1_106' title='bbox 731 595 804 626; x_wconf 77' lang='grc' dir='ltr'>Ἀλλ’</span> <span class='ocrx_word' id='word_1_107' title='bbox 848 597 865 630; x_wconf 74' lang='grc' dir='ltr'><strong>ἡ</strong></span> 
     </span>
    </p>
   </div>
   <div class='ocr_carea' id='block_1_17' title="bbox 39 641 862 683">
    <p class='ocr_par' dir='ltr' id='par_1_17' title="bbox 39 641 862 683">
     <span class='ocr_line' id='line_1_17' title="bbox 39 641 862 683; baseline -0.002 -13"><span class='ocrx_word' id='word_1_108' title='bbox 39 643 186 682; x_wconf 81' lang='grc' dir='ltr'>μετριότης</span> <span class='ocrx_word' id='word_1_109' title='bbox 216 644 292 681; x_wconf 74' lang='grc' dir='ltr'>ἡμῶν</span> <span class='ocrx_word' id='word_1_110' title='bbox 314 646 364 676; x_wconf 82' lang='grc' dir='ltr'>τῆς</span> <span class='ocrx_word' id='word_1_111' title='bbox 389 654 417 670; x_wconf 85' lang='grc' dir='ltr'><strong>τε</strong></span> <span class='ocrx_word' id='word_1_112' title='bbox 439 642 557 683; x_wconf 75' lang='grc' dir='ltr'><strong>φυλακῆς</strong></span> <span class='ocrx_word' id='word_1_113' title='bbox 572 645 624 671; x_wconf 79' lang='grc' dir='ltr'><strong>τῶν</strong></span> <span class='ocrx_word' id='word_1_114' title='bbox 638 643 714 682; x_wconf 70' lang='grc' dir='ltr'>ἱερῶν</span> <span class='ocrx_word' id='word_1_115' title='bbox 736 641 862 677; x_wconf 75' lang='grc' dir='ltr'>κανόνων,</span> 
     </span>
    </p>
   </div>
   <div class='ocr_carea' id='block_1_18' title="bbox 38 684 865 727">
    <p class='ocr_par' dir='ltr' id='par_1_18' title="bbox 38 684 865 727">
     <span class='ocr_line' id='line_1_18' title="bbox 38 684 865 727; baseline -0.001 -12"><span class='ocrx_word' id='word_1_116' title='bbox 38 689 81 715; x_wconf 80' lang='grc' dir='ltr'><strong>καὶ</strong></span> <span class='ocrx_word' id='word_1_117' title='bbox 121 691 176 716; x_wconf 87' lang='grc' dir='ltr'>τῶν</span> <span class='ocrx_word' id='word_1_118' title='bbox 221 687 295 716; x_wconf 82' lang='grc' dir='ltr'>Θείων</span> <span class='ocrx_word' id='word_1_119' title='bbox 323 687 508 725; x_wconf 81' lang='grc' dir='ltr'>δικαιωμάτων</span> <span class='ocrx_word' id='word_1_120' title='bbox 543 688 752 727; x_wconf 71' lang='grc' dir='ltr'><strong>παρατηρήσεως</strong></span> <span class='ocrx_word' id='word_1_121' title='bbox 783 684 865 723; x_wconf 71' lang='grc' dir='ltr'>μηδὲν</span> 
     </span>
    </p>
   </div>
   <div class='ocr_carea' id='block_1_19' title="bbox 39 730 864 771">
    <p class='ocr_par' dir='ltr' id='par_1_19' title="bbox 39 730 864 771">
     <span class='ocr_line' id='line_1_19' title="bbox 39 730 864 771; baseline -0.002 -12"><span class='ocrx_word' id='word_1_122' title='bbox 39 743 62 759; x_wconf 84' lang='grc' dir='ltr'><strong>τι</strong></span> <span class='ocrx_word' id='word_1_123' title='bbox 91 732 306 771; x_wconf 69' lang='grc' dir='ltr'>προῦργιαίτερον</span> <span class='ocrx_word' id='word_1_124' title='bbox 335 732 477 769; x_wconf 82' lang='grc' dir='ltr'>πιουμένη,</span> <span class='ocrx_word' id='word_1_125' title='bbox 514 733 558 760; x_wconf 78' lang='grc' dir='ltr'>καὶ</span> <span class='ocrx_word' id='word_1_126' title='bbox 585 733 617 760; x_wconf 77' lang='grc' dir='ltr'><strong>τὰ</strong></span> <span class='ocrx_word' id='word_1_127' title='bbox 637 735 745 760; x_wconf 76' lang='grc' dir='ltr'>τοιαῦτα</span> <span class='ocrx_word' id='word_1_128' title='bbox 776 730 864 767; x_wconf 80' lang='grc' dir='ltr'>ὥσπερ</span> 
     </span>
    </p>
   </div>
   <div class='ocr_carea' id='block_1_20' title="bbox 39 774 864 815">
    <p class='ocr_par' dir='ltr' id='par_1_20' title="bbox 39 774 864 815">
     <span class='ocr_line' id='line_1_20' title="bbox 39 774 864 815; baseline -0.004 -12"><span class='ocrx_word' id='word_1_129' title='bbox 39 776 172 815; x_wconf 68' lang='grc' dir='ltr'>φθάνουσα</span> <span class='ocrx_word' id='word_1_130' title='bbox 196 777 239 804; x_wconf 82' lang='grc' dir='ltr'><strong>καὶ</strong></span> <span class='ocrx_word' id='word_1_131' title='bbox 263 776 361 804; x_wconf 76' lang='grc' dir='ltr'>ἱστῶσα</span> <span class='ocrx_word' id='word_1_132' title='bbox 389 775 470 812; x_wconf 75' lang='grc' dir='ltr'>δεινὰ,</span> <span class='ocrx_word' id='word_1_133' title='bbox 500 777 543 804; x_wconf 73' lang='grc' dir='ltr'>καὶ</span> <span class='ocrx_word' id='word_1_134' title='bbox 573 779 621 809; x_wconf 76' lang='grc' dir='ltr'><strong>τῆς</strong></span> <span class='ocrx_word' id='word_1_135' title='bbox 650 776 692 804; x_wconf 77' lang='grc' dir='ltr'>ἐπὶ</span> <span class='ocrx_word' id='word_1_136' title='bbox 721 776 752 803; x_wconf 77' lang='grc' dir='ltr'><strong>τὰ</strong></span> <span class='ocrx_word' id='word_1_137' title='bbox 774 774 864 813; x_wconf 81' lang='grc' dir='ltr'>πρόσω</span> 
     </span>
    </p>
   </div>
   <div class='ocr_carea' id='block_1_21' title="bbox 39 818 862 859">
    <p class='ocr_par' dir='ltr' id='par_1_21' title="bbox 39 818 862 859">
     <span class='ocr_line' id='line_1_21' title="bbox 39 818 862 859; baseline -0.002 -12"><span class='ocrx_word' id='word_1_138' title='bbox 39 823 121 858; x_wconf 68' lang='grc' dir='ltr'>φορᾶς</span> <span class='ocrx_word' id='word_1_139' title='bbox 169 819 364 856; x_wconf 82' lang='grc' dir='ltr'>ὰνακόπτουσα,</span> <span class='ocrx_word' id='word_1_140' title='bbox 416 819 564 859; x_wconf 79' lang='grc' dir='ltr'>διορίζεται,</span> <span class='ocrx_word' id='word_1_141' title='bbox 623 821 690 857; x_wconf 85' lang='grc' dir='ltr'>μήτε</span> <span class='ocrx_word' id='word_1_142' title='bbox 733 818 862 856; x_wconf 77' lang='grc' dir='ltr'>μετένεξιν</span> 
     </span>
    </p>
   </div>
   <div class='ocr_carea' id='block_1_22' title="bbox 909 370 1735 412">
    <p class='ocr_par' dir='ltr' id='par_1_22' title="bbox 909 370 1735 412">
     <span class='ocr_line' id='line_1_22' title="bbox 909 370 1735 412; baseline 0.005 -12"><span class='ocrx_word' id='word_1_143' title='bbox 909 370 1073 402; x_wconf 87' lang='lat' dir='ltr'><strong>canonibus</strong></span> <span class='ocrx_word' id='word_1_144' title='bbox 1090 372 1288 412; x_wconf 82' lang='lat' dir='ltr'><strong>permittatur,</strong></span> <span class='ocrx_word' id='word_1_145' title='bbox 1298 377 1347 403; x_wconf 85' lang='lat' dir='ltr'><strong>aut</strong></span> <span class='ocrx_word' id='word_1_146' title='bbox 1362 382 1378 403; x_wconf 89' lang='lat' dir='ltr'><strong>e</strong></span> <span class='ocrx_word' id='word_1_147' title='bbox 1395 374 1542 404; x_wconf 88' lang='lat' dir='ltr'><strong>contrario</strong></span> <span class='ocrx_word' id='word_1_148' title='bbox 1559 373 1735 405; x_wconf 84' lang='lat' dir='ltr'><strong>mulieribus</strong></span> 
     </span>
    </p>
   </div>
   <div class='ocr_carea' id='block_1_23' title="bbox 910 415 1732 458">
    <p class='ocr_par' dir='ltr' id='par_1_23' title="bbox 910 415 1732 458">
     <span class='ocr_line' id='line_1_23' title="bbox 910 415 1732 458; baseline 0.006 -13"><span class='ocrx_word' id='word_1_149' title='bbox 910 415 946 445; x_wconf 90' lang='lat' dir='ltr'><strong>ad</strong></span> <span class='ocrx_word' id='word_1_150' title='bbox 963 416 1093 447; x_wconf 88' lang='lat' dir='ltr'><strong>virorum</strong></span> <span class='ocrx_word' id='word_1_151' title='bbox 1124 417 1299 448; x_wconf 88' lang='lat' dir='ltr'><strong>domicilia:</strong></span> <span class='ocrx_word' id='word_1_152' title='bbox 1328 418 1453 449; x_wconf 90' lang='lat' dir='ltr'><strong>multum</strong></span> <span class='ocrx_word' id='word_1_153' title='bbox 1482 419 1612 458; x_wconf 77' lang='lat' dir='ltr'><strong>profecto</strong></span> <span class='ocrx_word' id='word_1_154' title='bbox 1639 419 1732 456; x_wconf 88' lang='lat' dir='ltr'><strong>abest,</strong></span> 
     </span>
    </p>
   </div>
   <div class='ocr_carea' id='block_1_24' title="bbox 909 462 1734 504">
    <p class='ocr_par' dir='ltr' id='par_1_24' title="bbox 909 462 1734 504">
     <span class='ocr_line' id='line_1_24' title="bbox 909 462 1734 504; baseline 0.006 -15"><span class='ocrx_word' id='word_1_155' title='bbox 909 469 1082 492; x_wconf 88' lang='lat' dir='ltr'><strong>concessum</strong></span> <span class='ocrx_word' id='word_1_156' title='bbox 1100 466 1212 499; x_wconf 90' lang='lat' dir='ltr'><strong>esse,ut</strong></span> <span class='ocrx_word' id='word_1_157' title='bbox 1226 463 1256 492; x_wconf 92' lang='lat' dir='ltr'><strong>in</strong></span> <span class='ocrx_word' id='word_1_158' title='bbox 1273 462 1457 493; x_wconf 74' lang='lat' dir='ltr'><strong>venerabiles</strong></span> <span class='ocrx_word' id='word_1_159' title='bbox 1470 463 1595 494; x_wconf 83' lang='lat' dir='ltr'><strong>feminas</strong></span> <span class='ocrx_word' id='word_1_160' title='bbox 1603 473 1669 504; x_wconf 57' lang='lat' dir='ltr'><strong>qua</strong></span> <span class='ocrx_word' id='word_1_161' title='bbox 1679 464 1734 494; x_wconf 91' lang='lat' dir='ltr'><strong>soli</strong></span> 
     </span>
    </p>
   </div>
   <div class='ocr_carea' id='block_1_25' title="bbox 909 504 1732 548">
    <p class='ocr_par' dir='ltr' id='par_1_25' title="bbox 909 504 1732 548">
     <span class='ocr_line' id='line_1_25' title="bbox 909 504 1732 548; baseline 0.005 -14"><span class='ocrx_word' id='word_1_162' title='bbox 909 504 970 535; x_wconf 87' lang='lat' dir='ltr'><strong>Deo</strong></span> <span class='ocrx_word' id='word_1_163' title='bbox 983 505 1082 537; x_wconf 85' lang='lat' dir='ltr'><strong>vivere</strong></span> <span class='ocrx_word' id='word_1_164' title='bbox 1098 507 1304 543; x_wconf 85' lang='lat' dir='ltr'><strong>decreverunt,</strong></span> <span class='ocrx_word' id='word_1_165' title='bbox 1323 507 1481 547; x_wconf 90' lang='lat' dir='ltr'><strong>imperium</strong></span> <span class='ocrx_word' id='word_1_166' title='bbox 1493 507 1547 538; x_wconf 90' lang='lat' dir='ltr'><strong>viri</strong></span> <span class='ocrx_word' id='word_1_167' title='bbox 1563 512 1678 548; x_wconf 81' lang='lat' dir='ltr'><strong>gerant,</strong></span> <span class='ocrx_word' id='word_1_168' title='bbox 1697 517 1732 538; x_wconf 88' lang='lat' dir='ltr'><strong>ac</strong></span> 
     </span>
    </p>
   </div>
   <div class='ocr_carea' id='block_1_26' title="bbox 909 549 1732 592">
    <p class='ocr_par' dir='ltr' id='par_1_26' title="bbox 909 549 1732 592">
     <span class='ocr_line' id='line_1_26' title="bbox 909 549 1732 592; baseline 0.004 -13"><span class='ocrx_word' id='word_1_169' title='bbox 909 549 1049 581; x_wconf 85' lang='lat' dir='ltr'><strong>mulieres</strong></span> <span class='ocrx_word' id='word_1_170' title='bbox 1078 551 1149 581; x_wconf 89' lang='lat' dir='ltr'><strong>viris</strong></span> <span class='ocrx_word' id='word_1_171' title='bbox 1177 551 1324 590; x_wconf 78' lang='lat' dir='ltr'><strong>religiosis</strong></span> <span class='ocrx_word' id='word_1_172' title='bbox 1353 552 1485 592; x_wconf 74' lang='lat' dir='ltr'><strong>praesint,</strong></span> <span class='ocrx_word' id='word_1_173' title='bbox 1504 553 1559 582; x_wconf 92' lang='lat' dir='ltr'><strong>nisi</strong></span> <span class='ocrx_word' id='word_1_174' title='bbox 1576 552 1642 592; x_wconf 90' lang='lat' dir='ltr'><strong>quis</strong></span> <span class='ocrx_word' id='word_1_175' title='bbox 1656 552 1732 583; x_wconf 77' lang='lat' dir='ltr'><strong>forte</strong></span> 
     </span>
    </p>
   </div>
   <div class='ocr_carea' id='block_1_27' title="bbox 908 594 1732 637">
    <p class='ocr_par' dir='ltr' id='par_1_27' title="bbox 908 594 1732 637">
     <span class='ocr_line' id='line_1_27' title="bbox 908 594 1732 637; baseline 0.006 -15"><span class='ocrx_word' id='word_1_176' title='bbox 908 602 965 623; x_wconf 89' lang='lat' dir='ltr'><strong>non</strong></span> <span class='ocrx_word' id='word_1_177' title='bbox 975 594 1127 626; x_wconf 84' lang='lat' dir='ltr'><strong>miscenda</strong></span> <span class='ocrx_word' id='word_1_178' title='bbox 1135 595 1261 626; x_wconf 90' lang='lat' dir='ltr'><strong>miscere</strong></span> <span class='ocrx_word' id='word_1_179' title='bbox 1274 596 1388 637; x_wconf 81' lang='lat' dir='ltr'><strong>velit,et</strong></span> <span class='ocrx_word' id='word_1_180' title='bbox 1400 597 1615 627; x_wconf 75' lang='lat' dir='ltr'><strong>contumaciter</strong></span> <span class='ocrx_word' id='word_1_181' title='bbox 1623 596 1732 628; x_wconf 82' lang='lat' dir='ltr'><strong>divinis</strong></span> 
     </span>
    </p>
   </div>
   <div class='ocr_carea' id='block_1_28' title="bbox 908 637 1732 679">
    <p class='ocr_par' dir='ltr' id='par_1_28' title="bbox 908 637 1732 679">
     <span class='ocr_line' id='line_1_28' title="bbox 908 637 1732 679; baseline 0.005 -11"><span class='ocrx_word' id='word_1_182' title='bbox 908 637 1022 676; x_wconf 81' lang='lat' dir='ltr'><strong>legibus</strong></span> <span class='ocrx_word' id='word_1_183' title='bbox 1039 648 1072 670; x_wconf 86' lang='lat' dir='ltr'><strong>ac</strong></span> <span class='ocrx_word' id='word_1_184' title='bbox 1088 644 1233 679; x_wconf 74' lang='lat' dir='ltr'><strong>prazcepto</strong></span> <span class='ocrx_word' id='word_1_185' title='bbox 1251 639 1525 671; x_wconf 85' lang='lat' dir='ltr'><strong>illudat.Enimvero</strong></span> <span class='ocrx_word' id='word_1_186' title='bbox 1542 641 1732 672; x_wconf 88' lang='lat' dir='ltr'><strong>mediocritas</strong></span> 
     </span>
    </p>
   </div>
   <div class='ocr_carea' id='block_1_29' title="bbox 908 684 1729 726">
    <p class='ocr_par' dir='ltr' id='par_1_29' title="bbox 908 684 1729 726">
     <span class='ocr_line' id='line_1_29' title="bbox 908 684 1729 726; baseline 0.006 -15"><span class='ocrx_word' id='word_1_187' title='bbox 908 686 1007 712; x_wconf 90' lang='lat' dir='ltr'><strong>nostra</strong></span> <span class='ocrx_word' id='word_1_188' title='bbox 1022 684 1246 714; x_wconf 79' lang='lat' dir='ltr'><strong>conservatione</strong></span> <span class='ocrx_word' id='word_1_189' title='bbox 1271 693 1424 715; x_wconf 86' lang='lat' dir='ltr'><strong>sacrorum</strong></span> <span class='ocrx_word' id='word_1_190' title='bbox 1447 694 1605 724; x_wconf 84' lang='lat' dir='ltr'><strong>canonum,</strong></span> <span class='ocrx_word' id='word_1_191' title='bbox 1628 689 1657 716; x_wconf 90' lang='lat' dir='ltr'><strong>et</strong></span> <span class='ocrx_word' id='word_1_192' title='bbox 1678 686 1729 726; x_wconf 91' lang='lat' dir='ltr'><strong>ju-</strong></span> 
     </span>
    </p>
   </div>
   <div class='ocr_carea' id='block_1_30' title="bbox 906 725 1730 770">
    <p class='ocr_par' dir='ltr' id='par_1_30' title="bbox 906 725 1730 770">
     <span class='ocr_line' id='line_1_30' title="bbox 906 725 1730 770; baseline 0.007 -15"><span class='ocrx_word' id='word_1_193' title='bbox 906 725 982 770; x_wconf 83' lang='lat' dir='ltr'><strong>rium</strong></span> <span class='ocrx_word' id='word_1_194' title='bbox 999 727 1165 758; x_wconf 89' lang='lat' dir='ltr'><strong>divinorum</strong></span> <span class='ocrx_word' id='word_1_195' title='bbox 1196 728 1401 760; x_wconf 82' lang='lat' dir='ltr'><strong>observatione</strong></span> <span class='ocrx_word' id='word_1_196' title='bbox 1422 729 1496 760; x_wconf 86' lang='lat' dir='ltr'><strong>nihil</strong></span> <span class='ocrx_word' id='word_1_197' title='bbox 1511 730 1661 770; x_wconf 85' lang='lat' dir='ltr'><strong>antiquius</strong></span> <span class='ocrx_word' id='word_1_198' title='bbox 1675 731 1730 761; x_wconf 90' lang='lat' dir='ltr'><strong>ha-</strong></span> 
     </span>
    </p>
   </div>
   <div class='ocr_carea' id='block_1_31' title="bbox 906 769 1729 814">
    <p class='ocr_par' dir='ltr' id='par_1_31' title="bbox 906 769 1729 814">
     <span class='ocr_line' id='line_1_31' title="bbox 906 769 1729 814; baseline 0.006 -14"><span class='ocrx_word' id='word_1_199' title='bbox 906 769 998 808; x_wconf 90' lang='lat' dir='ltr'><strong>bens;</strong></span> <span class='ocrx_word' id='word_1_200' title='bbox 1016 771 1103 802; x_wconf 88' lang='lat' dir='ltr'><strong>simul</strong></span> <span class='ocrx_word' id='word_1_201' title='bbox 1121 777 1150 802; x_wconf 90' lang='lat' dir='ltr'><strong>et</strong></span> <span class='ocrx_word' id='word_1_202' title='bbox 1166 773 1227 803; x_wconf 56' lang='lat' dir='ltr'><strong>haec</strong></span> <span class='ocrx_word' id='word_1_203' title='bbox 1258 773 1335 803; x_wconf 89' lang='lat' dir='ltr'><strong>mala</strong></span> <span class='ocrx_word' id='word_1_204' title='bbox 1364 773 1444 804; x_wconf 86' lang='lat' dir='ltr'><strong>velut</strong></span> <span class='ocrx_word' id='word_1_205' title='bbox 1462 769 1623 814; x_wconf 81' lang='lat' dir='ltr'><strong>.nlicipans</strong></span> <span class='ocrx_word' id='word_1_206' title='bbox 1637 784 1672 805; x_wconf 92' lang='lat' dir='ltr'><strong>ac</strong></span> <span class='ocrx_word' id='word_1_207' title='bbox 1687 775 1729 805; x_wconf 88' lang='lat' dir='ltr'><strong>si-</strong></span> 
     </span>
    </p>
   </div>
   <div class='ocr_carea' id='block_1_32' title="bbox 905 816 1726 858">
    <p class='ocr_par' dir='ltr' id='par_1_32' title="bbox 905 816 1726 858">
     <span class='ocr_line' id='line_1_32' title="bbox 905 816 1726 858; baseline 0.005 -13"><span class='ocrx_word' id='word_1_208' title='bbox 905 818 1000 855; x_wconf 84' lang='lat' dir='ltr'><strong>stens,</strong></span> <span class='ocrx_word' id='word_1_209' title='bbox 1017 820 1045 846; x_wconf 91' lang='lat' dir='ltr'><strong>et</strong></span> <span class='ocrx_word' id='word_1_210' title='bbox 1061 816 1220 856; x_wconf 92' lang='lat' dir='ltr'><strong>quominus</strong></span> <span class='ocrx_word' id='word_1_211' title='bbox 1244 817 1368 848; x_wconf 88' lang='lat' dir='ltr'><strong>ulterius</strong></span> <span class='ocrx_word' id='word_1_212' title='bbox 1394 823 1523 858; x_wconf 83' lang='lat' dir='ltr'><strong>serpant,</strong></span> <span class='ocrx_word' id='word_1_213' title='bbox 1541 819 1704 850; x_wconf 87' lang='lat' dir='ltr'><strong>retundens</strong></span> <span class='ocrx_word' id='word_1_214' title='bbox 1719 829 1726 849; x_wconf 88' lang='lat'>:</span> 
     </span>
    </p>
   </div>
   <div class='ocr_carea' id='block_1_33' title="bbox 38 859 797 903">
    <p class='ocr_par' dir='ltr' id='par_1_33' title="bbox 38 862 797 903">
     <span class='ocr_line' id='line_1_33' title="bbox 38 862 797 903; baseline 0 -13"><span class='ocrx_word' id='word_1_215' title='bbox 38 863 90 891; x_wconf 67' lang='grc' dir='ltr'>ὰπὸ</span> <span class='ocrx_word' id='word_1_216' title='bbox 116 867 162 891; x_wconf 73' lang='grc' dir='ltr'>τοῦ</span> <span class='ocrx_word' id='word_1_217' title='bbox 186 864 326 903; x_wconf 76' lang='grc' dir='ltr'>παρόντος,</span> <span class='ocrx_word' id='word_1_218' title='bbox 349 865 524 903; x_wconf 77' lang='grc' dir='ltr'>μοναστηρίου</span> <span class='ocrx_word' id='word_1_219' title='bbox 552 865 664 903; x_wconf 75' lang='grc' dir='ltr'>γίνεσθαι</span> <span class='ocrx_word' id='word_1_220' title='bbox 695 862 797 897; x_wconf 68' lang='grc' dir='ltr'>οἱανδήτ</span> 
     </span>
    </p>
   </div>
   <div class='ocr_carea' id='block_1_34' title="bbox 969 859 1728 903">
    <p class='ocr_par' dir='ltr' id='par_1_34' title="bbox 969 859 1728 902">
     <span class='ocr_line' id='line_1_34' title="bbox 969 859 1728 902; baseline 0.007 -13"><span class='ocrx_word' id='word_1_221' title='bbox 969 859 1005 889; x_wconf 75' lang='lat' dir='ltr'><strong>iit</strong></span> <span class='ocrx_word' id='word_1_222' title='bbox 1020 864 1050 890; x_wconf 90' lang='lat' dir='ltr'><strong>ut</strong></span> <span class='ocrx_word' id='word_1_223' title='bbox 1063 870 1097 891; x_wconf 75' lang='lat' dir='ltr'><strong>ex</strong></span> <span class='ocrx_word' id='word_1_224' title='bbox 1112 861 1166 891; x_wconf 91' lang='lat' dir='ltr'><strong>hoc</strong></span> <span class='ocrx_word' id='word_1_225' title='bbox 1183 865 1315 901; x_wconf 90' lang='lat' dir='ltr'><strong>tempore</strong></span> <span class='ocrx_word' id='word_1_226' title='bbox 1342 871 1438 902; x_wconf 89' lang='lat' dir='ltr'><strong>neque</strong></span> <span class='ocrx_word' id='word_1_227' title='bbox 1455 862 1607 893; x_wconf 85' lang='lat' dir='ltr'><strong>translatio</strong></span> <span class='ocrx_word' id='word_1_228' title='bbox 1624 873 1728 894; x_wconf 80' lang='lat' dir='ltr'><strong>mona—</strong></span> 
     </span>
    </p>
   </div>
   <div class='ocr_carea' id='block_1_35' title="bbox 38 906 863 948">
    <p class='ocr_par' dir='ltr' id='par_1_35' title="bbox 38 906 863 948">
     <span class='ocr_line' id='line_1_35' title="bbox 38 906 863 948; baseline -0.002 -12"><span class='ocrx_word' id='word_1_229' title='bbox 38 907 89 935; x_wconf 73' lang='grc' dir='ltr'><strong>ἀπὸ</strong></span> <span class='ocrx_word' id='word_1_230' title='bbox 127 911 174 936; x_wconf 77' lang='grc' dir='ltr'>τοῦ</span> <span class='ocrx_word' id='word_1_231' title='bbox 211 907 253 936; x_wconf 81' lang='grc' dir='ltr'>διὰ</span> <span class='ocrx_word' id='word_1_232' title='bbox 289 907 386 947; x_wconf 80' lang='grc' dir='ltr'>δωρεᾶς</span> <span class='ocrx_word' id='word_1_233' title='bbox 415 908 574 948; x_wconf 76' lang='grc' dir='ltr'>κατέχοντος</span> <span class='ocrx_word' id='word_1_234' title='bbox 601 909 678 937; x_wconf 74' lang='grc' dir='ltr'>τοῦτο</span> <span class='ocrx_word' id='word_1_235' title='bbox 706 909 741 940; x_wconf 79' lang='grc' dir='ltr'><strong>εἰς</strong></span> <span class='ocrx_word' id='word_1_236' title='bbox 776 906 863 945; x_wconf 76' lang='grc' dir='ltr'>ἕτερον</span> 
     </span>
    </p>
   </div>
   <div class='ocr_carea' id='block_1_36' title="bbox 37 951 861 992">
    <p class='ocr_par' dir='ltr' id='par_1_36' title="bbox 37 951 861 992">
     <span class='ocr_line' id='line_1_36' title="bbox 37 951 861 992; baseline -0.002 -13"><span class='ocrx_word' id='word_1_237' title='bbox 37 953 181 990; x_wconf 80' lang='grc' dir='ltr'>πρόσωπον</span> <span class='ocrx_word' id='word_1_238' title='bbox 203 962 209 967; x_wconf 77' lang='grc'><em>“</em></span> <span class='ocrx_word' id='word_1_239' title='bbox 236 951 297 980; x_wconf 82' lang='grc' dir='ltr'>ἀλλ’</span> <span class='ocrx_word' id='word_1_240' title='bbox 323 953 345 980; x_wconf 79' lang='grc' dir='ltr'><strong>εἰ</strong></span> <span class='ocrx_word' id='word_1_241' title='bbox 371 953 414 980; x_wconf 85' lang='grc' dir='ltr'><strong>καὶ</strong></span> <span class='ocrx_word' id='word_1_242' title='bbox 442 952 550 992; x_wconf 79' lang='grc' dir='ltr'>γένηταί</span> <span class='ocrx_word' id='word_1_243' title='bbox 576 953 652 989; x_wconf 81' lang='grc' dir='ltr'>πότε,</span> <span class='ocrx_word' id='word_1_244' title='bbox 682 952 776 991; x_wconf 75' lang='grc' dir='ltr'>ἄκυρον</span> <span class='ocrx_word' id='word_1_245' title='bbox 791 951 861 978; x_wconf 73' lang='grc' dir='ltr'>εἶναι</span> 
     </span>
    </p>
   </div>
   <div class='ocr_carea' id='block_1_37' title="bbox 36 996 860 1036">
    <p class='ocr_par' dir='ltr' id='par_1_37' title="bbox 36 996 860 1036">
     <span class='ocr_line' id='line_1_37' title="bbox 36 996 860 1036; baseline 0.001 -12"><span class='ocrx_word' id='word_1_246' title='bbox 36 997 145 1034; x_wconf 65' lang='grc' dir='ltr'>ταύτην,</span> <span class='ocrx_word' id='word_1_247' title='bbox 182 998 226 1024; x_wconf 88' lang='grc' dir='ltr'><strong>καὶ</strong></span> <span class='ocrx_word' id='word_1_248' title='bbox 261 996 379 1034; x_wconf 73' lang='grc' dir='ltr'>ἄδεκτον,</span> <span class='ocrx_word' id='word_1_249' title='bbox 416 998 460 1025; x_wconf 88' lang='grc' dir='ltr'><strong>καὶ</strong></span> <span class='ocrx_word' id='word_1_250' title='bbox 503 997 616 1028; x_wconf 46' lang='lat' dir='ltr'><strong>euhion:</strong></span> <span class='ocrx_word' id='word_1_251' title='bbox 664 996 760 1036; x_wconf 69' lang='grc' dir='ltr'>ἔνοχον</span> <span class='ocrx_word' id='word_1_252' title='bbox 800 1001 860 1029; x_wconf 72' lang='grc' dir='ltr'>ταῖς</span> 
     </span>
    </p>
   </div>
   <div class='ocr_carea' id='block_1_38' title="bbox 36 1040 858 1081">
    <p class='ocr_par' dir='ltr' id='par_1_38' title="bbox 36 1040 858 1081">
     <span class='ocr_line' id='line_1_38' title="bbox 36 1040 858 1081; baseline 0 -13"><span class='ocrx_word' id='word_1_253' title='bbox 36 1040 259 1080; x_wconf 77' lang='grc' dir='ltr'>ἂρμοδιωτάταις.</span> <span class='ocrx_word' id='word_1_254' title='bbox 283 1042 357 1076; x_wconf 80' lang='grc' dir='ltr'>Μήτε</span> <span class='ocrx_word' id='word_1_255' title='bbox 385 1048 510 1080; x_wconf 71' lang='grc' dir='ltr'>γυναῖκα,</span> <span class='ocrx_word' id='word_1_256' title='bbox 541 1041 601 1074; x_wconf 70' lang='grc' dir='ltr'>θ’ἷας</span> <span class='ocrx_word' id='word_1_257' title='bbox 637 1040 667 1068; x_wconf 81' lang='grc' dir='ltr'><strong>ἂν</strong></span> <span class='ocrx_word' id='word_1_258' title='bbox 690 1041 735 1074; x_wconf 83' lang='grc' dir='ltr'><strong>εἴη</strong></span> <span class='ocrx_word' id='word_1_259' title='bbox 760 1041 858 1081; x_wconf 78' lang='grc' dir='ltr'>τύχης,</span> 
     </span>
    </p>
   </div>
   <div class='ocr_carea' id='block_1_39' title="bbox 36 1085 860 1125">
    <p class='ocr_par' dir='ltr' id='par_1_39' title="bbox 36 1085 860 1125">
     <span class='ocr_line' id='line_1_39' title="bbox 36 1085 860 1125; baseline 0 -12"><span class='ocrx_word' id='word_1_260' title='bbox 36 1085 153 1125; x_wconf 80' lang='grc' dir='ltr'>ἀνδρῴου</span> <span class='ocrx_word' id='word_1_261' title='bbox 194 1085 330 1121; x_wconf 80' lang='grc' dir='ltr'>δεσπόζειν</span> <span class='ocrx_word' id='word_1_262' title='bbox 372 1086 547 1123; x_wconf 77' lang='grc' dir='ltr'>μοναστηρίου</span> <span class='ocrx_word' id='word_1_263' title='bbox 570 1094 576 1100; x_wconf 90' lang='grc'><strong>·</strong></span> <span class='ocrx_word' id='word_1_264' title='bbox 631 1085 649 1119; x_wconf 72' lang='grc' dir='ltr'>ἢ</span> <span class='ocrx_word' id='word_1_265' title='bbox 701 1086 860 1120; x_wconf 72' lang='grc' dir='ltr'>τούναντίον,</span> 
     </span>
    </p>
   </div>
   <div class='ocr_carea' id='block_1_40' title="bbox 37 1129 861 1169">
    <p class='ocr_par' dir='ltr' id='par_1_40' title="bbox 37 1129 861 1169">
     <span class='ocr_line' id='line_1_40' title="bbox 37 1129 861 1169; baseline 0 -12"><span class='ocrx_word' id='word_1_266' title='bbox 37 1129 116 1169; x_wconf 70' lang='grc' dir='ltr'>ἄνδρα</span> <span class='ocrx_word' id='word_1_267' title='bbox 144 1130 292 1169; x_wconf 79' lang='grc' dir='ltr'>γυναικείου</span> <span class='ocrx_word' id='word_1_268' title='bbox 310 1138 317 1145; x_wconf 92' lang='grc'><strong>·</strong></span> <span class='ocrx_word' id='word_1_269' title='bbox 348 1131 392 1158; x_wconf 79' lang='grc' dir='ltr'>καὶ</span> <span class='ocrx_word' id='word_1_270' title='bbox 426 1129 551 1168; x_wconf 75' lang='grc' dir='ltr'>μάλιστα,</span> <span class='ocrx_word' id='word_1_271' title='bbox 582 1129 686 1163; x_wconf 83' lang='grc' dir='ltr'>ἡλικίας</span> <span class='ocrx_word' id='word_1_272' title='bbox 716 1131 861 1158; x_wconf 80' lang='grc' dir='ltr'>ὑποπτευο-</span> 
     </span>
    </p>
   </div>
   <div class='ocr_carea' id='block_1_41' title="bbox 37 1173 861 1214">
    <p class='ocr_par' dir='ltr' id='par_1_41' title="bbox 37 1173 861 1214">
     <span class='ocr_line' id='line_1_41' title="bbox 37 1173 861 1214; baseline 0.001 -13"><span class='ocrx_word' id='word_1_273' title='bbox 37 1174 121 1211; x_wconf 76' lang='grc' dir='ltr'>μένης</span> <span class='ocrx_word' id='word_1_274' title='bbox 157 1175 335 1214; x_wconf 71' lang='grc' dir='ltr'>τυγχάνοντα,</span> <span class='ocrx_word' id='word_1_275' title='bbox 364 1175 409 1202; x_wconf 77' lang='grc' dir='ltr'>καὶ</span> <span class='ocrx_word' id='word_1_276' title='bbox 450 1173 598 1203; x_wconf 77' lang='grc' dir='ltr'>σκανδάλοο</span> <span class='ocrx_word' id='word_1_277' title='bbox 640 1173 762 1214; x_wconf 75' lang='grc' dir='ltr'>ἀφορμὴν</span> <span class='ocrx_word' id='word_1_278' title='bbox 804 1182 861 1206; x_wconf 85' lang='grc' dir='ltr'>τοῖς</span> 
     </span>
    </p>
   </div>
   <div class='ocr_carea' id='block_1_42' title="bbox 36 1217 860 1258">
    <p class='ocr_par' dir='ltr' id='par_1_42' title="bbox 36 1217 860 1258">
     <span class='ocr_line' id='line_1_42' title="bbox 36 1217 860 1258; baseline 0 -13"><span class='ocrx_word' id='word_1_279' title='bbox 36 1224 143 1248; x_wconf 69' lang='grc' dir='ltr'>πιστοῖς</span> <span class='ocrx_word' id='word_1_280' title='bbox 159 1217 358 1258; x_wconf 77' lang='grc' dir='ltr'>ἐμπαρέχοντα,</span> <span class='ocrx_word' id='word_1_281' title='bbox 390 1219 438 1248; x_wconf 84' lang='grc' dir='ltr'>Καὶ</span> <span class='ocrx_word' id='word_1_282' title='bbox 466 1222 542 1246; x_wconf 81' lang='grc' dir='ltr'>τοῦτο</span> <span class='ocrx_word' id='word_1_283' title='bbox 569 1217 741 1258; x_wconf 75' lang='grc' dir='ltr'>φυλάττεσθαι</span> <span class='ocrx_word' id='word_1_284' title='bbox 769 1219 812 1246; x_wconf 86' lang='grc' dir='ltr'><strong>καὶ</strong></span> <span class='ocrx_word' id='word_1_285' title='bbox 834 1218 860 1246; x_wconf 82' lang='grc' dir='ltr'>ὲν</span> 
     </span>
    </p>
   </div>
   <div class='ocr_carea' id='block_1_43' title="bbox 37 1261 858 1302">
    <p class='ocr_par' dir='ltr' id='par_1_43' title="bbox 37 1261 858 1302">
     <span class='ocr_line' id='line_1_43' title="bbox 37 1261 858 1302; baseline 0 -12"><span class='ocrx_word' id='word_1_286' title='bbox 37 1261 230 1301; x_wconf 73' lang='grc' dir='ltr'>μητροπόλεσι,</span> <span class='ocrx_word' id='word_1_287' title='bbox 260 1263 304 1290; x_wconf 82' lang='grc' dir='ltr'><strong>καὶ</strong></span> <span class='ocrx_word' id='word_1_288' title='bbox 339 1263 366 1291; x_wconf 84' lang='grc' dir='ltr'>ἐν</span> <span class='ocrx_word' id='word_1_289' title='bbox 409 1263 580 1299; x_wconf 80' lang='grc' dir='ltr'>ἐπισκοπαῖς,</span> <span class='ocrx_word' id='word_1_290' title='bbox 623 1263 668 1290; x_wconf 84' lang='grc' dir='ltr'><strong>καὶ</strong></span> <span class='ocrx_word' id='word_1_291' title='bbox 709 1267 858 1302; x_wconf 78' lang='grc' dir='ltr'>πανταχοῦ.</span> 
     </span>
    </p>
   </div>
   <div class='ocr_carea' id='block_1_44' title="bbox 37 1305 860 1346">
    <p class='ocr_par' dir='ltr' id='par_1_44' title="bbox 37 1305 860 1346">
     <span class='ocr_line' id='line_1_44' title="bbox 37 1305 860 1346; baseline -0.001 -11"><span class='ocrx_word' id='word_1_292' title='bbox 37 1305 176 1335; x_wconf 79' lang='grc' dir='ltr'>Ἐκποδὼν</span> <span class='ocrx_word' id='word_1_293' title='bbox 210 1307 259 1346; x_wconf 78' lang='grc' dir='ltr'><strong>γὰρ</strong></span> <span class='ocrx_word' id='word_1_294' title='bbox 288 1305 329 1334; x_wconf 86' lang='grc' dir='ltr'><strong>δεῖ</strong></span> <span class='ocrx_word' id='word_1_295' title='bbox 363 1309 495 1335; x_wconf 80' lang='grc' dir='ltr'>ποιεῖσθαι</span> <span class='ocrx_word' id='word_1_296' title='bbox 530 1307 576 1339; x_wconf 69' lang='grc' dir='ltr'><strong>τὰς</strong></span> <span class='ocrx_word' id='word_1_297' title='bbox 603 1307 720 1346; x_wconf 82' lang='grc' dir='ltr'>πονηρὰς</span> <span class='ocrx_word' id='word_1_298' title='bbox 747 1307 860 1343; x_wconf 76' lang='grc' dir='ltr'>ὑποψίας</span> 
     </span>
    </p>
   </div>
   <div class='ocr_carea' id='block_1_45' title="bbox 35 1349 860 1391">
    <p class='ocr_par' dir='ltr' id='par_1_45' title="bbox 35 1349 860 1391">
     <span class='ocr_line' id='line_1_45' title="bbox 35 1349 860 1391; baseline -0.001 -12"><span class='ocrx_word' id='word_1_299' title='bbox 35 1352 108 1389; x_wconf 77' lang='grc' dir='ltr'>πάσῃ</span> <span class='ocrx_word' id='word_1_300' title='bbox 135 1355 262 1391; x_wconf 78' lang='grc' dir='ltr'>μηχανῇ.</span> <span class='ocrx_word' id='word_1_301' title='bbox 293 1349 351 1378; x_wconf 71' lang='grc' dir='ltr'>ἀλλ’</span> <span class='ocrx_word' id='word_1_302' title='bbox 387 1352 447 1391; x_wconf 75' lang='grc' dir='ltr'>οὖχὶ</span> <span class='ocrx_word' id='word_1_303' title='bbox 488 1351 532 1379; x_wconf 73' lang='grc' dir='ltr'>καὶ</span> <span class='ocrx_word' id='word_1_304' title='bbox 573 1351 703 1388; x_wconf 76' lang='grc' dir='ltr'>πτώματα</span> <span class='ocrx_word' id='word_1_305' title='bbox 746 1350 860 1380; x_wconf 79' lang='grc' dir='ltr'>ἐντεῦθεν</span> 
     </span>
    </p>
   </div>
   <div class='ocr_carea' id='block_1_46' title="bbox 34 1394 859 1436">
    <p class='ocr_par' dir='ltr' id='par_1_46' title="bbox 34 1394 859 1436">
     <span class='ocr_line' id='line_1_46' title="bbox 34 1394 859 1436; baseline -0.002 -12"><span class='ocrx_word' id='word_1_306' title='bbox 34 1401 190 1436; x_wconf 75' lang='grc' dir='ltr'>συγχωρεῖν</span> <span class='ocrx_word' id='word_1_307' title='bbox 205 1395 400 1431; x_wconf 79' lang='grc' dir='ltr'>ἁποτίκτεσθαι,</span> <span class='ocrx_word' id='word_1_308' title='bbox 429 1396 472 1423; x_wconf 84' lang='grc' dir='ltr'>καὶ</span> <span class='ocrx_word' id='word_1_309' title='bbox 495 1397 525 1423; x_wconf 85' lang='grc' dir='ltr'>τὸ</span> <span class='ocrx_word' id='word_1_310' title='bbox 547 1397 632 1432; x_wconf 90' lang='grc' dir='ltr'>τίμιον</span> <span class='ocrx_word' id='word_1_311' title='bbox 661 1398 710 1429; x_wconf 82' lang='grc' dir='ltr'><strong>τῆς</strong></span> <span class='ocrx_word' id='word_1_312' title='bbox 740 1394 859 1428; x_wconf 80' lang='grc' dir='ltr'>Ἐκκλη-</span> 
     </span>
    </p>
   </div>
   <div class='ocr_carea' id='block_1_47' title="bbox 34 1435 859 1479">
    <p class='ocr_par' dir='ltr' id='par_1_47' title="bbox 34 1435 859 1479">
     <span class='ocr_line' id='line_1_47' title="bbox 34 1435 859 1479; baseline -0.001 -11"><span class='ocrx_word' id='word_1_313' title='bbox 34 1441 88 1472; x_wconf 64' lang='lat' dir='ltr'><strong>sic;</strong></span> <span class='ocrx_word' id='word_1_314' title='bbox 141 1438 334 1479; x_wconf 76' lang='grc' dir='ltr'>καθυϐρίζεσθαι</span> <span class='ocrx_word' id='word_1_315' title='bbox 374 1439 519 1479; x_wconf 76' lang='grc' dir='ltr'>πλήρωμα,</span> <span class='ocrx_word' id='word_1_316' title='bbox 557 1435 604 1471; x_wconf 66' lang='grc' dir='ltr'>Ὡς</span> <span class='ocrx_word' id='word_1_317' title='bbox 647 1439 678 1467; x_wconf 76' lang='grc' dir='ltr'>ἂν</span> <span class='ocrx_word' id='word_1_318' title='bbox 705 1439 750 1468; x_wconf 74' lang='grc' dir='ltr'>οὖν</span> <span class='ocrx_word' id='word_1_319' title='bbox 792 1440 859 1477; x_wconf 72' lang='grc' dir='ltr'>μήτε</span> 
     </span>
    </p>
   </div>
   <div class='ocr_carea' id='block_1_48' title="bbox 904 903 1730 948">
    <p class='ocr_par' dir='ltr' id='par_1_48' title="bbox 904 903 1730 948">
     <span class='ocr_line' id='line_1_48' title="bbox 904 903 1730 948; baseline 0.007 -16"><span class='ocrx_word' id='word_1_320' title='bbox 904 903 986 948; x_wconf 84' lang='lat' dir='ltr'><strong>sterii</strong></span> <span class='ocrx_word' id='word_1_321' title='bbox 1016 914 1199 945; x_wconf 55' lang='lat' dir='ltr'><strong>quacunque</strong></span> <span class='ocrx_word' id='word_1_322' title='bbox 1232 906 1282 936; x_wconf 80' lang='lat' dir='ltr'><strong>ﬂat</strong></span> <span class='ocrx_word' id='word_1_323' title='bbox 1307 905 1343 936; x_wconf 89' lang='lat' dir='ltr'><strong>ab</strong></span> <span class='ocrx_word' id='word_1_324' title='bbox 1373 916 1407 937; x_wconf 86' lang='lat' dir='ltr'><strong>ea</strong></span> <span class='ocrx_word' id='word_1_325' title='bbox 1432 915 1569 947; x_wconf 80' lang='lat' dir='ltr'><strong>persona,</strong></span> <span class='ocrx_word' id='word_1_326' title='bbox 1595 916 1661 948; x_wconf 67' lang='lat' dir='ltr'><strong>quae</strong></span> <span class='ocrx_word' id='word_1_327' title='bbox 1675 916 1730 948; x_wconf 90' lang='lat' dir='ltr'><strong>per</strong></span> 
     </span>
    </p>
   </div>
   <div class='ocr_carea' id='block_1_49' title="bbox 903 947 1727 992">
    <p class='ocr_par' dir='ltr' id='par_1_49' title="bbox 903 947 1727 992">
     <span class='ocr_line' id='line_1_49' title="bbox 903 947 1727 992; baseline 0.007 -15"><span class='ocrx_word' id='word_1_328' title='bbox 903 947 1095 979; x_wconf 81' lang='lat' dir='ltr'><strong>donationem</strong></span> <span class='ocrx_word' id='word_1_329' title='bbox 1119 949 1148 979; x_wconf 90' lang='lat' dir='ltr'><strong>id</strong></span> <span class='ocrx_word' id='word_1_330' title='bbox 1175 949 1318 989; x_wconf 85' lang='lat' dir='ltr'><strong>possidet,</strong></span> <span class='ocrx_word' id='word_1_331' title='bbox 1335 950 1370 980; x_wconf 89' lang='lat' dir='ltr'><strong>ad</strong></span> <span class='ocrx_word' id='word_1_332' title='bbox 1385 951 1470 980; x_wconf 89' lang='lat' dir='ltr'><strong>aliam</strong></span> <span class='ocrx_word' id='word_1_333' title='bbox 1487 960 1643 991; x_wconf 89' lang='lat' dir='ltr'><strong>personam</strong></span> <span class='ocrx_word' id='word_1_334' title='bbox 1660 947 1727 992; x_wconf 52' lang='grc' dir='ltr'>ζει,</span> 
     </span>
    </p>
   </div>
   <div class='ocr_carea' id='block_1_50' title="bbox 903 991 1728 1036">
    <p class='ocr_par' dir='ltr' id='par_1_50' title="bbox 903 991 1728 1036">
     <span class='ocr_line' id='line_1_50' title="bbox 903 991 1728 1036; baseline 0.007 -15"><span class='ocrx_word' id='word_1_335' title='bbox 903 991 928 1021; x_wconf 88' lang='lat' dir='ltr'><strong>si</strong></span> <span class='ocrx_word' id='word_1_336' title='bbox 939 992 1014 1022; x_wconf 80' lang='lat' dir='ltr'><strong>facta</strong></span> <span class='ocrx_word' id='word_1_337' title='bbox 1027 993 1064 1023; x_wconf 90' lang='lat' dir='ltr'><strong>sit</strong></span> <span class='ocrx_word' id='word_1_338' title='bbox 1082 994 1210 1031; x_wconf 79' lang='lat' dir='ltr'><strong>forte,sit</strong></span> <span class='ocrx_word' id='word_1_339' title='bbox 1226 994 1379 1032; x_wconf 90' lang='lat' dir='ltr'><strong>irrita,nec</strong></span> <span class='ocrx_word' id='word_1_340' title='bbox 1391 995 1572 1026; x_wconf 78' lang='lat' dir='ltr'><strong>admittatur.</strong></span> <span class='ocrx_word' id='word_1_341' title='bbox 1588 999 1616 1026; x_wconf 92' lang='lat' dir='ltr'><strong>et</strong></span> <span class='ocrx_word' id='word_1_342' title='bbox 1633 991 1728 1036; x_wconf 77' lang='lat' dir='ltr'><strong>pomis</strong></span> 
     </span>
    </p>
   </div>
   <div class='ocr_carea' id='block_1_51' title="bbox 902 1037 1728 1078">
    <p class='ocr_par' dir='ltr' id='par_1_51' title="bbox 902 1037 1728 1078">
     <span class='ocr_line' id='line_1_51' title="bbox 902 1037 1728 1078; baseline 0.005 -12"><span class='ocrx_word' id='word_1_343' title='bbox 902 1037 1148 1068; x_wconf 77' lang='lat' dir='ltr'><strong>Convenientibus</strong></span> <span class='ocrx_word' id='word_1_344' title='bbox 1165 1039 1356 1078; x_wconf 86' lang='lat' dir='ltr'><strong>reprimatur.</strong></span> <span class='ocrx_word' id='word_1_345' title='bbox 1387 1038 1448 1070; x_wconf 91' lang='lat' dir='ltr'><strong>Nec</strong></span> <span class='ocrx_word' id='word_1_346' title='bbox 1475 1043 1507 1070; x_wconf 89' lang='lat' dir='ltr'><strong>ut</strong></span> <span class='ocrx_word' id='word_1_347' title='bbox 1532 1039 1602 1070; x_wconf 88' lang='lat' dir='ltr'><strong>item</strong></span> <span class='ocrx_word' id='word_1_348' title='bbox 1620 1040 1728 1071; x_wconf 87' lang='lat' dir='ltr'><strong>mulier</strong></span> 
     </span>
    </p>
   </div>
   <div class='ocr_carea' id='block_1_52' title="bbox 903 1081 1729 1122">
    <p class='ocr_par' dir='ltr' id='par_1_52' title="bbox 903 1081 1729 1122">
     <span class='ocr_line' id='line_1_52' title="bbox 903 1081 1729 1122; baseline 0.005 -11"><span class='ocrx_word' id='word_1_349' title='bbox 903 1081 1108 1122; x_wconf 84' lang='lat' dir='ltr'><strong>cujuscunque</strong></span> <span class='ocrx_word' id='word_1_350' title='bbox 1137 1083 1317 1113; x_wconf 90' lang='lat' dir='ltr'><strong>conditionis</strong></span> <span class='ocrx_word' id='word_1_351' title='bbox 1351 1083 1397 1113; x_wconf 86' lang='lat' dir='ltr'><strong>sit.</strong></span> <span class='ocrx_word' id='word_1_352' title='bbox 1435 1083 1528 1114; x_wconf 89' lang='lat' dir='ltr'><strong>virilis</strong></span> <span class='ocrx_word' id='word_1_353' title='bbox 1554 1084 1729 1115; x_wconf 88' lang='lat' dir='ltr'><strong>monasterii</strong></span> 
     </span>
    </p>
   </div>
   <div class='ocr_carea' id='block_1_53' title="bbox 903 1124 1727 1167">
    <p class='ocr_par' dir='ltr' id='par_1_53' title="bbox 903 1124 1727 1167">
     <span class='ocr_line' id='line_1_53' title="bbox 903 1124 1727 1167; baseline 0.006 -13"><span class='ocrx_word' id='word_1_354' title='bbox 903 1124 1068 1156; x_wconf 88' lang='lat' dir='ltr'><strong>dominium</strong></span> <span class='ocrx_word' id='word_1_355' title='bbox 1085 1125 1192 1157; x_wconf 84' lang='lat' dir='ltr'><strong>habeat</strong></span> <span class='ocrx_word' id='word_1_356' title='bbox 1209 1137 1215 1156; x_wconf 89' lang='lat'><strong><em>:</em></strong></span> <span class='ocrx_word' id='word_1_357' title='bbox 1233 1131 1281 1157; x_wconf 85' lang='lat' dir='ltr'><strong>aut</strong></span> <span class='ocrx_word' id='word_1_358' title='bbox 1296 1129 1360 1158; x_wconf 89' lang='lat' dir='ltr'><strong>vice</strong></span> <span class='ocrx_word' id='word_1_359' title='bbox 1375 1136 1470 1167; x_wconf 89' lang='lat' dir='ltr'><strong>versa,</strong></span> <span class='ocrx_word' id='word_1_360' title='bbox 1487 1128 1531 1158; x_wconf 92' lang='lat' dir='ltr'><strong>vir</strong></span> <span class='ocrx_word' id='word_1_361' title='bbox 1551 1128 1704 1160; x_wconf 88' lang='lat' dir='ltr'><strong>muliebris</strong></span> <span class='ocrx_word' id='word_1_362' title='bbox 1719 1139 1727 1167; x_wconf 89' lang='lat'><strong>;</strong></span> 
     </span>
    </p>
   </div>
   <div class='ocr_carea' id='block_1_54' title="bbox 903 1170 1726 1210">
    <p class='ocr_par' dir='ltr' id='par_1_54' title="bbox 903 1170 1726 1210">
     <span class='ocr_line' id='line_1_54' title="bbox 903 1170 1726 1210; baseline 0.006 -11"><span class='ocrx_word' id='word_1_363' title='bbox 903 1170 1080 1208; x_wconf 65' lang='lat' dir='ltr'><strong>praesertim,</strong></span> <span class='ocrx_word' id='word_1_364' title='bbox 1097 1171 1147 1210; x_wconf 87' lang='lat' dir='ltr'><strong>qui</strong></span> <span class='ocrx_word' id='word_1_365' title='bbox 1163 1174 1307 1210; x_wconf 67' lang='lat' dir='ltr'><strong>suspectae</strong></span> <span class='ocrx_word' id='word_1_366' title='bbox 1322 1171 1360 1201; x_wconf 90' lang='lat' dir='ltr'><strong>sit</strong></span> <span class='ocrx_word' id='word_1_367' title='bbox 1371 1173 1477 1209; x_wconf 64' lang='lat' dir='ltr'><strong>aetatis,</strong></span> <span class='ocrx_word' id='word_1_368' title='bbox 1495 1176 1522 1202; x_wconf 91' lang='lat' dir='ltr'><strong>et</strong></span> <span class='ocrx_word' id='word_1_369' title='bbox 1539 1172 1726 1204; x_wconf 86' lang='lat' dir='ltr'><strong>occasionem</strong></span> 
     </span>
    </p>
   </div>
   <div class='ocr_carea' id='block_1_55' title="bbox 891 1213 1725 1255">
    <p class='ocr_par' dir='ltr' id='par_1_55' title="bbox 891 1213 1725 1255">
     <span class='ocr_line' id='line_1_55' title="bbox 891 1213 1725 1255; baseline 0.006 -13"><span class='ocrx_word' id='word_1_370' title='bbox 891 1213 1035 1244; x_wconf 89' lang='lat' dir='ltr'><strong>&#39;scandali</strong></span> <span class='ocrx_word' id='word_1_371' title='bbox 1051 1214 1190 1244; x_wconf 70' lang='lat' dir='ltr'><strong>fidelibus</strong></span> <span class='ocrx_word' id='word_1_372' title='bbox 1216 1215 1355 1254; x_wconf 83' lang='lat' dir='ltr'><strong>praebeat.</strong></span> <span class='ocrx_word' id='word_1_373' title='bbox 1374 1216 1470 1255; x_wconf 86' lang='lat' dir='ltr'><strong>Atque</strong></span> <span class='ocrx_word' id='word_1_374' title='bbox 1484 1216 1540 1246; x_wconf 90' lang='lat' dir='ltr'><strong>hoc</strong></span> <span class='ocrx_word' id='word_1_375' title='bbox 1563 1215 1725 1248; x_wconf 85' lang='lat' dir='ltr'><strong>observan—</strong></span> 
     </span>
    </p>
   </div>
   <div class='ocr_carea' id='block_1_56' title="bbox 902 1256 1728 1300">
    <p class='ocr_par' dir='ltr' id='par_1_56' title="bbox 902 1256 1728 1300">
     <span class='ocr_line' id='line_1_56' title="bbox 902 1256 1728 1300; baseline 0.005 -13"><span class='ocrx_word' id='word_1_376' title='bbox 902 1256 972 1287; x_wconf 93' lang='lat' dir='ltr'><strong>dum</strong></span> <span class='ocrx_word' id='word_1_377' title='bbox 991 1261 1048 1288; x_wconf 85' lang='lat' dir='ltr'><strong>tam</strong></span> <span class='ocrx_word' id='word_1_378' title='bbox 1066 1259 1093 1288; x_wconf 87' lang='lat' dir='ltr'><strong>in</strong></span> <span class='ocrx_word' id='word_1_379' title='bbox 1119 1259 1334 1298; x_wconf 85' lang='lat' dir='ltr'><strong>nietropolibus</strong></span> <span class='ocrx_word' id='word_1_380' title='bbox 1348 1268 1436 1299; x_wconf 88' lang='lat' dir='ltr'><strong>quam</strong></span> <span class='ocrx_word' id='word_1_381' title='bbox 1453 1259 1682 1300; x_wconf 81' lang='lat' dir='ltr'><strong>episcopalibus,</strong></span> <span class='ocrx_word' id='word_1_382' title='bbox 1697 1265 1728 1292; x_wconf 87' lang='lat' dir='ltr'><strong>et</strong></span> 
     </span>
    </p>
   </div>
   <div class='ocr_carea' id='block_1_57' title="bbox 902 1300 1725 1346">
    <p class='ocr_par' dir='ltr' id='par_1_57' title="bbox 902 1300 1725 1346">
     <span class='ocr_line' id='line_1_57' title="bbox 902 1300 1725 1346; baseline 0.006 -15"><span class='ocrx_word' id='word_1_383' title='bbox 902 1300 1020 1342; x_wconf 89' lang='lat' dir='ltr'><strong>ubique.</strong></span> <span class='ocrx_word' id='word_1_384' title='bbox 1038 1301 1111 1333; x_wconf 86' lang='lat' dir='ltr'><strong>Nam</strong></span> <span class='ocrx_word' id='word_1_385' title='bbox 1124 1303 1203 1333; x_wconf 92' lang='lat' dir='ltr'><strong>omni</strong></span> <span class='ocrx_word' id='word_1_386' title='bbox 1216 1308 1322 1334; x_wconf 90' lang='lat' dir='ltr'><strong>conatu</strong></span> <span class='ocrx_word' id='word_1_387' title='bbox 1337 1305 1526 1335; x_wconf 59' lang='lat' dir='ltr'><strong>removenda</strong></span> <span class='ocrx_word' id='word_1_388' title='bbox 1541 1308 1609 1335; x_wconf 88' lang='lat' dir='ltr'><strong>sunt</strong></span> <span class='ocrx_word' id='word_1_389' title='bbox 1624 1305 1725 1346; x_wconf 90' lang='lat' dir='ltr'><strong>suspi-</strong></span> 
     </span>
    </p>
   </div>
   <div class='ocr_carea' id='block_1_58' title="bbox 901 1345 1726 1388">
    <p class='ocr_par' dir='ltr' id='par_1_58' title="bbox 901 1345 1726 1388">
     <span class='ocr_line' id='line_1_58' title="bbox 901 1345 1726 1388; baseline 0.005 -13"><span class='ocrx_word' id='word_1_390' title='bbox 901 1345 1003 1376; x_wconf 89' lang='lat' dir='ltr'><strong>ciones</strong></span> <span class='ocrx_word' id='word_1_391' title='bbox 1020 1346 1116 1383; x_wconf 67' lang='lat' dir='ltr'><strong>malae,</strong></span> <span class='ocrx_word' id='word_1_392' title='bbox 1144 1346 1297 1387; x_wconf 86' lang='lat' dir='ltr'><strong>multoque</strong></span> <span class='ocrx_word' id='word_1_393' title='bbox 1317 1347 1416 1378; x_wconf 91' lang='lat' dir='ltr'><strong>minus</strong></span> <span class='ocrx_word' id='word_1_394' title='bbox 1432 1345 1686 1388; x_wconf 51' lang='lat' dir='ltr'><strong>permittendum;</strong></span> <span class='ocrx_word' id='word_1_395' title='bbox 1695 1353 1726 1380; x_wconf 92' lang='lat' dir='ltr'><strong>ut</strong></span> 
     </span>
    </p>
   </div>
   <div class='ocr_carea' id='block_1_59' title="bbox 902 1389 1725 1431">
    <p class='ocr_par' dir='ltr' id='par_1_59' title="bbox 902 1389 1725 1431">
     <span class='ocr_line' id='line_1_59' title="bbox 902 1389 1725 1431; baseline 0.006 -12"><span class='ocrx_word' id='word_1_396' title='bbox 902 1389 1001 1429; x_wconf 87' lang='lat' dir='ltr'><strong>lapsus</strong></span> <span class='ocrx_word' id='word_1_397' title='bbox 1027 1390 1096 1421; x_wconf 90' lang='lat' dir='ltr'><strong>inde</strong></span> <span class='ocrx_word' id='word_1_398' title='bbox 1125 1391 1309 1431; x_wconf 83' lang='lat' dir='ltr'><strong>proveniant,</strong></span> <span class='ocrx_word' id='word_1_399' title='bbox 1342 1395 1371 1422; x_wconf 88' lang='lat' dir='ltr'><strong>et</strong></span> <span class='ocrx_word' id='word_1_400' title='bbox 1406 1392 1528 1422; x_wconf 83' lang='lat' dir='ltr'><strong>infamia</strong></span> <span class='ocrx_word' id='word_1_401' title='bbox 1556 1393 1725 1424; x_wconf 83' lang='lat' dir='ltr'><strong>venerabile</strong></span> 
     </span>
    </p>
   </div>
   <div class='ocr_carea' id='block_1_60' title="bbox 901 1435 1724 1477">
    <p class='ocr_par' dir='ltr' id='par_1_60' title="bbox 901 1435 1724 1477">
     <span class='ocr_line' id='line_1_60' title="bbox 901 1435 1724 1477; baseline 0.005 -13"><span class='ocrx_word' id='word_1_402' title='bbox 901 1443 1009 1474; x_wconf 91' lang='lat' dir='ltr'><strong>corpus</strong></span> <span class='ocrx_word' id='word_1_403' title='bbox 1026 1435 1169 1465; x_wconf 64' lang='lat' dir='ltr'><strong>Ecclesia:</strong></span> <span class='ocrx_word' id='word_1_404' title='bbox 1193 1435 1348 1467; x_wconf 83' lang='lat' dir='ltr'><strong>afﬁciatur.</strong></span> <span class='ocrx_word' id='word_1_405' title='bbox 1371 1435 1408 1467; x_wconf 88' lang='lat' dir='ltr'><strong>Ut</strong></span> <span class='ocrx_word' id='word_1_406' title='bbox 1423 1436 1513 1475; x_wconf 83' lang='lat' dir='ltr'><strong>igitur</strong></span> <span class='ocrx_word' id='word_1_407' title='bbox 1527 1436 1557 1466; x_wconf 92' lang='lat' dir='ltr'><strong>in</strong></span> <span class='ocrx_word' id='word_1_408' title='bbox 1573 1441 1724 1477; x_wconf 86' lang='lat' dir='ltr'><strong>posterum</strong></span> 
     </span>
    </p>
   </div>
   <div class='ocr_carea' id='block_1_61' title="bbox 34 1479 793 1524">
    <p class='ocr_par' dir='ltr' id='par_1_61' title="bbox 34 1483 793 1524">
     <span class='ocr_line' id='line_1_61' title="bbox 34 1483 793 1524; baseline 0.001 -12"><span class='ocrx_word' id='word_1_409' title='bbox 34 1485 173 1524; x_wconf 77' lang='grc' dir='ltr'>μεταφορὰ</span> <span class='ocrx_word' id='word_1_410' title='bbox 202 1485 248 1512; x_wconf 83' lang='grc' dir='ltr'><strong>τὸν</strong></span> <span class='ocrx_word' id='word_1_411' title='bbox 275 1483 405 1521; x_wconf 75' lang='grc' dir='ltr'>μέλλοντα</span> <span class='ocrx_word' id='word_1_412' title='bbox 433 1484 530 1524; x_wconf 89' lang='grc' dir='ltr'>χρόνον</span> <span class='ocrx_word' id='word_1_413' title='bbox 565 1484 618 1512; x_wconf 79' lang='grc' dir='ltr'><strong>ἀπὸ</strong></span> <span class='ocrx_word' id='word_1_414' title='bbox 653 1487 793 1523; x_wconf 61' lang='grc' dir='ltr'>προσφὲτου</span> 
     </span>
    </p>
   </div>
   <div class='ocr_carea' id='block_1_62' title="bbox 963 1479 1722 1524">
    <p class='ocr_par' dir='ltr' id='par_1_62' title="bbox 963 1479 1722 1522">
     <span class='ocr_line' id='line_1_62' title="bbox 963 1479 1722 1522; baseline 0.005 -13"><span class='ocrx_word' id='word_1_415' title='bbox 963 1489 997 1509; x_wconf 87' lang='lat' dir='ltr'><strong>ue</strong></span> <span class='ocrx_word' id='word_1_416' title='bbox 1009 1479 1158 1510; x_wconf 80' lang='lat' dir='ltr'><strong>translatio</strong></span> <span class='ocrx_word' id='word_1_417' title='bbox 1175 1483 1249 1510; x_wconf 85' lang='lat' dir='ltr'><strong>sacri</strong></span> <span class='ocrx_word' id='word_1_418' title='bbox 1267 1480 1392 1520; x_wconf 86' lang='lat' dir='ltr'><strong>alicujus</strong></span> <span class='ocrx_word' id='word_1_419' title='bbox 1406 1482 1577 1512; x_wconf 83' lang='lat' dir='ltr'><strong>monasterii</strong></span> <span class='ocrx_word' id='word_1_420' title='bbox 1593 1491 1722 1522; x_wconf 89' lang='lat' dir='ltr'><strong>aperso-</strong></span> 
     </span>
    </p>
   </div>
   <div class='ocr_carea' id='block_1_63' title="bbox 33 1528 858 1568">
    <p class='ocr_par' dir='ltr' id='par_1_63' title="bbox 33 1528 858 1568">
     <span class='ocr_line' id='line_1_63' title="bbox 33 1528 858 1568; baseline -0.001 -11"><span class='ocrx_word' id='word_1_421' title='bbox 33 1530 178 1568; x_wconf 82' lang='grc' dir='ltr'>πρόσωπον</span> <span class='ocrx_word' id='word_1_422' title='bbox 219 1530 286 1568; x_wconf 82' lang='grc' dir='ltr'>ἱεροῦ</span> <span class='ocrx_word' id='word_1_423' title='bbox 328 1529 526 1568; x_wconf 73' lang='grc' dir='ltr'>φρυντιστηρίου</span> <span class='ocrx_word' id='word_1_424' title='bbox 576 1528 796 1568; x_wconf 81' lang='grc' dir='ltr'>πλημμεληθείη,</span> <span class='ocrx_word' id='word_1_425' title='bbox 839 1528 858 1562; x_wconf 71' lang='grc' dir='ltr'>ἢ</span> 
     </span>
    </p>
   </div>
   <div class='ocr_carea' id='block_1_64' title="bbox 32 1571 856 1612">
    <p class='ocr_par' dir='ltr' id='par_1_64' title="bbox 32 1571 856 1612">
     <span class='ocr_line' id='line_1_64' title="bbox 32 1571 856 1612; baseline -0.001 -11"><span class='ocrx_word' id='word_1_426' title='bbox 32 1573 222 1612; x_wconf 75' lang='grc' dir='ltr'>ἂπεμπόλησις</span> <span class='ocrx_word' id='word_1_427' title='bbox 252 1573 339 1611; x_wconf 84' lang='grc' dir='ltr'>(τοῦτο</span> <span class='ocrx_word' id='word_1_428' title='bbox 373 1571 395 1600; x_wconf 85' lang='grc' dir='ltr'>δ’</span> <span class='ocrx_word' id='word_1_429' title='bbox 424 1573 538 1612; x_wconf 77' lang='grc' dir='ltr'>αἰσχύνη</span> <span class='ocrx_word' id='word_1_430' title='bbox 575 1573 619 1601; x_wconf 79' lang='grc' dir='ltr'><strong>καὶ</strong></span> <span class='ocrx_word' id='word_1_431' title='bbox 646 1572 856 1612; x_wconf 73' lang='grc' dir='ltr'>ὑπολογίζεσθαι,</span> 
     </span>
    </p>
   </div>
   <div class='ocr_carea' id='block_1_65' title="bbox 34 1616 857 1656">
    <p class='ocr_par' dir='ltr' id='par_1_65' title="bbox 34 1616 857 1656">
     <span class='ocr_line' id='line_1_65' title="bbox 34 1616 857 1656; baseline -0.002 -10"><span class='ocrx_word' id='word_1_432' title='bbox 34 1618 70 1655; x_wconf 72' lang='grc' dir='ltr'><strong>μή</strong></span> <span class='ocrx_word' id='word_1_433' title='bbox 93 1629 120 1646; x_wconf 82' lang='grc' dir='ltr'><strong>τι</strong></span> <span class='ocrx_word' id='word_1_434' title='bbox 134 1616 280 1656; x_wconf 77' lang='grc' dir='ltr'>λέγεινκαὶ</span> <span class='ocrx_word' id='word_1_435' title='bbox 308 1619 437 1645; x_wconf 78' lang='grc' dir='ltr'>πιστεύειν</span> <span class='ocrx_word' id='word_1_436' title='bbox 464 1617 564 1656; x_wconf 70' lang='grc' dir='ltr'>γραφῇ)</span> <span class='ocrx_word' id='word_1_437' title='bbox 595 1617 663 1654; x_wconf 84' lang='grc' dir='ltr'>μήτε</span> <span class='ocrx_word' id='word_1_438' title='bbox 685 1616 739 1654; x_wconf 75' lang='grc' dir='ltr'>μὴν</span> <span class='ocrx_word' id='word_1_439' title='bbox 764 1628 857 1655; x_wconf 82' lang='grc' dir='ltr'>γυναι-</span> 
     </span>
    </p>
   </div>
   <div class='ocr_carea' id='block_1_66' title="bbox 34 1660 858 1700">
    <p class='ocr_par' dir='ltr' id='par_1_66' title="bbox 34 1660 858 1700">
     <span class='ocr_line' id='line_1_66' title="bbox 34 1660 858 1700; baseline -0.002 -10"><span class='ocrx_word' id='word_1_440' title='bbox 34 1663 111 1690; x_wconf 74' lang='grc' dir='ltr'>κείων</span> <span class='ocrx_word' id='word_1_441' title='bbox 152 1660 241 1700; x_wconf 75' lang='grc' dir='ltr'>ἄνδρες</span> <span class='ocrx_word' id='word_1_442' title='bbox 284 1662 410 1699; x_wconf 82' lang='grc' dir='ltr'>σεμνείων</span> <span class='ocrx_word' id='word_1_443' title='bbox 451 1661 631 1698; x_wconf 77' lang='grc' dir='ltr'>ἐπιστατοῖεν,</span> <span class='ocrx_word' id='word_1_444' title='bbox 674 1661 692 1694; x_wconf 70' lang='grc' dir='ltr'><strong>ἢ</strong></span> <span class='ocrx_word' id='word_1_445' title='bbox 734 1667 858 1699; x_wconf 81' lang='grc' dir='ltr'>γυναῖκες</span> 
     </span>
    </p>
   </div>
   <div class='ocr_carea' id='block_1_67' title="bbox 35 1704 857 1745">
    <p class='ocr_par' dir='ltr' id='par_1_67' title="bbox 35 1704 857 1745">
     <span class='ocr_line' id='line_1_67' title="bbox 35 1704 857 1745; baseline -0.002 -11"><span class='ocrx_word' id='word_1_446' title='bbox 35 1705 158 1745; x_wconf 58' lang='grc' dir='ltr'>αιδρῴων</span> <span class='ocrx_word' id='word_1_447' title='bbox 185 1707 366 1745; x_wconf 71' lang='grc' dir='ltr'>προΐσταιντο,</span> <span class='ocrx_word' id='word_1_448' title='bbox 396 1706 426 1734; x_wconf 80' lang='grc' dir='ltr'>τὸ</span> <span class='ocrx_word' id='word_1_449' title='bbox 454 1706 537 1745; x_wconf 75' lang='grc' dir='ltr'>παρὸν</span> <span class='ocrx_word' id='word_1_450' title='bbox 557 1706 701 1744; x_wconf 80' lang='grc' dir='ltr'>ὑπόμνημα</span> <span class='ocrx_word' id='word_1_451' title='bbox 728 1704 830 1738; x_wconf 77' lang='grc' dir='ltr'><strong>ἐξετέθη</strong></span> <span class='ocrx_word' id='word_1_452' title='bbox 846 1713 857 1724; x_wconf 86' lang='grc'>⁶</span> 
     </span>
    </p>
   </div>
   <div class='ocr_carea' id='block_1_68' title="bbox 31 1749 855 1790">
    <p class='ocr_par' dir='ltr' id='par_1_68' title="bbox 31 1749 855 1790">
     <span class='ocr_line' id='line_1_68' title="bbox 31 1749 855 1790; baseline -0.001 -12"><span class='ocrx_word' id='word_1_453' title='bbox 31 1752 94 1790; x_wconf 77' lang='grc' dir='ltr'>πρὸς</span> <span class='ocrx_word' id='word_1_454' title='bbox 116 1757 176 1782; x_wconf 86' lang='grc' dir='ltr'>τοῖς</span> <span class='ocrx_word' id='word_1_455' title='bbox 198 1750 347 1789; x_wconf 80' lang='grc' dir='ltr'>εἰρημένοις</span> <span class='ocrx_word' id='word_1_456' title='bbox 383 1749 421 1778; x_wconf 74' lang='grc' dir='ltr'>ἔτι</span> <span class='ocrx_word' id='word_1_457' title='bbox 450 1751 494 1778; x_wconf 84' lang='grc' dir='ltr'><strong>καὶ</strong></span> <span class='ocrx_word' id='word_1_458' title='bbox 522 1753 609 1778; x_wconf 82' lang='grc' dir='ltr'>πᾶσαν</span> <span class='ocrx_word' id='word_1_459' title='bbox 637 1749 737 1778; x_wconf 76' lang='grc' dir='ltr'>ἔκδοσιν</span> <span class='ocrx_word' id='word_1_460' title='bbox 767 1761 855 1789; x_wconf 83' lang='grc' dir='ltr'>παρα-</span> 
     </span>
    </p>
   </div>
   <div class='ocr_carea' id='block_1_69' title="bbox 31 1794 855 1834">
    <p class='ocr_par' dir='ltr' id='par_1_69' title="bbox 31 1794 855 1834">
     <span class='ocr_line' id='line_1_69' title="bbox 31 1794 855 1834; baseline -0.001 -12"><span class='ocrx_word' id='word_1_461' title='bbox 31 1794 143 1834; x_wconf 75' lang='grc' dir='ltr'>λαυρίων</span> <span class='ocrx_word' id='word_1_462' title='bbox 179 1805 208 1822; x_wconf 82' lang='grc' dir='ltr'><strong>τε</strong></span> <span class='ocrx_word' id='word_1_463' title='bbox 236 1795 279 1822; x_wconf 82' lang='grc' dir='ltr'><strong>καὶ</strong></span> <span class='ocrx_word' id='word_1_464' title='bbox 306 1795 382 1833; x_wconf 81' lang='grc' dir='ltr'>ἱερῶν</span> <span class='ocrx_word' id='word_1_465' title='bbox 416 1794 633 1834; x_wconf 72' lang='grc' dir='ltr'>φροντιστηρίων,</span> <span class='ocrx_word' id='word_1_466' title='bbox 669 1795 713 1821; x_wconf 85' lang='grc' dir='ltr'><strong>καὶ</strong></span> <span class='ocrx_word' id='word_1_467' title='bbox 749 1794 855 1831; x_wconf 78' lang='grc' dir='ltr'>κτημά-</span> 
     </span>
    </p>
   </div>
   <div class='ocr_carea' id='block_1_70' title="bbox 31 1838 856 1879">
    <p class='ocr_par' dir='ltr' id='par_1_70' title="bbox 31 1838 856 1879">
     <span class='ocr_line' id='line_1_70' title="bbox 31 1838 856 1879; baseline -0.002 -12"><span class='ocrx_word' id='word_1_468' title='bbox 31 1850 94 1879; x_wconf 86' lang='grc' dir='ltr'>των,</span> <span class='ocrx_word' id='word_1_469' title='bbox 133 1840 178 1867; x_wconf 84' lang='grc' dir='ltr'><strong>καὶ</strong></span> <span class='ocrx_word' id='word_1_470' title='bbox 204 1839 302 1867; x_wconf 79' lang='grc' dir='ltr'>τοπίων</span> <span class='ocrx_word' id='word_1_471' title='bbox 337 1838 428 1870; x_wconf 82' lang='grc' dir='ltr'>ἁπλῶς</span> <span class='ocrx_word' id='word_1_472' title='bbox 452 1839 495 1866; x_wconf 82' lang='grc' dir='ltr'><strong>καὶ</strong></span> <span class='ocrx_word' id='word_1_473' title='bbox 524 1838 701 1878; x_wconf 76' lang='grc' dir='ltr'>ἀμπελώνων,</span> <span class='ocrx_word' id='word_1_474' title='bbox 730 1838 789 1871; x_wconf 74' lang='grc' dir='ltr'>ἥτις</span> <span class='ocrx_word' id='word_1_475' title='bbox 818 1838 856 1876; x_wconf 71' lang='grc' dir='ltr'>μὴ</span> 
     </span>
    </p>
   </div>
   <div class='ocr_carea' id='block_1_71' title="bbox 30 1882 856 1923">
    <p class='ocr_par' dir='ltr' id='par_1_71' title="bbox 30 1882 856 1923">
     <span class='ocr_line' id='line_1_71' title="bbox 30 1882 856 1923; baseline -0.001 -12"><span class='ocrx_word' id='word_1_476' title='bbox 30 1885 96 1912; x_wconf 77' lang='grc' dir='ltr'>κατὰ</span> <span class='ocrx_word' id='word_1_477' title='bbox 132 1883 242 1923; x_wconf 78' lang='grc' dir='ltr'>γνώμην</span> <span class='ocrx_word' id='word_1_478' title='bbox 277 1883 485 1923; x_wconf 78' lang='grc' dir='ltr'>πατριαρχικὴν,</span> <span class='ocrx_word' id='word_1_479' title='bbox 519 1883 537 1917; x_wconf 79' lang='grc' dir='ltr'>ἢ</span> <span class='ocrx_word' id='word_1_480' title='bbox 576 1882 680 1916; x_wconf 77' lang='grc' dir='ltr'>εἴδησιν</span> <span class='ocrx_word' id='word_1_481' title='bbox 722 1886 774 1910; x_wconf 82' lang='grc' dir='ltr'><strong>τῶν</strong></span> <span class='ocrx_word' id='word_1_482' title='bbox 812 1886 856 1911; x_wconf 85' lang='grc' dir='ltr'>τοῦ</span> 
     </span>
    </p>
   </div>
   <div class='ocr_carea' id='block_1_72' title="bbox 31 1926 853 1968">
    <p class='ocr_par' dir='ltr' id='par_1_72' title="bbox 31 1926 853 1968">
     <span class='ocr_line' id='line_1_72' title="bbox 31 1926 853 1968; baseline -0.002 -12"><span class='ocrx_word' id='word_1_483' title='bbox 31 1929 155 1968; x_wconf 83' lang='grc' dir='ltr'>σεκρέτου</span> <span class='ocrx_word' id='word_1_484' title='bbox 208 1931 253 1956; x_wconf 85' lang='grc' dir='ltr'>τοῦ</span> <span class='ocrx_word' id='word_1_485' title='bbox 309 1929 415 1966; x_wconf 78' lang='grc' dir='ltr'>εὖαγοῦς</span> <span class='ocrx_word' id='word_1_486' title='bbox 465 1927 691 1968; x_wconf 75' lang='grc' dir='ltr'>χαρτοφυλακείου</span> <span class='ocrx_word' id='word_1_487' title='bbox 743 1926 853 1965; x_wconf 78' lang='grc' dir='ltr'>προέϐη,</span> 
     </span>
    </p>
   </div>
   <div class='ocr_carea' id='block_1_73' title="bbox 31 1971 854 2012">
    <p class='ocr_par' dir='ltr' id='par_1_73' title="bbox 31 1971 854 2012">
     <span class='ocr_line' id='line_1_73' title="bbox 31 1971 854 2012; baseline -0.001 -12"><span class='ocrx_word' id='word_1_488' title='bbox 31 1973 181 2012; x_wconf 69' lang='grc' dir='ltr'>ἁναργύρως</span> <span class='ocrx_word' id='word_1_489' title='bbox 218 1971 364 2011; x_wconf 81' lang='grc' dir='ltr'>ὰνατρέπον</span> <span class='ocrx_word' id='word_1_490' title='bbox 397 1973 442 2000; x_wconf 86' lang='grc' dir='ltr'><strong>καὶ</strong></span> <span class='ocrx_word' id='word_1_491' title='bbox 484 1972 606 2010; x_wconf 79' lang='grc' dir='ltr'>ἀκυροῦν.</span> <span class='ocrx_word' id='word_1_492' title='bbox 651 1971 725 2000; x_wconf 68' lang='grc' dir='ltr'>Οῧτω</span> <span class='ocrx_word' id='word_1_493' title='bbox 752 1971 854 2009; x_wconf 81' lang='grc' dir='ltr'>μέντοι,</span> 
     </span>
    </p>
   </div>
   <div class='ocr_carea' id='block_1_74' title="bbox 31 2016 856 2055">
    <p class='ocr_par' dir='ltr' id='par_1_74' title="bbox 31 2016 856 2055">
     <span class='ocr_line' id='line_1_74' title="bbox 31 2016 856 2055; baseline -0.004 -9"><span class='ocrx_word' id='word_1_494' title='bbox 31 2018 97 2046; x_wconf 76' lang='grc' dir='ltr'>ὥστε</span> <span class='ocrx_word' id='word_1_495' title='bbox 126 2017 257 2055; x_wconf 82' lang='grc' dir='ltr'>μηδεμίαν</span> <span class='ocrx_word' id='word_1_496' title='bbox 285 2016 404 2045; x_wconf 55' lang='lat' dir='ltr'><strong>ituram“</strong></span> <span class='ocrx_word' id='word_1_497' title='bbox 428 2017 525 2054; x_wconf 80' lang='grc' dir='ltr'>ζημίαν</span> <span class='ocrx_word' id='word_1_498' title='bbox 559 2017 592 2044; x_wconf 78' lang='grc' dir='ltr'>τὰ</span> <span class='ocrx_word' id='word_1_499' title='bbox 627 2017 709 2054; x_wconf 78' lang='grc' dir='ltr'>εὐαγῆ</span> <span class='ocrx_word' id='word_1_500' title='bbox 745 2023 856 2053; x_wconf 83' lang='grc' dir='ltr'>σεμνεῖα</span> 
     </span>
    </p>
   </div>
   <div class='ocr_carea' id='block_1_75' title="bbox 32 2059 855 2101">
    <p class='ocr_par' dir='ltr' id='par_1_75' title="bbox 32 2059 855 2101">
     <span class='ocr_line' id='line_1_75' title="bbox 32 2059 855 2101; baseline -0.002 -11"><span class='ocrx_word' id='word_1_501' title='bbox 32 2063 185 2101; x_wconf 60' lang='grc' dir='ltr'>ὗῖδίστασθαι</span> <span class='ocrx_word' id='word_1_502' title='bbox 202 2071 208 2077; x_wconf 91' lang='grc'><strong>·</strong></span> <span class='ocrx_word' id='word_1_503' title='bbox 239 2059 298 2089; x_wconf 81' lang='grc' dir='ltr'>ἀλλ’</span> <span class='ocrx_word' id='word_1_504' title='bbox 325 2062 417 2093; x_wconf 78' lang='grc' dir='ltr'>αὐτοὺς</span> <span class='ocrx_word' id='word_1_505' title='bbox 446 2061 559 2092; x_wconf 79' lang='grc' dir='ltr'>ἐκείνους</span> <span class='ocrx_word' id='word_1_506' title='bbox 581 2061 642 2092; x_wconf 82' lang='grc' dir='ltr'>τοὺς</span> <span class='ocrx_word' id='word_1_507' title='bbox 665 2059 855 2100; x_wconf 78' lang='grc' dir='ltr'>ἐκδεδωκότας,</span> 
     </span>
    </p>
   </div>
   <div class='ocr_carea' id='block_1_76' title="bbox 33 2103 854 2145">
    <p class='ocr_par' dir='ltr' id='par_1_76' title="bbox 33 2103 854 2145">
     <span class='ocr_line' id='line_1_76' title="bbox 33 2103 854 2145; baseline -0.002 -11"><span class='ocrx_word' id='word_1_508' title='bbox 33 2107 137 2134; x_wconf 76' lang='grc' dir='ltr'>οἴκοθεν</span> <span class='ocrx_word' id='word_1_509' title='bbox 165 2106 263 2139; x_wconf 73' lang='grc' dir='ltr'>ταύτην</span> <span class='ocrx_word' id='word_1_510' title='bbox 288 2105 482 2145; x_wconf 65' lang='grc' dir='ltr'>ἕπιγινιίπκειν,</span> <span class='ocrx_word' id='word_1_511' title='bbox 505 2106 550 2134; x_wconf 87' lang='grc' dir='ltr'>καὶ</span> <span class='ocrx_word' id='word_1_512' title='bbox 571 2106 635 2144; x_wconf 82' lang='grc' dir='ltr'>πρὸς</span> <span class='ocrx_word' id='word_1_513' title='bbox 669 2105 714 2136; x_wconf 74' lang='grc' dir='ltr'><strong>οὒς</strong></span> <span class='ocrx_word' id='word_1_514' title='bbox 743 2103 854 2132; x_wconf 82' lang='grc' dir='ltr'>ἐκδεδώ-</span> 
     </span>
    </p>
   </div>
   <div class='ocr_carea' id='block_1_77' title="bbox 901 1523 1724 1567">
    <p class='ocr_par' dir='ltr' id='par_1_77' title="bbox 901 1523 1724 1567">
     <span class='ocr_line' id='line_1_77' title="bbox 901 1523 1724 1567; baseline 0.007 -15"><span class='ocrx_word' id='word_1_515' title='bbox 901 1523 977 1552; x_wconf 84' lang='lat' dir='ltr'><strong>nain</strong></span> <span class='ocrx_word' id='word_1_516' title='bbox 995 1533 1152 1563; x_wconf 88' lang='lat' dir='ltr'><strong>personam</strong></span> <span class='ocrx_word' id='word_1_517' title='bbox 1176 1524 1388 1565; x_wconf 87' lang='lat' dir='ltr'><strong>committatur,</strong></span> <span class='ocrx_word' id='word_1_518' title='bbox 1415 1529 1463 1555; x_wconf 91' lang='lat' dir='ltr'><strong>aut</strong></span> <span class='ocrx_word' id='word_1_519' title='bbox 1479 1525 1607 1556; x_wconf 89' lang='lat' dir='ltr'><strong>venditio</strong></span> <span class='ocrx_word' id='word_1_520' title='bbox 1632 1527 1724 1567; x_wconf 89' lang='lat' dir='ltr'><strong>(quod</strong></span> 
     </span>
    </p>
   </div>
   <div class='ocr_carea' id='block_1_78' title="bbox 898 1567 1723 1611">
    <p class='ocr_par' dir='ltr' id='par_1_78' title="bbox 898 1567 1723 1611">
     <span class='ocr_line' id='line_1_78' title="bbox 898 1567 1723 1611; baseline 0.005 -14"><span class='ocrx_word' id='word_1_521' title='bbox 898 1567 942 1597; x_wconf 86' lang='lat' dir='ltr'><strong>vel</strong></span> <span class='ocrx_word' id='word_1_522' title='bbox 959 1567 1085 1606; x_wconf 76' lang='lat' dir='ltr'><strong>cogitatu</strong></span> <span class='ocrx_word' id='word_1_523' title='bbox 1101 1572 1188 1608; x_wconf 89' lang='lat' dir='ltr'><strong>turpe</strong></span> <span class='ocrx_word' id='word_1_524' title='bbox 1204 1568 1304 1605; x_wconf 79' lang='lat' dir='ltr'><strong>fuerit,</strong></span> <span class='ocrx_word' id='word_1_525' title='bbox 1322 1570 1430 1600; x_wconf 88' lang='lat' dir='ltr'><strong>nedum</strong></span> <span class='ocrx_word' id='word_1_526' title='bbox 1447 1575 1478 1600; x_wconf 83' lang='lat' dir='ltr'><strong>ut</strong></span> <span class='ocrx_word' id='word_1_527' title='bbox 1505 1570 1632 1611; x_wconf 80' lang='lat' dir='ltr'><strong>dicatur,</strong></span> <span class='ocrx_word' id='word_1_528' title='bbox 1649 1575 1679 1602; x_wconf 88' lang='lat' dir='ltr'><strong>et</strong></span> <span class='ocrx_word' id='word_1_529' title='bbox 1694 1571 1723 1601; x_wconf 92' lang='lat' dir='ltr'><strong>in</strong></span> 
     </span>
    </p>
   </div>
   <div class='ocr_carea' id='block_1_79' title="bbox 899 1611 1723 1653">
    <p class='ocr_par' dir='ltr' id='par_1_79' title="bbox 899 1611 1723 1653">
     <span class='ocr_line' id='line_1_79' title="bbox 899 1611 1723 1653; baseline 0.006 -12"><span class='ocrx_word' id='word_1_530' title='bbox 899 1611 1010 1642; x_wconf 86' lang='lat' dir='ltr'><strong>litteras</strong></span> <span class='ocrx_word' id='word_1_531' title='bbox 1026 1613 1195 1652; x_wconf 85' lang='lat' dir='ltr'><strong>referatur),</strong></span> <span class='ocrx_word' id='word_1_532' title='bbox 1222 1622 1319 1653; x_wconf 87' lang='lat' dir='ltr'><strong>neque</strong></span> <span class='ocrx_word' id='word_1_533' title='bbox 1335 1613 1390 1643; x_wconf 90' lang='lat' dir='ltr'><strong>viri</strong></span> <span class='ocrx_word' id='word_1_534' title='bbox 1406 1613 1582 1645; x_wconf 90' lang='lat' dir='ltr'><strong>mulieribus</strong></span> <span class='ocrx_word' id='word_1_535' title='bbox 1610 1615 1723 1646; x_wconf 84' lang='lat' dir='ltr'><strong>scholis</strong></span> 
     </span>
    </p>
   </div>
   <div class='ocr_carea' id='block_1_80' title="bbox 899 1655 1725 1699">
    <p class='ocr_par' dir='ltr' id='par_1_80' title="bbox 899 1655 1725 1699">
     <span class='ocr_line' id='line_1_80' title="bbox 899 1655 1725 1699; baseline 0.006 -14"><span class='ocrx_word' id='word_1_536' title='bbox 899 1655 1059 1686; x_wconf 88' lang='lat' dir='ltr'><strong>honestatis</strong></span> <span class='ocrx_word' id='word_1_537' title='bbox 1069 1657 1201 1696; x_wconf 68' lang='lat' dir='ltr'><strong>prmsint,</strong></span> <span class='ocrx_word' id='word_1_538' title='bbox 1216 1662 1264 1687; x_wconf 93' lang='lat' dir='ltr'><strong>aut</strong></span> <span class='ocrx_word' id='word_1_539' title='bbox 1275 1657 1409 1688; x_wconf 89' lang='lat' dir='ltr'><strong>virilibus</strong></span> <span class='ocrx_word' id='word_1_540' title='bbox 1420 1658 1563 1689; x_wconf 87' lang='lat' dir='ltr'><strong>mulieres</strong></span> <span class='ocrx_word' id='word_1_541' title='bbox 1573 1667 1579 1689; x_wconf 75' lang='grc' dir='ltr'>ί</span> <span class='ocrx_word' id='word_1_542' title='bbox 1594 1668 1725 1699; x_wconf 73' lang='lat' dir='ltr'><strong>praesens</strong></span> 
     </span>
    </p>
   </div>
   <div class='ocr_carea' id='block_1_81' title="bbox 900 1699 1725 1742">
    <p class='ocr_par' dir='ltr' id='par_1_81' title="bbox 900 1699 1725 1742">
     <span class='ocr_line' id='line_1_81' title="bbox 900 1699 1725 1742; baseline 0.005 -12"><span class='ocrx_word' id='word_1_543' title='bbox 900 1699 955 1730; x_wconf 89' lang='lat' dir='ltr'><strong>hoc</strong></span> <span class='ocrx_word' id='word_1_544' title='bbox 970 1705 1192 1731; x_wconf 88' lang='lat' dir='ltr'><strong>monumentum</strong></span> <span class='ocrx_word' id='word_1_545' title='bbox 1210 1701 1375 1741; x_wconf 86' lang='lat' dir='ltr'><strong>expositum</strong></span> <span class='ocrx_word' id='word_1_546' title='bbox 1391 1706 1446 1739; x_wconf 87' lang='lat' dir='ltr'><strong>est,</strong></span> <span class='ocrx_word' id='word_1_547' title='bbox 1473 1703 1548 1742; x_wconf 92' lang='lat' dir='ltr'><strong>quod</strong></span> <span class='ocrx_word' id='word_1_548' title='bbox 1567 1708 1675 1742; x_wconf 55' lang='lat' dir='ltr'><strong>praeter</strong></span> <span class='ocrx_word' id='word_1_549' title='bbox 1690 1713 1725 1734; x_wconf 89' lang='lat' dir='ltr'><strong>ea</strong></span> 
     </span>
    </p>
   </div>
   <div class='ocr_carea' id='block_1_82' title="bbox 898 1744 1723 1787">
    <p class='ocr_par' dir='ltr' id='par_1_82' title="bbox 898 1744 1723 1787">
     <span class='ocr_line' id='line_1_82' title="bbox 898 1744 1723 1787; baseline 0.005 -13"><span class='ocrx_word' id='word_1_550' title='bbox 898 1753 961 1784; x_wconf 68' lang='lat' dir='ltr'><strong>quae</strong></span> <span class='ocrx_word' id='word_1_551' title='bbox 977 1744 1054 1775; x_wconf 84' lang='lat' dir='ltr'><strong>dicta</strong></span> <span class='ocrx_word' id='word_1_552' title='bbox 1068 1749 1146 1782; x_wconf 88' lang='lat' dir='ltr'><strong>sunt,</strong></span> <span class='ocrx_word' id='word_1_553' title='bbox 1160 1745 1246 1775; x_wconf 87' lang='lat' dir='ltr'><strong>etiam</strong></span> <span class='ocrx_word' id='word_1_554' title='bbox 1264 1755 1383 1776; x_wconf 88' lang='lat' dir='ltr'><strong>omnem</strong></span> <span class='ocrx_word' id='word_1_555' title='bbox 1394 1746 1570 1777; x_wconf 84' lang='lat' dir='ltr'><strong>locationem</strong></span> <span class='ocrx_word' id='word_1_556' title='bbox 1585 1748 1723 1787; x_wconf 85' lang='lat' dir='ltr'><strong>paralau-</strong></span> 
     </span>
    </p>
   </div>
   <div class='ocr_carea' id='block_1_83' title="bbox 898 1787 1722 1830">
    <p class='ocr_par' dir='ltr' id='par_1_83' title="bbox 898 1787 1722 1830">
     <span class='ocr_line' id='line_1_83' title="bbox 898 1787 1722 1830; baseline 0.006 -13"><span class='ocrx_word' id='word_1_557' title='bbox 898 1787 1010 1818; x_wconf 89' lang='lat' dir='ltr'><strong>riorum</strong></span> <span class='ocrx_word' id='word_1_558' title='bbox 1037 1792 1066 1819; x_wconf 88' lang='lat' dir='ltr'><strong>et</strong></span> <span class='ocrx_word' id='word_1_559' title='bbox 1080 1798 1231 1819; x_wconf 89' lang='lat' dir='ltr'><strong>sacrorutn</strong></span> <span class='ocrx_word' id='word_1_560' title='bbox 1263 1790 1520 1827; x_wconf 86' lang='lat' dir='ltr'><strong>monasteriorum,</strong></span> <span class='ocrx_word' id='word_1_561' title='bbox 1550 1795 1578 1820; x_wconf 90' lang='lat' dir='ltr'><strong>et</strong></span> <span class='ocrx_word' id='word_1_562' title='bbox 1594 1791 1722 1830; x_wconf 60' lang='lat' dir='ltr'><strong>praedio-</strong></span> 
     </span>
    </p>
   </div>
   <div class='ocr_carea' id='block_1_84' title="bbox 897 1833 1723 1876">
    <p class='ocr_par' dir='ltr' id='par_1_84' title="bbox 897 1833 1723 1876">
     <span class='ocr_line' id='line_1_84' title="bbox 897 1833 1723 1876; baseline 0.005 -14"><span class='ocrx_word' id='word_1_563' title='bbox 897 1841 976 1868; x_wconf 89' lang='lat' dir='ltr'><strong>rum,</strong></span> <span class='ocrx_word' id='word_1_564' title='bbox 990 1836 1019 1863; x_wconf 85' lang='lat' dir='ltr'><strong>et</strong></span> <span class='ocrx_word' id='word_1_565' title='bbox 1033 1833 1192 1864; x_wconf 80' lang='lat' dir='ltr'><strong>fundorum</strong></span> <span class='ocrx_word' id='word_1_566' title='bbox 1209 1833 1394 1873; x_wconf 83' lang='lat' dir='ltr'><strong>simpliciter,</strong></span> <span class='ocrx_word' id='word_1_567' title='bbox 1424 1843 1458 1864; x_wconf 91' lang='lat' dir='ltr'><strong>ac</strong></span> <span class='ocrx_word' id='word_1_568' title='bbox 1472 1834 1639 1871; x_wconf 83' lang='lat' dir='ltr'><strong>vinearum,</strong></span> <span class='ocrx_word' id='word_1_569' title='bbox 1656 1845 1723 1876; x_wconf 64' lang='lat' dir='ltr'><strong>qua:</strong></span> 
     </span>
    </p>
   </div>
   <div class='ocr_carea' id='block_1_85' title="bbox 898 1877 1723 1921">
    <p class='ocr_par' dir='ltr' id='par_1_85' title="bbox 898 1877 1723 1921">
     <span class='ocr_line' id='line_1_85' title="bbox 898 1877 1723 1921; baseline 0.005 -13"><span class='ocrx_word' id='word_1_570' title='bbox 898 1877 936 1908; x_wconf 92' lang='lat' dir='ltr'><strong>de</strong></span> <span class='ocrx_word' id='word_1_571' title='bbox 951 1878 1099 1909; x_wconf 88' lang='lat' dir='ltr'><strong>sententia</strong></span> <span class='ocrx_word' id='word_1_572' title='bbox 1129 1879 1316 1918; x_wconf 82' lang='lat' dir='ltr'><strong>patriarchae,</strong></span> <span class='ocrx_word' id='word_1_573' title='bbox 1343 1888 1379 1909; x_wconf 87' lang='lat' dir='ltr'><strong>ac</strong></span> <span class='ocrx_word' id='word_1_574' title='bbox 1408 1879 1572 1910; x_wconf 91' lang='lat' dir='ltr'><strong>scientibus</strong></span> <span class='ocrx_word' id='word_1_575' title='bbox 1599 1880 1645 1921; x_wconf 87' lang='lat' dir='ltr'><strong>iis,</strong></span> <span class='ocrx_word' id='word_1_576' title='bbox 1671 1881 1723 1921; x_wconf 90' lang='lat' dir='ltr'><strong>qui</strong></span> 
     </span>
    </p>
   </div>
   <div class='ocr_carea' id='block_1_86' title="bbox 898 1922 1723 1964">
    <p class='ocr_par' dir='ltr' id='par_1_86' title="bbox 898 1922 1723 1964">
     <span class='ocr_line' id='line_1_86' title="bbox 898 1922 1723 1964; baseline 0.004 -12"><span class='ocrx_word' id='word_1_577' title='bbox 898 1923 1057 1953; x_wconf 87' lang='lat' dir='ltr'><strong>secretario</strong></span> <span class='ocrx_word' id='word_1_578' title='bbox 1073 1922 1249 1953; x_wconf 81' lang='lat' dir='ltr'><strong>venerabilis</strong></span> <span class='ocrx_word' id='word_1_579' title='bbox 1263 1922 1366 1953; x_wconf 88' lang='lat' dir='ltr'><strong>scrinii</strong></span> <span class='ocrx_word' id='word_1_580' title='bbox 1381 1927 1587 1963; x_wconf 62' lang='lat' dir='ltr'><strong>praesuntmon</strong></span> <span class='ocrx_word' id='word_1_581' title='bbox 1603 1933 1723 1964; x_wconf 89' lang='lat' dir='ltr'><strong>proces-</strong></span> 
     </span>
    </p>
   </div>
   <div class='ocr_carea' id='block_1_87' title="bbox 898 1965 1722 2007">
    <p class='ocr_par' dir='ltr' id='par_1_87' title="bbox 898 1965 1722 2007">
     <span class='ocr_line' id='line_1_87' title="bbox 898 1965 1722 2007; baseline 0.005 -11"><span class='ocrx_word' id='word_1_582' title='bbox 898 1965 935 1995; x_wconf 90' lang='lat' dir='ltr'><strong>sit</strong></span> <span class='ocrx_word' id='word_1_583' title='bbox 953 1975 959 1995; x_wconf 92' lang='lat'><strong>:</strong></span> <span class='ocrx_word' id='word_1_584' title='bbox 977 1966 1089 2007; x_wconf 87' lang='lat' dir='ltr'><strong>absque</strong></span> <span class='ocrx_word' id='word_1_585' title='bbox 1105 1967 1191 2007; x_wconf 88' lang='lat' dir='ltr'><strong>pretii</strong></span> <span class='ocrx_word' id='word_1_586' title='bbox 1207 1967 1396 1998; x_wconf 88' lang='lat' dir='ltr'><strong>restitutione</strong></span> <span class='ocrx_word' id='word_1_587' title='bbox 1413 1967 1555 1998; x_wconf 87' lang='lat' dir='ltr'><strong>rescindit</strong></span> <span class='ocrx_word' id='word_1_588' title='bbox 1570 1972 1598 1999; x_wconf 92' lang='lat' dir='ltr'><strong>et</strong></span> <span class='ocrx_word' id='word_1_589' title='bbox 1611 1968 1722 2001; x_wconf 87' lang='lat' dir='ltr'><strong>abolet.</strong></span> 
     </span>
    </p>
   </div>
   <div class='ocr_carea' id='block_1_88' title="bbox 897 2008 1720 2048">
    <p class='ocr_par' dir='ltr' id='par_1_88' title="bbox 897 2008 1720 2048">
     <span class='ocr_line' id='line_1_88' title="bbox 897 2008 1720 2048; baseline 0.006 -9"><span class='ocrx_word' id='word_1_590' title='bbox 897 2008 939 2040; x_wconf 87' lang='lat' dir='ltr'><strong>Ita</strong></span> <span class='ocrx_word' id='word_1_591' title='bbox 951 2014 1098 2048; x_wconf 88' lang='lat' dir='ltr'><strong>tamen,ut</strong></span> <span class='ocrx_word' id='word_1_592' title='bbox 1112 2011 1296 2042; x_wconf 87' lang='lat' dir='ltr'><strong>venerabiles</strong></span> <span class='ocrx_word' id='word_1_593' title='bbox 1311 2012 1476 2042; x_wconf 87' lang='lat' dir='ltr'><strong>honestatis</strong></span> <span class='ocrx_word' id='word_1_594' title='bbox 1490 2013 1599 2043; x_wconf 44' lang='lat' dir='ltr'><strong>schola).</strong></span> <span class='ocrx_word' id='word_1_595' title='bbox 1608 2013 1720 2044; x_wconf 90' lang='lat' dir='ltr'><strong>nullum</strong></span> 
     </span>
    </p>
   </div>
   <div class='ocr_carea' id='block_1_89' title="bbox 897 2055 1720 2094">
    <p class='ocr_par' dir='ltr' id='par_1_89' title="bbox 897 2055 1720 2094">
     <span class='ocr_line' id='line_1_89' title="bbox 897 2055 1720 2094; baseline 0.002 -7"><span class='ocrx_word' id='word_1_596' title='bbox 897 2057 967 2087; x_wconf 91' lang='lat' dir='ltr'><strong>inde</strong></span> <span class='ocrx_word' id='word_1_597' title='bbox 983 2055 1193 2086; x_wconf 88' lang='lat' dir='ltr'><strong>detrimentum</strong></span> <span class='ocrx_word' id='word_1_598' title='bbox 1210 2056 1384 2094; x_wconf 85' lang='lat' dir='ltr'><strong>sustineant,</strong></span> <span class='ocrx_word' id='word_1_599' title='bbox 1411 2057 1463 2087; x_wconf 87' lang='lat' dir='ltr'><strong>sed</strong></span> <span class='ocrx_word' id='word_1_600' title='bbox 1479 2060 1510 2086; x_wconf 90' lang='lat' dir='ltr'><strong>ut</strong></span> <span class='ocrx_word' id='word_1_601' title='bbox 1525 2057 1597 2088; x_wconf 91' lang='lat' dir='ltr'><strong>illud</strong></span> <span class='ocrx_word' id='word_1_602' title='bbox 1614 2058 1652 2089; x_wconf 92' lang='lat' dir='ltr'><strong>de</strong></span> <span class='ocrx_word' id='word_1_603' title='bbox 1668 2068 1720 2089; x_wconf 91' lang='lat' dir='ltr'><strong>suo</strong></span> 
     </span>
    </p>
   </div>
   <div class='ocr_carea' id='block_1_90' title="bbox 897 2100 1720 2142">
    <p class='ocr_par' dir='ltr' id='par_1_90' title="bbox 897 2100 1720 2142">
     <span class='ocr_line' id='line_1_90' title="bbox 897 2100 1720 2142; baseline 0.002 -11"><span class='ocrx_word' id='word_1_604' title='bbox 897 2101 1043 2132; x_wconf 89' lang='lat' dir='ltr'><strong>locatores</strong></span> <span class='ocrx_word' id='word_1_605' title='bbox 1060 2104 1221 2138; x_wconf 73' lang='lat' dir='ltr'><strong>agnoscant</strong></span> <span class='ocrx_word' id='word_1_606' title='bbox 1238 2104 1267 2131; x_wconf 88' lang='lat' dir='ltr'><strong>et</strong></span> <span class='ocrx_word' id='word_1_607' title='bbox 1288 2100 1486 2131; x_wconf 87' lang='lat' dir='ltr'><strong>conductores</strong></span> <span class='ocrx_word' id='word_1_608' title='bbox 1502 2112 1508 2129; x_wconf 89' lang='lat'><strong>:</strong></span> <span class='ocrx_word' id='word_1_609' title='bbox 1526 2101 1570 2132; x_wconf 90' lang='lat' dir='ltr'><strong>illi</strong></span> <span class='ocrx_word' id='word_1_610' title='bbox 1586 2103 1720 2142; x_wconf 87' lang='lat' dir='ltr'><strong>quidem,</strong></span> 
     </span>
    </p>
   </div>
   <div class='ocr_carea' id='block_1_91' title="bbox 34 2144 793 2190">
    <p class='ocr_par' dir='ltr' id='par_1_91' title="bbox 34 2149 793 2190">
     <span class='ocr_line' id='line_1_91' title="bbox 34 2149 793 2190; baseline -0.003 -11"><span class='ocrx_word' id='word_1_611' title='bbox 34 2163 106 2188; x_wconf 73' lang='grc' dir='ltr'>κισι,</span> <span class='ocrx_word' id='word_1_612' title='bbox 122 2151 183 2182; x_wconf 80' lang='grc' dir='ltr'>τοὺς</span> <span class='ocrx_word' id='word_1_613' title='bbox 198 2151 259 2188; x_wconf 79' lang='grc' dir='ltr'>μὲν,</span> <span class='ocrx_word' id='word_1_614' title='bbox 282 2151 316 2182; x_wconf 84' lang='grc' dir='ltr'><strong>ὡς</strong></span> <span class='ocrx_word' id='word_1_615' title='bbox 333 2149 464 2190; x_wconf 77' lang='grc' dir='ltr'>δολεροὺς,</span> <span class='ocrx_word' id='word_1_616' title='bbox 489 2151 533 2180; x_wconf 76' lang='grc' dir='ltr'><strong>καὶ</strong></span> <span class='ocrx_word' id='word_1_617' title='bbox 560 2149 576 2178; x_wconf 79' lang='grc' dir='ltr'>ἃ</span> <span class='ocrx_word' id='word_1_618' title='bbox 604 2150 642 2186; x_wconf 80' lang='grc' dir='ltr'>μὴ</span> <span class='ocrx_word' id='word_1_619' title='bbox 670 2149 793 2188; x_wconf 62' lang='grc' dir='ltr'>ἐπετράπη</span> 
     </span>
    </p>
   </div>
   <div class='ocr_carea' id='block_1_92' title="bbox 960 2144 1719 2190">
    <p class='ocr_par' dir='ltr' id='par_1_92' title="bbox 960 2144 1719 2184">
     <span class='ocr_line' id='line_1_92' title="bbox 960 2144 1719 2184; baseline 0.004 -10"><span class='ocrx_word' id='word_1_620' title='bbox 960 2144 1132 2181; x_wconf 81' lang='lat' dir='ltr'><strong>raudulenti,</strong></span> <span class='ocrx_word' id='word_1_621' title='bbox 1150 2147 1178 2173; x_wconf 87' lang='lat' dir='ltr'><strong>et</strong></span> <span class='ocrx_word' id='word_1_622' title='bbox 1193 2144 1243 2184; x_wconf 88' lang='lat' dir='ltr'><strong>qui</strong></span> <span class='ocrx_word' id='word_1_623' title='bbox 1259 2153 1318 2174; x_wconf 90' lang='lat' dir='ltr'><strong>non</strong></span> <span class='ocrx_word' id='word_1_624' title='bbox 1335 2144 1478 2184; x_wconf 82' lang='lat' dir='ltr'><strong>permissa</strong></span> <span class='ocrx_word' id='word_1_625' title='bbox 1493 2153 1509 2174; x_wconf 89' lang='lat' dir='ltr'><strong>a</strong></span> <span class='ocrx_word' id='word_1_626' title='bbox 1524 2145 1719 2177; x_wconf 87' lang='lat' dir='ltr'><strong>sanctissimis</strong></span> 
     </span>
    </p>
   </div>
   <div class='ocr_carea' id='block_1_93' title="bbox 35 2193 854 2235">
    <p class='ocr_par' dir='ltr' id='par_1_93' title="bbox 35 2193 854 2235">
     <span class='ocr_line' id='line_1_93' title="bbox 35 2193 854 2235; baseline -0.002 -12"><span class='ocrx_word' id='word_1_627' title='bbox 35 2196 103 2235; x_wconf 76' lang='grc' dir='ltr'>παρὰ</span> <span class='ocrx_word' id='word_1_628' title='bbox 129 2198 183 2224; x_wconf 80' lang='grc' dir='ltr'><strong>τῶν</strong></span> <span class='ocrx_word' id='word_1_629' title='bbox 219 2195 376 2234; x_wconf 80' lang='grc' dir='ltr'>ἁγιωτάτων</span> <span class='ocrx_word' id='word_1_630' title='bbox 418 2194 574 2234; x_wconf 79' lang='grc' dir='ltr'>ἀρχιερέων,</span> <span class='ocrx_word' id='word_1_631' title='bbox 611 2193 652 2222; x_wconf 70' lang='grc' dir='ltr'><strong>ἐπὶ</strong></span> <span class='ocrx_word' id='word_1_632' title='bbox 687 2193 771 2233; x_wconf 80' lang='grc' dir='ltr'>κέρδει</span> <span class='ocrx_word' id='word_1_633' title='bbox 799 2193 854 2230; x_wconf 84' lang='grc' dir='ltr'>ἰδίῳ</span> 
     </span>
    </p>
   </div>
   <div class='ocr_carea' id='block_1_94' title="bbox 36 2237 854 2276">
    <p class='ocr_par' dir='ltr' id='par_1_94' title="bbox 36 2237 854 2276">
     <span class='ocr_line' id='line_1_94' title="bbox 36 2237 854 2276; baseline -0.002 -8"><span class='ocrx_word' id='word_1_634' title='bbox 36 2243 121 2271; x_wconf 72' lang='grc' dir='ltr'>κακῶς</span> <span class='ocrx_word' id='word_1_635' title='bbox 135 2239 337 2276; x_wconf 77' lang='grc' dir='ltr'>ἑκποιουμὲνους</span> <span class='ocrx_word' id='word_1_636' title='bbox 351 2246 358 2254; x_wconf 88' lang='grc'><strong><em>⁸</em></strong></span> <span class='ocrx_word' id='word_1_637' title='bbox 390 2239 451 2271; x_wconf 84' lang='grc' dir='ltr'>τοὺς</span> <span class='ocrx_word' id='word_1_638' title='bbox 471 2237 686 2276; x_wconf 71' lang='grc' dir='ltr'>ὶκλαμϐάνοντας</span> <span class='ocrx_word' id='word_1_639' title='bbox 701 2237 739 2275; x_wconf 73' lang='grc' dir='ltr'>δὲ,</span> <span class='ocrx_word' id='word_1_640' title='bbox 756 2238 795 2266; x_wconf 83' lang='grc' dir='ltr'><strong>ὅτι</strong></span> <span class='ocrx_word' id='word_1_641' title='bbox 815 2238 854 2275; x_wconf 79' lang='grc' dir='ltr'><strong>μὴ</strong></span> 
     </span>
    </p>
   </div>
   <div class='ocr_carea' id='block_1_95' title="bbox 35 2281 854 2323">
    <p class='ocr_par' dir='ltr' id='par_1_95' title="bbox 35 2281 854 2323">
     <span class='ocr_line' id='line_1_95' title="bbox 35 2281 854 2323; baseline -0.001 -12"><span class='ocrx_word' id='word_1_642' title='bbox 35 2284 185 2323; x_wconf 58' lang='grc' dir='ltr'>ὲξρόντισαν</span> <span class='ocrx_word' id='word_1_643' title='bbox 230 2281 422 2322; x_wconf 73' lang='grc' dir='ltr'>ἀκριιτώσασθαι</span> <span class='ocrx_word' id='word_1_644' title='bbox 465 2282 528 2323; x_wconf 84' lang='grc' dir='ltr'>παρ’</span> <span class='ocrx_word' id='word_1_645' title='bbox 569 2284 606 2310; x_wconf 83' lang='grc' dir='ltr'>ὧν</span> <span class='ocrx_word' id='word_1_646' title='bbox 647 2281 688 2310; x_wconf 85' lang='grc' dir='ltr'><strong>δεῖ</strong></span> <span class='ocrx_word' id='word_1_647' title='bbox 723 2281 854 2320; x_wconf 74' lang='grc' dir='ltr'>ἐκλαμϐά-</span> 
     </span>
    </p>
   </div>
   <div class='ocr_carea' id='block_1_96' title="bbox 35 2325 853 2367">
    <p class='ocr_par' dir='ltr' id='par_1_96' title="bbox 35 2325 853 2367">
     <span class='ocr_line' id='line_1_96' title="bbox 35 2325 853 2367; baseline -0.002 -11"><span class='ocrx_word' id='word_1_648' title='bbox 35 2339 96 2364; x_wconf 85' lang='grc' dir='ltr'>νειν,</span> <span class='ocrx_word' id='word_1_649' title='bbox 132 2328 177 2356; x_wconf 83' lang='grc' dir='ltr'><strong>καὶ</strong></span> <span class='ocrx_word' id='word_1_650' title='bbox 203 2326 381 2367; x_wconf 74' lang='grc' dir='ltr'>ἠσφαλίσαντο</span> <span class='ocrx_word' id='word_1_651' title='bbox 423 2327 530 2359; x_wconf 73' lang='grc' dir='ltr'>ἑαυτούς</span> <span class='ocrx_word' id='word_1_652' title='bbox 547 2335 554 2342; x_wconf 95' lang='grc'><strong>·</strong></span> <span class='ocrx_word' id='word_1_653' title='bbox 594 2327 636 2355; x_wconf 81' lang='grc' dir='ltr'><strong>καὶ</strong></span> <span class='ocrx_word' id='word_1_654' title='bbox 664 2325 791 2366; x_wconf 76' lang='grc' dir='ltr'>μάλιστα,</span> <span class='ocrx_word' id='word_1_655' title='bbox 832 2327 853 2354; x_wconf 82' lang='grc' dir='ltr'>εἷ</span> 
     </span>
    </p>
   </div>
   <div class='ocr_carea' id='block_1_97' title="bbox 36 2369 854 2413">
    <p class='ocr_par' dir='ltr' id='par_1_97' title="bbox 36 2369 854 2413">
     <span class='ocr_line' id='line_1_97' title="bbox 36 2369 854 2413; baseline -0.005 -11"><span class='ocrx_word' id='word_1_656' title='bbox 36 2374 71 2410; x_wconf 84' lang='grc' dir='ltr'>μὴ</span> <span class='ocrx_word' id='word_1_657' title='bbox 93 2371 224 2413; x_wconf 72' lang='grc' dir='ltr'>προφανὲς</span> <span class='ocrx_word' id='word_1_658' title='bbox 251 2371 297 2405; x_wconf 77' lang='grc' dir='ltr'><strong>εἴη</strong></span> <span class='ocrx_word' id='word_1_659' title='bbox 323 2372 366 2400; x_wconf 80' lang='grc' dir='ltr'>καὶ</span> <span class='ocrx_word' id='word_1_660' title='bbox 391 2370 469 2406; x_wconf 76' lang='grc' dir='ltr'>δῆλον</span> <span class='ocrx_word' id='word_1_661' title='bbox 498 2371 538 2400; x_wconf 76' lang='grc' dir='ltr'><strong>ὅτι</strong></span> <span class='ocrx_word' id='word_1_662' title='bbox 567 2371 603 2403; x_wconf 84' lang='grc' dir='ltr'><strong>εἰς</strong></span> <span class='ocrx_word' id='word_1_663' title='bbox 639 2369 775 2410; x_wconf 84' lang='grc' dir='ltr'>χρειώδεις</span> <span class='ocrx_word' id='word_1_664' title='bbox 809 2371 854 2398; x_wconf 77' lang='grc' dir='ltr'>καὶ</span> 
     </span>
    </p>
   </div>
   <div class='ocr_carea' id='block_1_98' title="bbox 35 2415 852 2457">
    <p class='ocr_par' dir='ltr' id='par_1_98' title="bbox 35 2415 852 2457">
     <span class='ocr_line' id='line_1_98' title="bbox 35 2415 852 2457; baseline -0.005 -11"><span class='ocrx_word' id='word_1_665' title='bbox 35 2418 175 2457; x_wconf 71' lang='grc' dir='ltr'>ἀναγκαίας</span> <span class='ocrx_word' id='word_1_666' title='bbox 202 2415 304 2450; x_wconf 64' lang='grc' dir='ltr'>ξξόδους</span> <span class='ocrx_word' id='word_1_667' title='bbox 332 2419 384 2445; x_wconf 84' lang='grc' dir='ltr'>τῶν</span> <span class='ocrx_word' id='word_1_668' title='bbox 419 2417 624 2456; x_wconf 77' lang='grc' dir='ltr'>φροντιστηρίων</span> <span class='ocrx_word' id='word_1_669' title='bbox 659 2415 852 2455; x_wconf 84' lang='grc' dir='ltr'>προεχώρησαν</span> 
     </span>
    </p>
   </div>
   <div class='ocr_carea' id='block_1_99' title="bbox 35 2458 851 2500">
    <p class='ocr_par' dir='ltr' id='par_1_99' title="bbox 35 2458 851 2500">
     <span class='ocr_line' id='line_1_99' title="bbox 35 2458 851 2500; baseline -0.005 -9"><span class='ocrx_word' id='word_1_670' title='bbox 35 2464 64 2491; x_wconf 70' lang='grc' dir='ltr'><strong>τὰ</strong></span> <span class='ocrx_word' id='word_1_671' title='bbox 93 2461 249 2493; x_wconf 77' lang='grc' dir='ltr'>εὶσδεκτικά.</span> <span class='ocrx_word' id='word_1_672' title='bbox 288 2461 354 2489; x_wconf 83' lang='grc' dir='ltr'><strong>Ἀπὸ</strong></span> <span class='ocrx_word' id='word_1_673' title='bbox 395 2460 422 2488; x_wconf 76' lang='grc' dir='ltr'>δὲ</span> <span class='ocrx_word' id='word_1_674' title='bbox 457 2464 504 2489; x_wconf 81' lang='grc' dir='ltr'>τοῦ</span> <span class='ocrx_word' id='word_1_675' title='bbox 539 2460 680 2500; x_wconf 80' lang='grc' dir='ltr'>παρόντος,</span> <span class='ocrx_word' id='word_1_676' title='bbox 709 2458 791 2497; x_wconf 75' lang='grc' dir='ltr'>μηδὲν</span> <span class='ocrx_word' id='word_1_677' title='bbox 826 2470 851 2487; x_wconf 92' lang='grc' dir='ltr'><strong>τι</strong></span> 
     </span>
    </p>
   </div>
   <div class='ocr_carea' id='block_1_100' title="bbox 35 2504 852 2546">
    <p class='ocr_par' dir='ltr' id='par_1_100' title="bbox 35 2504 852 2546">
     <span class='ocr_line' id='line_1_100' title="bbox 35 2504 852 2546; baseline -0.005 -10"><span class='ocrx_word' id='word_1_678' title='bbox 35 2508 132 2536; x_wconf 75' lang='grc' dir='ltr'>τούτων</span> <span class='ocrx_word' id='word_1_679' title='bbox 153 2507 278 2546; x_wconf 80' lang='grc' dir='ltr'>γίνεσθαι.</span> <span class='ocrx_word' id='word_1_680' title='bbox 311 2504 385 2533; x_wconf 81' lang='grc' dir='ltr'><strong>’ΛλΛ’</strong></span> <span class='ocrx_word' id='word_1_681' title='bbox 414 2506 436 2534; x_wconf 81' lang='grc' dir='ltr'>εἰ</span> <span class='ocrx_word' id='word_1_682' title='bbox 470 2506 513 2533; x_wconf 83' lang='grc' dir='ltr'><strong>καὶ</strong></span> <span class='ocrx_word' id='word_1_683' title='bbox 547 2504 634 2540; x_wconf 80' lang='grc' dir='ltr'>δεήσει</span> <span class='ocrx_word' id='word_1_684' title='bbox 663 2505 790 2543; x_wconf 73' lang='grc' dir='ltr'>γενέσθαι,</span> <span class='ocrx_word' id='word_1_685' title='bbox 819 2507 852 2542; x_wconf 83' lang='grc' dir='ltr'><strong>τῇ</strong></span> 
     </span>
    </p>
   </div>
   <div class='ocr_carea' id='block_1_101' title="bbox 34 2548 852 2591">
    <p class='ocr_par' dir='ltr' id='par_1_101' title="bbox 34 2548 852 2591">
     <span class='ocr_line' id='line_1_101' title="bbox 34 2548 852 2591; baseline -0.004 -12"><span class='ocrx_word' id='word_1_686' title='bbox 34 2553 110 2589; x_wconf 70' lang='grc' dir='ltr'>ἡμῶν</span> <span class='ocrx_word' id='word_1_687' title='bbox 137 2550 272 2591; x_wconf 74' lang='grc' dir='ltr'>ἀναφέρειν</span> <span class='ocrx_word' id='word_1_688' title='bbox 292 2549 454 2589; x_wconf 84' lang='grc' dir='ltr'>μετριότητι,</span> <span class='ocrx_word' id='word_1_689' title='bbox 487 2549 505 2584; x_wconf 69' lang='grc' dir='ltr'><strong>ἢ</strong></span> <span class='ocrx_word' id='word_1_690' title='bbox 531 2551 575 2578; x_wconf 74' lang='grc' dir='ltr'><strong>καὶ</strong></span> <span class='ocrx_word' id='word_1_691' title='bbox 602 2553 640 2587; x_wconf 86' lang='grc' dir='ltr'>τῷ</span> <span class='ocrx_word' id='word_1_692' title='bbox 661 2548 852 2588; x_wconf 66' lang='grc' dir='ltr'>θεοφιλεστᾶτῳ</span> 
     </span>
    </p>
   </div>
   <div class='ocr_carea' id='block_1_102' title="bbox 34 2592 850 2636">
    <p class='ocr_par' dir='ltr' id='par_1_102' title="bbox 34 2592 850 2636">
     <span class='ocr_line' id='line_1_102' title="bbox 34 2592 850 2636; baseline -0.005 -12"><span class='ocrx_word' id='word_1_693' title='bbox 34 2595 224 2636; x_wconf 73' lang='grc' dir='ltr'>χιρτοφύλακι,</span> <span class='ocrx_word' id='word_1_694' title='bbox 268 2595 310 2624; x_wconf 75' lang='grc' dir='ltr'><strong>καὶ</strong></span> <span class='ocrx_word' id='word_1_695' title='bbox 351 2600 410 2626; x_wconf 80' lang='grc' dir='ltr'>τοῖς</span> <span class='ocrx_word' id='word_1_696' title='bbox 445 2595 505 2634; x_wconf 83' lang='grc' dir='ltr'>περὶ</span> <span class='ocrx_word' id='word_1_697' title='bbox 546 2595 623 2622; x_wconf 55' lang='lat' dir='ltr'><strong>alith</strong></span> <span class='ocrx_word' id='word_1_698' title='bbox 652 2592 850 2624; x_wconf 73' lang='grc' dir='ltr'>εὖλαϐεστάτοις</span> 
     </span>
    </p>
   </div>
   <div class='ocr_carea' id='block_1_103' title="bbox 32 2632 850 2678">
    <p class='ocr_par' dir='ltr' id='par_1_103' title="bbox 32 2632 850 2678">
     <span class='ocr_line' id='line_1_103' title="bbox 32 2632 850 2678; baseline -0.004 -10"><span class='ocrx_word' id='word_1_699' title='bbox 32 2632 163 2672; x_wconf 64' lang='grc' dir='ltr'>διακόνοις</span> <span class='ocrx_word' id='word_1_700' title='bbox 191 2641 234 2668; x_wconf 79' lang='grc' dir='ltr'>καὶ</span> <span class='ocrx_word' id='word_1_701' title='bbox 276 2632 486 2678; x_wconf 73' lang='grc' dir='ltr'>πατριαρχικοῖς</span> <span class='ocrx_word' id='word_1_702' title='bbox 523 2639 650 2678; x_wconf 82' lang='grc' dir='ltr'>νοταρίοις</span> <span class='ocrx_word' id='word_1_703' title='bbox 667 2647 674 2655; x_wconf 88' lang='grc'><strong>·</strong></span> <span class='ocrx_word' id='word_1_704' title='bbox 710 2638 754 2665; x_wconf 83' lang='grc' dir='ltr'><strong>καὶ</strong></span> <span class='ocrx_word' id='word_1_705' title='bbox 787 2648 850 2677; x_wconf 86' lang='grc' dir='ltr'>προ-</span> 
     </span>
    </p>
   </div>
   <div class='ocr_carea' id='block_1_104' title="bbox 896 2188 1716 2230">
    <p class='ocr_par' dir='ltr' id='par_1_104' title="bbox 896 2188 1716 2230">
     <span class='ocr_line' id='line_1_104' title="bbox 896 2188 1716 2230; baseline 0 -10"><span class='ocrx_word' id='word_1_706' title='bbox 896 2188 1084 2230; x_wconf 82' lang='lat' dir='ltr'><strong>pontiﬁcibus</strong></span> <span class='ocrx_word' id='word_1_707' title='bbox 1099 2189 1210 2228; x_wconf 90' lang='lat' dir='ltr'><strong>proprii</strong></span> <span class='ocrx_word' id='word_1_708' title='bbox 1240 2188 1314 2219; x_wconf 92' lang='lat' dir='ltr'><strong>lucri</strong></span> <span class='ocrx_word' id='word_1_709' title='bbox 1344 2197 1431 2219; x_wconf 84' lang='lat' dir='ltr'><strong>causa</strong></span> <span class='ocrx_word' id='word_1_710' title='bbox 1460 2189 1536 2220; x_wconf 87' lang='lat' dir='ltr'><strong>male</strong></span> <span class='ocrx_word' id='word_1_711' title='bbox 1561 2190 1716 2222; x_wconf 79' lang='lat' dir='ltr'><strong>nlienent:</strong></span> 
     </span>
    </p>
   </div>
   <div class='ocr_carea' id='block_1_105' title="bbox 897 2233 1716 2274">
    <p class='ocr_par' dir='ltr' id='par_1_105' title="bbox 897 2233 1716 2274">
     <span class='ocr_line' id='line_1_105' title="bbox 897 2233 1716 2274; baseline 0.002 -10"><span class='ocrx_word' id='word_1_712' title='bbox 897 2235 1093 2265; x_wconf 86' lang='lat' dir='ltr'><strong>conductores</strong></span> <span class='ocrx_word' id='word_1_713' title='bbox 1108 2233 1270 2273; x_wconf 87' lang='lat' dir='ltr'><strong>vero,quod</strong></span> <span class='ocrx_word' id='word_1_714' title='bbox 1282 2243 1382 2264; x_wconf 87' lang='lat' dir='ltr'><strong>curam</strong></span> <span class='ocrx_word' id='word_1_715' title='bbox 1393 2233 1503 2265; x_wconf 88' lang='lat' dir='ltr'><strong>nullam</strong></span> <span class='ocrx_word' id='word_1_716' title='bbox 1515 2234 1716 2274; x_wconf 82' lang='lat' dir='ltr'><strong>adhibuerim,</strong></span> 
     </span>
    </p>
   </div>
   <div class='ocr_carea' id='block_1_106' title="bbox 896 2277 1720 2318">
    <p class='ocr_par' dir='ltr' id='par_1_106' title="bbox 896 2277 1720 2318">
     <span class='ocr_line' id='line_1_106' title="bbox 896 2277 1720 2318; baseline 0.001 -8"><span class='ocrx_word' id='word_1_717' title='bbox 896 2284 927 2310; x_wconf 87' lang='lat' dir='ltr'><strong>ut</strong></span> <span class='ocrx_word' id='word_1_718' title='bbox 948 2279 1090 2309; x_wconf 90' lang='lat' dir='ltr'><strong>certiores</strong></span> <span class='ocrx_word' id='word_1_719' title='bbox 1104 2282 1215 2315; x_wconf 88' lang='lat' dir='ltr'><strong>essent,</strong></span> <span class='ocrx_word' id='word_1_720' title='bbox 1232 2287 1250 2307; x_wconf 88' lang='lat' dir='ltr'><strong>a</strong></span> <span class='ocrx_word' id='word_1_721' title='bbox 1272 2277 1380 2318; x_wconf 89' lang='lat' dir='ltr'><strong>quibus</strong></span> <span class='ocrx_word' id='word_1_722' title='bbox 1408 2279 1636 2310; x_wconf 89' lang='lat' dir='ltr'><strong>conductionem</strong></span> <span class='ocrx_word' id='word_1_723' title='bbox 1654 2280 1720 2311; x_wconf 81' lang='lat' dir='ltr'><strong>ﬁeri</strong></span> 
     </span>
    </p>
   </div>
   <div class='ocr_carea' id='block_1_107' title="bbox 895 2322 1717 2363">
    <p class='ocr_par' dir='ltr' id='par_1_107' title="bbox 895 2322 1717 2363">
     <span class='ocr_line' id='line_1_107' title="bbox 895 2322 1717 2363; baseline 0.001 -10"><span class='ocrx_word' id='word_1_724' title='bbox 895 2327 1100 2363; x_wconf 71' lang='lat' dir='ltr'><strong>oporteat,nec</strong></span> <span class='ocrx_word' id='word_1_725' title='bbox 1115 2331 1150 2352; x_wconf 93' lang='lat' dir='ltr'><strong>eo</strong></span> <span class='ocrx_word' id='word_1_726' title='bbox 1167 2322 1254 2352; x_wconf 89' lang='lat' dir='ltr'><strong>modo</strong></span> <span class='ocrx_word' id='word_1_727' title='bbox 1267 2322 1324 2352; x_wconf 90' lang='lat' dir='ltr'><strong>sibi</strong></span> <span class='ocrx_word' id='word_1_728' title='bbox 1334 2322 1464 2353; x_wconf 87' lang='lat' dir='ltr'><strong>caverint</strong></span> <span class='ocrx_word' id='word_1_729' title='bbox 1476 2333 1482 2353; x_wconf 94' lang='lat'>:</span> <span class='ocrx_word' id='word_1_730' title='bbox 1494 2332 1527 2353; x_wconf 91' lang='lat' dir='ltr'><strong>ac</strong></span> <span class='ocrx_word' id='word_1_731' title='bbox 1539 2324 1717 2362; x_wconf 74' lang='lat' dir='ltr'><strong>praesertim,</strong></span> 
     </span>
    </p>
   </div>
   <div class='ocr_carea' id='block_1_108' title="bbox 894 2366 1719 2406">
    <p class='ocr_par' dir='ltr' id='par_1_108' title="bbox 894 2366 1719 2406">
     <span class='ocr_line' id='line_1_108' title="bbox 894 2366 1719 2406; baseline 0.001 -8"><span class='ocrx_word' id='word_1_732' title='bbox 894 2368 919 2398; x_wconf 92' lang='lat' dir='ltr'><strong>si</strong></span> <span class='ocrx_word' id='word_1_733' title='bbox 935 2377 994 2398; x_wconf 89' lang='lat' dir='ltr'><strong>non</strong></span> <span class='ocrx_word' id='word_1_734' title='bbox 1010 2366 1164 2397; x_wconf 75' lang='lat' dir='ltr'><strong>manifesto</strong></span> <span class='ocrx_word' id='word_1_735' title='bbox 1179 2366 1372 2406; x_wconf 87' lang='lat' dir='ltr'><strong>pareat,quod</strong></span> <span class='ocrx_word' id='word_1_736' title='bbox 1389 2367 1424 2397; x_wconf 88' lang='lat' dir='ltr'><strong>ad</strong></span> <span class='ocrx_word' id='word_1_737' title='bbox 1441 2367 1527 2397; x_wconf 91' lang='lat' dir='ltr'><strong>utiles</strong></span> <span class='ocrx_word' id='word_1_738' title='bbox 1539 2371 1719 2399; x_wconf 84' lang='lat' dir='ltr'><strong>etnecessa-</strong></span> 
     </span>
    </p>
   </div>
   <div class='ocr_carea' id='block_1_109' title="bbox 894 2411 1717 2452">
    <p class='ocr_par' dir='ltr' id='par_1_109' title="bbox 894 2411 1717 2452">
     <span class='ocr_line' id='line_1_109' title="bbox 894 2411 1717 2452; baseline 0.001 -10"><span class='ocrx_word' id='word_1_739' title='bbox 894 2412 955 2443; x_wconf 88' lang='lat' dir='ltr'><strong>rias</strong></span> <span class='ocrx_word' id='word_1_740' title='bbox 971 2419 1117 2452; x_wconf 87' lang='lat' dir='ltr'><strong>expensas</strong></span> <span class='ocrx_word' id='word_1_741' title='bbox 1146 2411 1394 2441; x_wconf 87' lang='lat' dir='ltr'><strong>monasteriorum</strong></span> <span class='ocrx_word' id='word_1_742' title='bbox 1424 2415 1543 2450; x_wconf 80' lang='lat' dir='ltr'><strong>erogata</strong></span> <span class='ocrx_word' id='word_1_743' title='bbox 1564 2412 1633 2450; x_wconf 90' lang='lat' dir='ltr'><strong>sint,</strong></span> <span class='ocrx_word' id='word_1_744' title='bbox 1651 2422 1717 2452; x_wconf 64' lang='lat' dir='ltr'><strong>qum</strong></span> 
     </span>
    </p>
   </div>
   <div class='ocr_carea' id='block_1_110' title="bbox 893 2454 1718 2496">
    <p class='ocr_par' dir='ltr' id='par_1_110' title="bbox 893 2454 1718 2496">
     <span class='ocr_line' id='line_1_110' title="bbox 893 2454 1718 2496; baseline 0 -8"><span class='ocrx_word' id='word_1_745' title='bbox 893 2460 1013 2496; x_wconf 80' lang='lat' dir='ltr'><strong>recepta</strong></span> <span class='ocrx_word' id='word_1_746' title='bbox 1024 2465 1057 2486; x_wconf 85' lang='lat' dir='ltr'><strong>ex</strong></span> <span class='ocrx_word' id='word_1_747' title='bbox 1074 2454 1219 2486; x_wconf 90' lang='lat' dir='ltr'><strong>reditibus</strong></span> <span class='ocrx_word' id='word_1_748' title='bbox 1235 2459 1327 2486; x_wconf 81' lang='lat' dir='ltr'><strong>erant.</strong></span> <span class='ocrx_word' id='word_1_749' title='bbox 1342 2455 1488 2496; x_wconf 82' lang='lat' dir='ltr'><strong>Deinceps</strong></span> <span class='ocrx_word' id='word_1_750' title='bbox 1503 2456 1622 2495; x_wconf 91' lang='lat' dir='ltr'><strong>quidem</strong></span> <span class='ocrx_word' id='word_1_751' title='bbox 1641 2457 1718 2488; x_wconf 90' lang='lat' dir='ltr'><strong>nihil</strong></span> 
     </span>
    </p>
   </div>
   <div class='ocr_carea' id='block_1_111' title="bbox 894 2499 1715 2541">
    <p class='ocr_par' dir='ltr' id='par_1_111' title="bbox 894 2499 1715 2541">
     <span class='ocr_line' id='line_1_111' title="bbox 894 2499 1715 2541; baseline 0 -9"><span class='ocrx_word' id='word_1_752' title='bbox 894 2502 998 2532; x_wconf 87' lang='lat' dir='ltr'><strong>horum</strong></span> <span class='ocrx_word' id='word_1_753' title='bbox 1014 2500 1078 2530; x_wconf 72' lang='lat' dir='ltr'><strong>ﬁeri</strong></span> <span class='ocrx_word' id='word_1_754' title='bbox 1098 2499 1196 2530; x_wconf 82' lang='lat' dir='ltr'><strong>debet.</strong></span> <span class='ocrx_word' id='word_1_755' title='bbox 1215 2501 1256 2530; x_wconf 88' lang='lat' dir='ltr'><strong>Ac</strong></span> <span class='ocrx_word' id='word_1_756' title='bbox 1271 2500 1296 2530; x_wconf 92' lang='lat' dir='ltr'><strong>si</strong></span> <span class='ocrx_word' id='word_1_757' title='bbox 1313 2500 1440 2530; x_wconf 86' lang='lat' dir='ltr'><strong>maxime</strong></span> <span class='ocrx_word' id='word_1_758' title='bbox 1457 2501 1522 2531; x_wconf 86' lang='lat' dir='ltr'><strong>ﬁeri</strong></span> <span class='ocrx_word' id='word_1_759' title='bbox 1538 2502 1715 2541; x_wconf 88' lang='lat' dir='ltr'><strong>oportuerit,</strong></span> 
     </span>
    </p>
   </div>
   <div class='ocr_carea' id='block_1_112' title="bbox 893 2544 1717 2582">
    <p class='ocr_par' dir='ltr' id='par_1_112' title="bbox 893 2544 1717 2582">
     <span class='ocr_line' id='line_1_112' title="bbox 893 2544 1717 2582; baseline -0.001 -5"><span class='ocrx_word' id='word_1_760' title='bbox 893 2547 928 2578; x_wconf 90' lang='lat' dir='ltr'><strong>ad</strong></span> <span class='ocrx_word' id='word_1_761' title='bbox 943 2544 1174 2576; x_wconf 89' lang='lat' dir='ltr'><strong>mediocritatem</strong></span> <span class='ocrx_word' id='word_1_762' title='bbox 1196 2549 1324 2575; x_wconf 76' lang='lat' dir='ltr'><strong>nostram</strong></span> <span class='ocrx_word' id='word_1_763' title='bbox 1352 2545 1507 2582; x_wconf 81' lang='lat' dir='ltr'><strong>referatur,</strong></span> <span class='ocrx_word' id='word_1_764' title='bbox 1531 2545 1575 2576; x_wconf 85' lang='lat' dir='ltr'><strong>vel</strong></span> <span class='ocrx_word' id='word_1_765' title='bbox 1591 2545 1626 2576; x_wconf 89' lang='lat' dir='ltr'><strong>ad</strong></span> <span class='ocrx_word' id='word_1_766' title='bbox 1642 2546 1717 2578; x_wconf 82' lang='lat' dir='ltr'><strong>reli-</strong></span> 
     </span>
    </p>
   </div>
   <div class='ocr_carea' id='block_1_113' title="bbox 892 2589 1716 2632">
    <p class='ocr_par' dir='ltr' id='par_1_113' title="bbox 892 2589 1716 2632">
     <span class='ocr_line' id='line_1_113' title="bbox 892 2589 1716 2632; baseline 0 -11"><span class='ocrx_word' id='word_1_767' title='bbox 892 2590 1092 2632; x_wconf 79' lang='lat' dir='ltr'><strong>giosissimum</strong></span> <span class='ocrx_word' id='word_1_768' title='bbox 1105 2589 1361 2629; x_wconf 78' lang='lat' dir='ltr'><strong>cbartularium,et</strong></span> <span class='ocrx_word' id='word_1_769' title='bbox 1375 2590 1531 2628; x_wconf 86' lang='lat' dir='ltr'><strong>adjunctos</strong></span> <span class='ocrx_word' id='word_1_770' title='bbox 1546 2589 1573 2619; x_wconf 88' lang='lat' dir='ltr'><strong>ei</strong></span> <span class='ocrx_word' id='word_1_771' title='bbox 1589 2599 1716 2622; x_wconf 90' lang='lat' dir='ltr'><strong>venera-</strong></span> 
     </span>
    </p>
   </div>
   <div class='ocr_carea' id='block_1_114' title="bbox 893 2633 1716 2676">
    <p class='ocr_par' dir='ltr' id='par_1_114' title="bbox 893 2633 1716 2676">
     <span class='ocr_line' id='line_1_114' title="bbox 893 2633 1716 2676; baseline 0 -10"><span class='ocrx_word' id='word_1_772' title='bbox 893 2636 968 2666; x_wconf 89' lang='lat' dir='ltr'><strong>biles</strong></span> <span class='ocrx_word' id='word_1_773' title='bbox 983 2634 1125 2665; x_wconf 87' lang='lat' dir='ltr'><strong>diaconos</strong></span> <span class='ocrx_word' id='word_1_774' title='bbox 1139 2643 1172 2664; x_wconf 87' lang='lat' dir='ltr'><strong>ac</strong></span> <span class='ocrx_word' id='word_1_775' title='bbox 1188 2633 1399 2673; x_wconf 85' lang='lat' dir='ltr'><strong>patriarchales</strong></span> <span class='ocrx_word' id='word_1_776' title='bbox 1410 2634 1542 2665; x_wconf 85' lang='lat' dir='ltr'><strong>notarios</strong></span> <span class='ocrx_word' id='word_1_777' title='bbox 1549 2633 1716 2676; x_wconf 83' lang='lat' dir='ltr'><strong>horumque</strong></span> 
     </span>
    </p>
   </div>
   <div class='ocr_carea' id='block_1_115' title="bbox 696 2717 1060 2753">
    <p class='ocr_par' dir='ltr' id='par_1_115' title="bbox 696 2717 1060 2753">
     <span class='ocr_line' id='line_1_115' title="bbox 696 2717 1060 2753; baseline -0.008 -2"><span class='ocrx_word' id='word_1_778' title='bbox 696 2719 825 2753; x_wconf 71' lang='lat' dir='ltr'><strong>VARLE</strong></span> <span class='ocrx_word' id='word_1_779' title='bbox 846 2717 1060 2752; x_wconf 84' lang='lat' dir='ltr'><strong>LECTIONES.</strong></span> 
     </span>
    </p>
   </div>
   <div class='ocr_carea' id='block_1_116' title="bbox 71 2786 206 2825">
    <p class='ocr_par' dir='ltr' id='par_1_116' title="bbox 71 2786 206 2825">
     <span class='ocr_line' id='line_1_116' title="bbox 71 2786 206 2825; baseline 0.007 -11"><span class='ocrx_word' id='word_1_780' title='bbox 71 2787 106 2812; x_wconf 72' lang='lat'><strong>38</strong></span> <span class='ocrx_word' id='word_1_781' title='bbox 120 2786 206 2825; x_wconf 71' lang='grc' dir='ltr'>ἄρνας.</span> 
     </span>
    </p>
   </div>
   <div class='ocr_carea' id='block_1_117' title="bbox 250 2849 585 2884">
    <p class='ocr_par' dir='ltr' id='par_1_117' title="bbox 250 2849 585 2884">
     <span class='ocr_line' id='line_1_117' title="bbox 250 2849 585 2884; baseline -0.006 0"><span class='ocrx_word' id='word_1_782' title='bbox 250 2853 380 2884; x_wconf 70' lang='grc' dir='ltr'>Ρλπιοι..</span> <span class='ocrx_word' id='word_1_783' title='bbox 403 2849 459 2883; x_wconf 81' lang='lat' dir='ltr'><strong>Gn.</strong></span> <span class='ocrx_word' id='word_1_784' title='bbox 482 2850 585 2882; x_wconf 76' lang='lat' dir='ltr'>CXIX.</span> 
     </span>
    </p>
   </div>
   <div class='ocr_carea' id='block_1_118' title="bbox 1435 2842 1471 2874">
    <p class='ocr_par' dir='ltr' id='par_1_118' title="bbox 1435 2842 1471 2874">
     <span class='ocr_line' id='line_1_118' title="bbox 1435 2842 1471 2874; baseline -0.056 0"><span class='ocrx_word' id='word_1_785' title='bbox 1435 2842 1471 2874; x_wconf 71' lang='lat'><strong>27</strong></span> 
     </span>
    </p>
   </div>
  </div>
