  <div class='ocr_page' id='page_1' title='image "/cluster/home/n/w/nwhite01/storage/ocr_20150623/119/njp.32101010943965/1003.png"; bbox 0 0 1922 3081; ppageno 0'>
   <div class='ocr_carea' id='block_1_1' title="bbox 232 133 289 165">
    <p class='ocr_par' dir='ltr' id='par_1_1' title="bbox 232 133 289 165">
     <span class='ocr_line' id='line_1_1' title="bbox 232 133 289 165; baseline -0.035 0"><span class='ocrx_word' id='word_1_1' title='bbox 232 133 289 165; x_wconf 82' lang='grc'><strong>847</strong></span> 
     </span>
    </p>
   </div>
   <div class='ocr_carea' id='block_1_2' title="bbox 945 131 1253 165">
    <p class='ocr_par' dir='ltr' id='par_1_2' title="bbox 945 131 1253 165">
     <span class='ocr_line' id='line_1_2' title="bbox 945 131 1253 165; baseline 0.003 -1"><span class='ocrx_word' id='word_1_2' title='bbox 945 132 960 164; x_wconf 85' lang='lat' dir='ltr'><strong>J</strong></span> <span class='ocrx_word' id='word_1_3' title='bbox 963 133 1010 164; x_wconf 89' lang='lat' dir='ltr'>US</span> <span class='ocrx_word' id='word_1_4' title='bbox 1030 131 1253 165; x_wconf 80' lang='lat' dir='ltr'><strong>GANONIGUM</strong></span> 
     </span>
    </p>
   </div>
   <div class='ocr_carea' id='block_1_3' title="bbox 1853 130 1900 162">
    <p class='ocr_par' dir='ltr' id='par_1_3' title="bbox 1853 130 1900 162">
     <span class='ocr_line' id='line_1_3' title="bbox 1853 130 1900 162; baseline 0 0"><span class='ocrx_word' id='word_1_5' title='bbox 1853 130 1900 162; x_wconf 74' lang='grc'><strong>848</strong></span> 
     </span>
    </p>
   </div>
   <div class='ocr_carea' id='block_1_4' title="bbox 231 197 1055 239">
    <p class='ocr_par' dir='ltr' id='par_1_4' title="bbox 231 198 1053 239">
     <span class='ocr_line' id='line_1_4' title="bbox 231 198 1053 239; baseline -0.002 -11"><span class='ocrx_word' id='word_1_6' title='bbox 231 198 336 229; x_wconf 75' lang='lat' dir='ltr'><strong>attinet</strong></span> <span class='ocrx_word' id='word_1_7' title='bbox 365 208 416 239; x_wconf 89' lang='lat' dir='ltr'><strong>per</strong></span> <span class='ocrx_word' id='word_1_8' title='bbox 445 199 544 230; x_wconf 87' lang='lat' dir='ltr'><strong>omnia</strong></span> <span class='ocrx_word' id='word_1_9' title='bbox 574 202 663 230; x_wconf 88' lang='lat' dir='ltr'><strong>testes</strong></span> <span class='ocrx_word' id='word_1_10' title='bbox 691 199 769 230; x_wconf 88' lang='lat' dir='ltr'><strong>inter</strong></span> <span class='ocrx_word' id='word_1_11' title='bbox 793 207 826 230; x_wconf 91' lang='lat' dir='ltr'><strong>se</strong></span> <span class='ocrx_word' id='word_1_12' title='bbox 851 198 1053 230; x_wconf 84' lang='lat' dir='ltr'><strong>consentiunt.</strong></span> 
     </span>
    </p>
   </div>
   <div class='ocr_carea' id='block_1_5' title="bbox 1148 197 1901 239">
    <p class='ocr_par' dir='ltr' id='par_1_5' title="bbox 1148 198 1901 238">
     <span class='ocr_line' id='line_1_5' title="bbox 1148 198 1901 238; baseline 0.003 -12"><span class='ocrx_word' id='word_1_13' title='bbox 1148 198 1195 232; x_wconf 75' lang='grc' dir='ltr'>τὴν</span> <span class='ocrx_word' id='word_1_14' title='bbox 1217 198 1290 227; x_wconf 85' lang='grc' dir='ltr'>λύσιν</span> <span class='ocrx_word' id='word_1_15' title='bbox 1307 207 1314 214; x_wconf 83' lang='grc'><strong><em>⁸</em></strong></span> <span class='ocrx_word' id='word_1_16' title='bbox 1338 199 1403 238; x_wconf 76' lang='grc' dir='ltr'>ὅπερ</span> <span class='ocrx_word' id='word_1_17' title='bbox 1424 198 1497 228; x_wconf 71' lang='grc' dir='ltr'>οὒδὲν</span> <span class='ocrx_word' id='word_1_18' title='bbox 1518 199 1686 237; x_wconf 66' lang='grc' dir='ltr'><strong>ἐπισημαίνει</strong></span> <span class='ocrx_word' id='word_1_19' title='bbox 1705 199 1745 237; x_wconf 83' lang='grc' dir='ltr'>τῷ</span> <span class='ocrx_word' id='word_1_20' title='bbox 1772 198 1901 238; x_wconf 75' lang='grc' dir='ltr'>πράγματι.</span> 
     </span>
    </p>
   </div>
   <div class='ocr_carea' id='block_1_6' title="bbox 232 240 1708 290">
    <p class='ocr_par' dir='ltr' id='par_1_6' title="bbox 232 240 1708 290">
     <span class='ocr_line' id='line_1_6' title="bbox 232 240 1708 290; baseline -0.001 -17"><span class='ocrx_word' id='word_1_21' title='bbox 232 242 346 290; x_wconf 72' lang='lat' dir='ltr'><strong>Quippe</strong></span> <span class='ocrx_word' id='word_1_22' title='bbox 363 247 531 290; x_wconf 76' lang='lat' dir='ltr'><strong>contractus</strong></span> <span class='ocrx_word' id='word_1_23' title='bbox 546 244 725 284; x_wconf 83' lang='lat' dir='ltr'><strong>principium</strong></span> <span class='ocrx_word' id='word_1_24' title='bbox 750 243 923 284; x_wconf 77' lang='lat' dir='ltr'><strong>quaerimus,</strong></span> <span class='ocrx_word' id='word_1_25' title='bbox 940 252 999 290; x_wconf 80' lang='lat' dir='ltr'><strong>non</strong></span> <span class='ocrx_word' id='word_1_26' title='bbox 1014 240 1192 290; x_wconf 70' lang='lat' dir='ltr'><strong>solutionem</strong></span> <span class='ocrx_word' id='word_1_27' title='bbox 1204 242 1285 290; x_wconf 77' lang='lat' dir='ltr'><strong>quod</strong></span> <span class='ocrx_word' id='word_1_28' title='bbox 1300 251 1372 290; x_wconf 82' lang='lat' dir='ltr'><strong>sane</strong></span> <span class='ocrx_word' id='word_1_29' title='bbox 1387 243 1511 290; x_wconf 69' lang='lat' dir='ltr'><strong>negotio</strong></span> <span class='ocrx_word' id='word_1_30' title='bbox 1523 242 1708 290; x_wconf 20' lang='lat' dir='ltr'><strong>nibil‘addit,</strong></span> 
     </span>
    </p>
   </div>
   <div class='ocr_carea' id='block_1_7' title="bbox 272 287 1055 328">
    <p class='ocr_par' dir='ltr' id='par_1_7' title="bbox 272 287 1055 328">
     <span class='ocr_line' id='line_1_7' title="bbox 272 287 1055 328; baseline -0.003 -10"><span class='ocrx_word' id='word_1_31' title='bbox 272 287 343 318; x_wconf 86' lang='lat' dir='ltr'><strong>Nam</strong></span> <span class='ocrx_word' id='word_1_32' title='bbox 358 288 437 328; x_wconf 88' lang='lat' dir='ltr'><strong>quod</strong></span> <span class='ocrx_word' id='word_1_33' title='bbox 454 298 512 319; x_wconf 92' lang='lat' dir='ltr'><strong>non</strong></span> <span class='ocrx_word' id='word_1_34' title='bbox 538 293 666 327; x_wconf 85' lang='lat' dir='ltr'><strong>caeptum</strong></span> <span class='ocrx_word' id='word_1_35' title='bbox 683 291 727 319; x_wconf 90' lang='lat' dir='ltr'><strong>est</strong></span> <span class='ocrx_word' id='word_1_36' title='bbox 741 292 834 325; x_wconf 84' lang='lat' dir='ltr'><strong>recte,</strong></span> <span class='ocrx_word' id='word_1_37' title='bbox 852 297 907 318; x_wconf 90' lang='lat' dir='ltr'><strong>nec</strong></span> <span class='ocrx_word' id='word_1_38' title='bbox 928 287 1055 318; x_wconf 87' lang='lat' dir='ltr'><strong>solutum</strong></span> 
     </span>
    </p>
   </div>
   <div class='ocr_carea' id='block_1_8' title="bbox 231 331 1056 373">
    <p class='ocr_par' dir='ltr' id='par_1_8' title="bbox 231 331 1056 373">
     <span class='ocr_line' id='line_1_8' title="bbox 231 331 1056 373; baseline -0.001 -10"><span class='ocrx_word' id='word_1_39' title='bbox 231 332 340 363; x_wconf 88' lang='lat' dir='ltr'><strong>dicitur</strong></span> <span class='ocrx_word' id='word_1_40' title='bbox 359 343 365 362; x_wconf 93' lang='lat'><strong><em>:</em></strong></span> <span class='ocrx_word' id='word_1_41' title='bbox 383 333 435 363; x_wconf 81' lang='lat' dir='ltr'><strong>sed</strong></span> <span class='ocrx_word' id='word_1_42' title='bbox 464 342 481 363; x_wconf 89' lang='lat' dir='ltr'><strong>a</strong></span> <span class='ocrx_word' id='word_1_43' title='bbox 512 333 656 373; x_wconf 87' lang='lat' dir='ltr'><strong>principio</strong></span> <span class='ocrx_word' id='word_1_44' title='bbox 680 332 830 363; x_wconf 86' lang='lat' dir='ltr'><strong>vinculum</strong></span> <span class='ocrx_word' id='word_1_45' title='bbox 860 332 973 363; x_wconf 87' lang='lat' dir='ltr'><strong>nullum</strong></span> <span class='ocrx_word' id='word_1_46' title='bbox 1000 331 1056 362; x_wconf 86' lang='lat' dir='ltr'><strong>ha-</strong></span> 
     </span>
    </p>
   </div>
   <div class='ocr_carea' id='block_1_9' title="bbox 231 376 1056 413">
    <p class='ocr_par' dir='ltr' id='par_1_9' title="bbox 231 376 1056 413">
     <span class='ocr_line' id='line_1_9' title="bbox 231 376 1056 413; baseline -0.002 -5"><span class='ocrx_word' id='word_1_47' title='bbox 231 376 343 408; x_wconf 86' lang='lat' dir='ltr'><strong>buisse.</strong></span> <span class='ocrx_word' id='word_1_48' title='bbox 361 379 506 408; x_wconf 77' lang='lat' dir='ltr'><strong>Caeterum</strong></span> <span class='ocrx_word' id='word_1_49' title='bbox 525 381 613 408; x_wconf 87' lang='lat' dir='ltr'><strong>testes</strong></span> <span class='ocrx_word' id='word_1_50' title='bbox 643 381 726 408; x_wconf 88' lang='lat' dir='ltr'><strong>actor</strong></span> <span class='ocrx_word' id='word_1_51' title='bbox 755 376 890 413; x_wconf 88' lang='lat' dir='ltr'><strong>idoneos,</strong></span> <span class='ocrx_word' id='word_1_52' title='bbox 909 379 939 407; x_wconf 91' lang='lat' dir='ltr'><strong>et</strong></span> <span class='ocrx_word' id='word_1_53' title='bbox 967 384 1056 406; x_wconf 80' lang='lat' dir='ltr'><strong>exce-</strong></span> 
     </span>
    </p>
   </div>
   <div class='ocr_carea' id='block_1_10' title="bbox 231 420 1055 462">
    <p class='ocr_par' dir='ltr' id='par_1_10' title="bbox 231 420 1055 462">
     <span class='ocr_line' id='line_1_10' title="bbox 231 420 1055 462; baseline -0.004 -10"><span class='ocrx_word' id='word_1_54' title='bbox 231 422 331 460; x_wconf 88' lang='lat' dir='ltr'><strong>ptione</strong></span> <span class='ocrx_word' id='word_1_55' title='bbox 358 423 496 461; x_wconf 86' lang='lat' dir='ltr'><strong>majores,</strong></span> <span class='ocrx_word' id='word_1_56' title='bbox 515 422 608 462; x_wconf 84' lang='lat' dir='ltr'><strong>ipsam</strong></span> <span class='ocrx_word' id='word_1_57' title='bbox 633 420 752 461; x_wconf 85' lang='lat' dir='ltr'><strong>quidem</strong></span> <span class='ocrx_word' id='word_1_58' title='bbox 775 420 979 456; x_wconf 88' lang='lat' dir='ltr'><strong>indictionem,</strong></span> <span class='ocrx_word' id='word_1_59' title='bbox 997 428 1055 460; x_wconf 87' lang='lat' dir='ltr'><strong>qua</strong></span> 
     </span>
    </p>
   </div>
   <div class='ocr_carea' id='block_1_11' title="bbox 231 464 1053 506">
    <p class='ocr_par' dir='ltr' id='par_1_11' title="bbox 231 464 1053 506">
     <span class='ocr_line' id='line_1_11' title="bbox 231 464 1053 506; baseline -0.002 -10"><span class='ocrx_word' id='word_1_60' title='bbox 231 466 340 506; x_wconf 49' lang='lat' dir='ltr'><strong>nuptiae</strong></span> <span class='ocrx_word' id='word_1_61' title='bbox 356 470 514 497; x_wconf 66' lang='lat' dir='ltr'><strong>contractae</strong></span> <span class='ocrx_word' id='word_1_62' title='bbox 523 466 626 503; x_wconf 87' lang='lat' dir='ltr'><strong>sint,et</strong></span> <span class='ocrx_word' id='word_1_63' title='bbox 641 465 739 505; x_wconf 88' lang='lat' dir='ltr'><strong>puella</strong></span> <span class='ocrx_word' id='word_1_64' title='bbox 750 465 830 495; x_wconf 92' lang='lat' dir='ltr'><strong>diem</strong></span> <span class='ocrx_word' id='word_1_65' title='bbox 849 464 968 501; x_wconf 88' lang='lat' dir='ltr'><strong>obierit,</strong></span> <span class='ocrx_word' id='word_1_66' title='bbox 986 472 1053 494; x_wconf 87' lang='lat' dir='ltr'><strong>vere</strong></span> 
     </span>
    </p>
   </div>
   <div class='ocr_carea' id='block_1_12' title="bbox 230 509 1053 550">
    <p class='ocr_par' dir='ltr' id='par_1_12' title="bbox 230 509 1053 550">
     <span class='ocr_line' id='line_1_12' title="bbox 230 509 1053 550; baseline -0.002 -10"><span class='ocrx_word' id='word_1_67' title='bbox 230 519 478 541; x_wconf 81' lang='lat' dir='ltr'><strong>commemorasse</strong></span> <span class='ocrx_word' id='word_1_68' title='bbox 494 510 586 541; x_wconf 87' lang='lat' dir='ltr'><strong>dixit:</strong></span> <span class='ocrx_word' id='word_1_69' title='bbox 600 511 652 541; x_wconf 88' lang='lat' dir='ltr'><strong>sed</strong></span> <span class='ocrx_word' id='word_1_70' title='bbox 675 510 754 550; x_wconf 90' lang='lat' dir='ltr'><strong>quod</strong></span> <span class='ocrx_word' id='word_1_71' title='bbox 766 509 925 540; x_wconf 85' lang='lat' dir='ltr'><strong>nativitatis</strong></span> <span class='ocrx_word' id='word_1_72' title='bbox 937 513 1053 548; x_wconf 82' lang='lat' dir='ltr'><strong>tempus</strong></span> 
     </span>
    </p>
   </div>
   <div class='ocr_carea' id='block_1_13' title="bbox 230 554 1052 595">
    <p class='ocr_par' dir='ltr' id='par_1_13' title="bbox 230 554 1052 595">
     <span class='ocr_line' id='line_1_13' title="bbox 230 554 1052 595; baseline -0.001 -11"><span class='ocrx_word' id='word_1_73' title='bbox 230 555 510 591; x_wconf 86' lang='lat' dir='ltr'><strong>attineret,errasse.</strong></span> <span class='ocrx_word' id='word_1_74' title='bbox 527 554 597 585; x_wconf 89' lang='lat' dir='ltr'><strong>Nam</strong></span> <span class='ocrx_word' id='word_1_75' title='bbox 615 559 717 595; x_wconf 76' lang='lat' dir='ltr'><strong>putare</strong></span> <span class='ocrx_word' id='word_1_76' title='bbox 733 554 909 594; x_wconf 91' lang='lat' dir='ltr'><strong>se,puellam</strong></span> <span class='ocrx_word' id='word_1_77' title='bbox 919 557 1052 593; x_wconf 86' lang='lat' dir='ltr'><strong>tempore</strong></span> 
     </span>
    </p>
   </div>
   <div class='ocr_carea' id='block_1_14' title="bbox 229 598 1052 639">
    <p class='ocr_par' dir='ltr' id='par_1_14' title="bbox 229 598 1052 639">
     <span class='ocr_line' id='line_1_14' title="bbox 229 598 1052 639; baseline -0.002 -10"><span class='ocrx_word' id='word_1_78' title='bbox 229 603 445 629; x_wconf 78' lang='lat' dir='ltr'><strong>contractarum</strong></span> <span class='ocrx_word' id='word_1_79' title='bbox 473 599 639 639; x_wconf 87' lang='lat' dir='ltr'><strong>nuptiarum</strong></span> <span class='ocrx_word' id='word_1_80' title='bbox 666 608 761 628; x_wconf 87' lang='lat' dir='ltr'><strong>annos</strong></span> <span class='ocrx_word' id='word_1_81' title='bbox 781 608 843 635; x_wconf 84' lang='lat' dir='ltr'><strong>sex,</strong></span> <span class='ocrx_word' id='word_1_82' title='bbox 871 598 1052 637; x_wconf 87' lang='lat' dir='ltr'><strong>totidemque</strong></span> 
     </span>
    </p>
   </div>
   <div class='ocr_carea' id='block_1_15' title="bbox 231 641 1052 681">
    <p class='ocr_par' dir='ltr' id='par_1_15' title="bbox 231 641 1052 681">
     <span class='ocr_line' id='line_1_15' title="bbox 231 641 1052 681; baseline 0 -9"><span class='ocrx_word' id='word_1_83' title='bbox 231 652 349 674; x_wconf 88' lang='lat' dir='ltr'><strong>menses</strong></span> <span class='ocrx_word' id='word_1_84' title='bbox 377 644 467 674; x_wconf 88' lang='lat' dir='ltr'><strong>fuisse</strong></span> <span class='ocrx_word' id='word_1_85' title='bbox 505 648 616 674; x_wconf 84' lang='lat' dir='ltr'><strong>natam.</strong></span> <span class='ocrx_word' id='word_1_86' title='bbox 657 642 765 674; x_wconf 88' lang='lat' dir='ltr'><strong>Verum</strong></span> <span class='ocrx_word' id='word_1_87' title='bbox 794 643 896 674; x_wconf 83' lang='lat' dir='ltr'><strong>isthaec</strong></span> <span class='ocrx_word' id='word_1_88' title='bbox 925 641 1052 681; x_wconf 89' lang='lat' dir='ltr'><strong>objectio</strong></span> 
     </span>
    </p>
   </div>
   <div class='ocr_carea' id='block_1_16' title="bbox 229 686 1052 727">
    <p class='ocr_par' dir='ltr' id='par_1_16' title="bbox 229 686 1052 727">
     <span class='ocr_line' id='line_1_16' title="bbox 229 686 1052 727; baseline -0.001 -10"><span class='ocrx_word' id='word_1_89' title='bbox 229 687 301 717; x_wconf 88' lang='lat' dir='ltr'><strong>nihil</strong></span> <span class='ocrx_word' id='word_1_90' title='bbox 318 688 482 727; x_wconf 86' lang='lat' dir='ltr'><strong>adjumenti</strong></span> <span class='ocrx_word' id='word_1_91' title='bbox 497 687 609 718; x_wconf 85' lang='lat' dir='ltr'><strong>ferebat</strong></span> <span class='ocrx_word' id='word_1_92' title='bbox 623 687 788 718; x_wconf 84' lang='lat' dir='ltr'><strong>rationibus</strong></span> <span class='ocrx_word' id='word_1_93' title='bbox 804 686 934 727; x_wconf 84' lang='lat' dir='ltr'><strong>ejus,qui</strong></span> <span class='ocrx_word' id='word_1_94' title='bbox 949 689 978 717; x_wconf 90' lang='lat' dir='ltr'><strong>et</strong></span> <span class='ocrx_word' id='word_1_95' title='bbox 993 687 1052 716; x_wconf 89' lang='lat' dir='ltr'><strong>im-</strong></span> 
     </span>
    </p>
   </div>
   <div class='ocr_carea' id='block_1_17' title="bbox 228 730 1052 771">
    <p class='ocr_par' dir='ltr' id='par_1_17' title="bbox 228 730 1052 771">
     <span class='ocr_line' id='line_1_17' title="bbox 228 730 1052 771; baseline -0.002 -9"><span class='ocrx_word' id='word_1_96' title='bbox 228 732 371 771; x_wconf 89' lang='lat' dir='ltr'><strong>puberem</strong></span> <span class='ocrx_word' id='word_1_97' title='bbox 388 736 503 763; x_wconf 70' lang='lat' dir='ltr'><strong>aetatem</strong></span> <span class='ocrx_word' id='word_1_98' title='bbox 520 732 674 769; x_wconf 82' lang='lat' dir='ltr'><strong>fateretur,</strong></span> <span class='ocrx_word' id='word_1_99' title='bbox 691 741 746 762; x_wconf 88' lang='lat' dir='ltr'><strong>nec</strong></span> <span class='ocrx_word' id='word_1_100' title='bbox 759 732 795 763; x_wconf 88' lang='lat' dir='ltr'><strong>ab</strong></span> <span class='ocrx_word' id='word_1_101' title='bbox 809 741 841 763; x_wconf 88' lang='lat' dir='ltr'><strong>se</strong></span> <span class='ocrx_word' id='word_1_102' title='bbox 858 731 945 762; x_wconf 91' lang='lat' dir='ltr'><strong>dictis</strong></span> <span class='ocrx_word' id='word_1_103' title='bbox 960 730 1052 761; x_wconf 84' lang='lat' dir='ltr'><strong>ﬁrmi-</strong></span> 
     </span>
    </p>
   </div>
   <div class='ocr_carea' id='block_1_18' title="bbox 228 775 1050 816">
    <p class='ocr_par' dir='ltr' id='par_1_18' title="bbox 228 775 1050 816">
     <span class='ocr_line' id='line_1_18' title="bbox 228 775 1050 816; baseline 0 -11"><span class='ocrx_word' id='word_1_104' title='bbox 228 781 272 806; x_wconf 87' lang='lat' dir='ltr'><strong>ter</strong></span> <span class='ocrx_word' id='word_1_105' title='bbox 285 776 437 808; x_wconf 87' lang='lat' dir='ltr'><strong>insisteret</strong></span> <span class='ocrx_word' id='word_1_106' title='bbox 454 788 460 808; x_wconf 90' lang='lat'><strong>:</strong></span> <span class='ocrx_word' id='word_1_107' title='bbox 479 777 530 807; x_wconf 88' lang='lat' dir='ltr'><strong>sed</strong></span> <span class='ocrx_word' id='word_1_108' title='bbox 542 786 609 807; x_wconf 91' lang='lat' dir='ltr'><strong>cum</strong></span> <span class='ocrx_word' id='word_1_109' title='bbox 631 777 804 816; x_wconf 84' lang='lat' dir='ltr'><strong>conjectura</strong></span> <span class='ocrx_word' id='word_1_110' title='bbox 820 780 848 806; x_wconf 90' lang='lat' dir='ltr'><strong>et</strong></span> <span class='ocrx_word' id='word_1_111' title='bbox 863 775 1050 806; x_wconf 84' lang='lat' dir='ltr'><strong>dubitatione</strong></span> 
     </span>
    </p>
   </div>
   <div class='ocr_carea' id='block_1_19' title="bbox 224 819 1049 861">
    <p class='ocr_par' dir='ltr' id='par_1_19' title="bbox 224 819 1049 861">
     <span class='ocr_line' id='line_1_19' title="bbox 224 819 1049 861; baseline 0 -11"><span class='ocrx_word' id='word_1_112' title='bbox 224 820 322 851; x_wconf 89' lang='lat' dir='ltr'><strong>isthuc</strong></span> <span class='ocrx_word' id='word_1_113' title='bbox 338 821 505 852; x_wconf 83' lang='lat' dir='ltr'><strong>adversario</strong></span> <span class='ocrx_word' id='word_1_114' title='bbox 521 820 717 860; x_wconf 89' lang='lat' dir='ltr'><strong>objiceret.Et</strong></span> <span class='ocrx_word' id='word_1_115' title='bbox 731 821 782 860; x_wconf 90' lang='lat' dir='ltr'><strong>qui</strong></span> <span class='ocrx_word' id='word_1_116' title='bbox 799 821 911 861; x_wconf 90' lang='lat' dir='ltr'><strong>primus</strong></span> <span class='ocrx_word' id='word_1_117' title='bbox 925 819 1049 850; x_wconf 77' lang='lat' dir='ltr'><strong>accusa-</strong></span> 
     </span>
    </p>
   </div>
   <div class='ocr_carea' id='block_1_20' title="bbox 225 864 1051 905">
    <p class='ocr_par' dir='ltr' id='par_1_20' title="bbox 225 864 1051 905">
     <span class='ocr_line' id='line_1_20' title="bbox 225 864 1051 905; baseline 0 -11"><span class='ocrx_word' id='word_1_118' title='bbox 225 865 336 895; x_wconf 91' lang='lat' dir='ltr'><strong>tionem</strong></span> <span class='ocrx_word' id='word_1_119' title='bbox 348 866 513 897; x_wconf 84' lang='lat' dir='ltr'><strong>instituisse</strong></span> <span class='ocrx_word' id='word_1_120' title='bbox 526 866 673 896; x_wconf 80' lang='lat' dir='ltr'><strong>ferebatur</strong></span> <span class='ocrx_word' id='word_1_121' title='bbox 681 864 1051 905; x_wconf 85' lang='lat' dir='ltr'><strong>Malacenus,injudicium</strong></span> 
     </span>
    </p>
   </div>
   <div class='ocr_carea' id='block_1_21' title="bbox 224 908 1048 950">
    <p class='ocr_par' dir='ltr' id='par_1_21' title="bbox 224 908 1048 950">
     <span class='ocr_line' id='line_1_21' title="bbox 224 908 1048 950; baseline 0.001 -12"><span class='ocrx_word' id='word_1_122' title='bbox 224 909 380 947; x_wconf 84' lang='lat' dir='ltr'><strong>deductus,</strong></span> <span class='ocrx_word' id='word_1_123' title='bbox 399 914 499 950; x_wconf 91' lang='lat' dir='ltr'><strong>aperte</strong></span> <span class='ocrx_word' id='word_1_124' title='bbox 516 910 600 948; x_wconf 82' lang='lat' dir='ltr'><strong>dixit,</strong></span> <span class='ocrx_word' id='word_1_125' title='bbox 626 910 656 940; x_wconf 92' lang='lat' dir='ltr'><strong>in</strong></span> <span class='ocrx_word' id='word_1_126' title='bbox 679 914 830 940; x_wconf 86' lang='lat' dir='ltr'><strong>contractu</strong></span> <span class='ocrx_word' id='word_1_127' title='bbox 857 919 888 940; x_wconf 86' lang='lat' dir='ltr'><strong>se</strong></span> <span class='ocrx_word' id='word_1_128' title='bbox 904 908 977 939; x_wconf 86' lang='lat' dir='ltr'><strong>nihil</strong></span> <span class='ocrx_word' id='word_1_129' title='bbox 993 909 1048 939; x_wconf 84' lang='lat' dir='ltr'><strong>ab-</strong></span> 
     </span>
    </p>
   </div>
   <div class='ocr_carea' id='block_1_22' title="bbox 223 953 1048 995">
    <p class='ocr_par' dir='ltr' id='par_1_22' title="bbox 223 953 1048 995">
     <span class='ocr_line' id='line_1_22' title="bbox 223 953 1048 995; baseline 0.002 -12"><span class='ocrx_word' id='word_1_130' title='bbox 223 953 306 983; x_wconf 89' lang='lat' dir='ltr'><strong>surdi</strong></span> <span class='ocrx_word' id='word_1_131' title='bbox 323 955 471 995; x_wconf 86' lang='lat' dir='ltr'><strong>scire,nec</strong></span> <span class='ocrx_word' id='word_1_132' title='bbox 488 955 544 985; x_wconf 89' lang='lat' dir='ltr'><strong>sibi</strong></span> <span class='ocrx_word' id='word_1_133' title='bbox 557 953 669 994; x_wconf 90' lang='lat' dir='ltr'><strong>liquido</strong></span> <span class='ocrx_word' id='word_1_134' title='bbox 681 959 816 985; x_wconf 86' lang='lat' dir='ltr'><strong>constare</strong></span> <span class='ocrx_word' id='word_1_135' title='bbox 830 954 990 994; x_wconf 80' lang='lat' dir='ltr'><strong>quidquam</strong></span> <span class='ocrx_word' id='word_1_136' title='bbox 1003 954 1048 985; x_wconf 93' lang='lat' dir='ltr'><strong>vel</strong></span> 
     </span>
    </p>
   </div>
   <div class='ocr_carea' id='block_1_23' title="bbox 222 998 1050 1039">
    <p class='ocr_par' dir='ltr' id='par_1_23' title="bbox 222 998 1050 1039">
     <span class='ocr_line' id='line_1_23' title="bbox 222 998 1050 1039; baseline 0.001 -12"><span class='ocrx_word' id='word_1_137' title='bbox 222 998 261 1028; x_wconf 90' lang='lat' dir='ltr'><strong>de</strong></span> <span class='ocrx_word' id='word_1_138' title='bbox 287 1003 420 1039; x_wconf 88' lang='lat' dir='ltr'><strong>tempore</strong></span> <span class='ocrx_word' id='word_1_139' title='bbox 444 999 606 1030; x_wconf 80' lang='lat' dir='ltr'><strong>nativitatis</strong></span> <span class='ocrx_word' id='word_1_140' title='bbox 631 999 747 1039; x_wconf 71' lang='lat' dir='ltr'><strong>puellae,</strong></span> <span class='ocrx_word' id='word_1_141' title='bbox 781 998 825 1029; x_wconf 85' lang='lat' dir='ltr'><strong>vel</strong></span> <span class='ocrx_word' id='word_1_142' title='bbox 841 1002 1050 1038; x_wconf 86' lang='lat' dir='ltr'><strong>conceptarum</strong></span> 
     </span>
    </p>
   </div>
   <div class='ocr_carea' id='block_1_24' title="bbox 223 1043 1052 1082">
    <p class='ocr_par' dir='ltr' id='par_1_24' title="bbox 223 1043 1052 1082">
     <span class='ocr_line' id='line_1_24' title="bbox 223 1043 1052 1082; baseline 0.001 -10"><span class='ocrx_word' id='word_1_143' title='bbox 223 1052 357 1082; x_wconf 89' lang='lat' dir='ltr'><strong>precum,</strong></span> <span class='ocrx_word' id='word_1_144' title='bbox 375 1043 419 1074; x_wconf 88' lang='lat' dir='ltr'><strong>vel</strong></span> <span class='ocrx_word' id='word_1_145' title='bbox 436 1043 543 1075; x_wconf 92' lang='lat' dir='ltr'><strong>obitus.</strong></span> <span class='ocrx_word' id='word_1_146' title='bbox 562 1045 636 1075; x_wconf 85' lang='lat' dir='ltr'><strong>Cum</strong></span> <span class='ocrx_word' id='word_1_147' title='bbox 652 1043 740 1082; x_wconf 80' lang='lat' dir='ltr'><strong>igitur</strong></span> <span class='ocrx_word' id='word_1_148' title='bbox 752 1052 874 1074; x_wconf 85' lang='lat' dir='ltr'><strong>examen</strong></span> <span class='ocrx_word' id='word_1_149' title='bbox 890 1043 947 1073; x_wconf 90' lang='lat' dir='ltr'><strong>huc</strong></span> <span class='ocrx_word' id='word_1_150' title='bbox 959 1052 1052 1082; x_wconf 86' lang='lat' dir='ltr'><strong>usque</strong></span> 
     </span>
    </p>
   </div>
   <div class='ocr_carea' id='block_1_25' title="bbox 224 1087 1050 1128">
    <p class='ocr_par' dir='ltr' id='par_1_25' title="bbox 224 1087 1050 1128">
     <span class='ocr_line' id='line_1_25' title="bbox 224 1087 1050 1128; baseline 0 -11"><span class='ocrx_word' id='word_1_151' title='bbox 224 1087 430 1127; x_wconf 86' lang='lat' dir='ltr'><strong>processisset,</strong></span> <span class='ocrx_word' id='word_1_152' title='bbox 449 1097 483 1118; x_wconf 90' lang='lat' dir='ltr'><strong>ac</strong></span> <span class='ocrx_word' id='word_1_153' title='bbox 501 1091 590 1119; x_wconf 87' lang='lat' dir='ltr'><strong>testes</strong></span> <span class='ocrx_word' id='word_1_154' title='bbox 615 1088 786 1127; x_wconf 87' lang='lat' dir='ltr'><strong>nuptiarum</strong></span> <span class='ocrx_word' id='word_1_155' title='bbox 815 1091 843 1118; x_wconf 90' lang='lat' dir='ltr'><strong>et</strong></span> <span class='ocrx_word' id='word_1_156' title='bbox 868 1087 1050 1128; x_wconf 84' lang='lat' dir='ltr'><strong>sponsalium</strong></span> 
     </span>
    </p>
   </div>
   <div class='ocr_carea' id='block_1_26' title="bbox 225 1131 1048 1173">
    <p class='ocr_par' dir='ltr' id='par_1_26' title="bbox 225 1131 1048 1173">
     <span class='ocr_line' id='line_1_26' title="bbox 225 1131 1048 1173; baseline 0 -12"><span class='ocrx_word' id='word_1_157' title='bbox 225 1135 341 1171; x_wconf 88' lang='lat' dir='ltr'><strong>tempus</strong></span> <span class='ocrx_word' id='word_1_158' title='bbox 353 1141 410 1162; x_wconf 90' lang='lat' dir='ltr'><strong>non</strong></span> <span class='ocrx_word' id='word_1_159' title='bbox 427 1132 643 1173; x_wconf 83' lang='lat' dir='ltr'><strong>distinxisseut,</strong></span> <span class='ocrx_word' id='word_1_160' title='bbox 662 1132 714 1163; x_wconf 89' lang='lat' dir='ltr'><strong>sed</strong></span> <span class='ocrx_word' id='word_1_161' title='bbox 732 1141 850 1172; x_wconf 89' lang='lat' dir='ltr'><strong>precum</strong></span> <span class='ocrx_word' id='word_1_162' title='bbox 868 1131 987 1172; x_wconf 89' lang='lat' dir='ltr'><strong>quidem</strong></span> <span class='ocrx_word' id='word_1_163' title='bbox 999 1139 1048 1161; x_wconf 86' lang='lat' dir='ltr'><strong>sa-</strong></span> 
     </span>
    </p>
   </div>
   <div class='ocr_carea' id='block_1_27' title="bbox 224 1176 1047 1217">
    <p class='ocr_par' dir='ltr' id='par_1_27' title="bbox 224 1176 1047 1217">
     <span class='ocr_line' id='line_1_27' title="bbox 224 1176 1047 1217; baseline 0 -11"><span class='ocrx_word' id='word_1_164' title='bbox 224 1185 340 1206; x_wconf 84' lang='lat' dir='ltr'><strong>crarum</strong></span> <span class='ocrx_word' id='word_1_165' title='bbox 357 1177 583 1216; x_wconf 85' lang='lat' dir='ltr'><strong>conceptionem</strong></span> <span class='ocrx_word' id='word_1_166' title='bbox 600 1177 715 1217; x_wconf 85' lang='lat' dir='ltr'><strong>perﬁci,</strong></span> <span class='ocrx_word' id='word_1_167' title='bbox 732 1177 841 1207; x_wconf 88' lang='lat' dir='ltr'><strong>vidisse</strong></span> <span class='ocrx_word' id='word_1_168' title='bbox 856 1185 888 1207; x_wconf 87' lang='lat' dir='ltr'><strong>se</strong></span> <span class='ocrx_word' id='word_1_169' title='bbox 903 1176 1047 1216; x_wconf 84' lang='lat' dir='ltr'><strong>dicerent;</strong></span> 
     </span>
    </p>
   </div>
   <div class='ocr_carea' id='block_1_28' title="bbox 223 1219 1048 1260">
    <p class='ocr_par' dir='ltr' id='par_1_28' title="bbox 223 1219 1048 1260">
     <span class='ocr_line' id='line_1_28' title="bbox 223 1219 1048 1260; baseline 0.001 -11"><span class='ocrx_word' id='word_1_170' title='bbox 223 1219 361 1258; x_wconf 81' lang='lat' dir='ltr'><strong>ignorare</strong></span> <span class='ocrx_word' id='word_1_171' title='bbox 377 1230 456 1259; x_wconf 87' lang='lat' dir='ltr'><strong>vero,</strong></span> <span class='ocrx_word' id='word_1_172' title='bbox 476 1231 546 1252; x_wconf 91' lang='lat' dir='ltr'><strong>num</strong></span> <span class='ocrx_word' id='word_1_173' title='bbox 561 1222 667 1253; x_wconf 88' lang='lat' dir='ltr'><strong>eodem</strong></span> <span class='ocrx_word' id='word_1_174' title='bbox 690 1221 738 1252; x_wconf 89' lang='lat' dir='ltr'><strong>die</strong></span> <span class='ocrx_word' id='word_1_175' title='bbox 753 1220 904 1260; x_wconf 82' lang='lat' dir='ltr'><strong>sponsalia</strong></span> <span class='ocrx_word' id='word_1_176' title='bbox 919 1229 1048 1260; x_wconf 86' lang='lat' dir='ltr'><strong>praeces-</strong></span> 
     </span>
    </p>
   </div>
   <div class='ocr_carea' id='block_1_29' title="bbox 220 1264 1045 1307">
    <p class='ocr_par' dir='ltr' id='par_1_29' title="bbox 220 1264 1045 1307">
     <span class='ocr_line' id='line_1_29' title="bbox 220 1264 1045 1307; baseline 0 -13"><span class='ocrx_word' id='word_1_177' title='bbox 220 1264 329 1295; x_wconf 90' lang='lat' dir='ltr'><strong>sissent</strong></span> <span class='ocrx_word' id='word_1_178' title='bbox 345 1274 352 1296; x_wconf 88' lang='lat'><strong>:</strong></span> <span class='ocrx_word' id='word_1_179' title='bbox 370 1265 443 1296; x_wconf 90' lang='lat' dir='ltr'><strong>nihil</strong></span> <span class='ocrx_word' id='word_1_180' title='bbox 469 1270 544 1306; x_wconf 88' lang='lat' dir='ltr'><strong>erat,</strong></span> <span class='ocrx_word' id='word_1_181' title='bbox 573 1266 654 1307; x_wconf 74' lang='lat' dir='ltr'><strong>quod</strong></span> <span class='ocrx_word' id='word_1_182' title='bbox 679 1265 835 1297; x_wconf 70' lang='lat' dir='ltr'><strong>sententiae</strong></span> <span class='ocrx_word' id='word_1_183' title='bbox 850 1264 979 1295; x_wconf 68' lang='lat' dir='ltr'><strong>ferendae</strong></span> <span class='ocrx_word' id='word_1_184' title='bbox 994 1264 1045 1294; x_wconf 86' lang='lat' dir='ltr'><strong>im—</strong></span> 
     </span>
    </p>
   </div>
   <div class='ocr_carea' id='block_1_30' title="bbox 222 1309 1046 1350">
    <p class='ocr_par' dir='ltr' id='par_1_30' title="bbox 222 1309 1046 1350">
     <span class='ocr_line' id='line_1_30' title="bbox 222 1309 1046 1350; baseline 0.001 -12"><span class='ocrx_word' id='word_1_185' title='bbox 222 1309 425 1348; x_wconf 88' lang='lat' dir='ltr'><strong>pedimentum</strong></span> <span class='ocrx_word' id='word_1_186' title='bbox 454 1310 609 1349; x_wconf 79' lang='lat' dir='ltr'><strong>objiceret.</strong></span> <span class='ocrx_word' id='word_1_187' title='bbox 650 1309 764 1350; x_wconf 86' lang='lat' dir='ltr'><strong>Quippe</strong></span> <span class='ocrx_word' id='word_1_188' title='bbox 803 1310 826 1339; x_wconf 91' lang='lat' dir='ltr'><strong>si</strong></span> <span class='ocrx_word' id='word_1_189' title='bbox 865 1309 962 1349; x_wconf 87' lang='lat' dir='ltr'><strong>puella</strong></span> <span class='ocrx_word' id='word_1_190' title='bbox 985 1309 1046 1348; x_wconf 89' lang='lat' dir='ltr'><strong>jam</strong></span> 
     </span>
    </p>
   </div>
   <div class='ocr_carea' id='block_1_31' title="bbox 224 1354 1050 1393">
    <p class='ocr_par' dir='ltr' id='par_1_31' title="bbox 224 1354 1050 1393">
     <span class='ocr_line' id='line_1_31' title="bbox 224 1354 1050 1393; baseline 0 -10"><span class='ocrx_word' id='word_1_191' title='bbox 224 1354 383 1392; x_wconf 86' lang='lat' dir='ltr'><strong>septimum</strong></span> <span class='ocrx_word' id='word_1_192' title='bbox 414 1358 582 1385; x_wconf 78' lang='lat' dir='ltr'><strong>excesserat</strong></span> <span class='ocrx_word' id='word_1_193' title='bbox 613 1364 735 1391; x_wconf 88' lang='lat' dir='ltr'><strong>annum,</strong></span> <span class='ocrx_word' id='word_1_194' title='bbox 752 1363 819 1384; x_wconf 90' lang='lat' dir='ltr'><strong>cum</strong></span> <span class='ocrx_word' id='word_1_195' title='bbox 840 1362 944 1393; x_wconf 87' lang='lat' dir='ltr'><strong>preces</strong></span> <span class='ocrx_word' id='word_1_196' title='bbox 959 1362 1050 1383; x_wconf 65' lang='lat' dir='ltr'><strong>sacra;</strong></span> 
     </span>
    </p>
   </div>
   <div class='ocr_carea' id='block_1_32' title="bbox 221 1397 1048 1438">
    <p class='ocr_par' dir='ltr' id='par_1_32' title="bbox 221 1397 1048 1438">
     <span class='ocr_line' id='line_1_32' title="bbox 221 1397 1048 1438; baseline 0.001 -11"><span class='ocrx_word' id='word_1_197' title='bbox 221 1398 461 1437; x_wconf 87' lang='lat' dir='ltr'><strong>conciperentur,</strong></span> <span class='ocrx_word' id='word_1_198' title='bbox 489 1408 541 1438; x_wconf 72' lang='lat' dir='ltr'><strong>par</strong></span> <span class='ocrx_word' id='word_1_199' title='bbox 565 1403 639 1435; x_wconf 74' lang='lat' dir='ltr'><strong>erat,</strong></span> <span class='ocrx_word' id='word_1_200' title='bbox 657 1398 768 1438; x_wconf 88' lang='lat' dir='ltr'><strong>nuptiis</strong></span> <span class='ocrx_word' id='word_1_201' title='bbox 783 1397 865 1429; x_wconf 85' lang='lat' dir='ltr'><strong>intra</strong></span> <span class='ocrx_word' id='word_1_202' title='bbox 890 1397 947 1428; x_wconf 91' lang='lat' dir='ltr'><strong>duo</strong></span> <span class='ocrx_word' id='word_1_203' title='bbox 964 1397 1048 1428; x_wconf 89' lang='lat' dir='ltr'><strong>deci-</strong></span> 
     </span>
    </p>
   </div>
   <div class='ocr_carea' id='block_1_33' title="bbox 225 1441 1047 1483">
    <p class='ocr_par' dir='ltr' id='par_1_33' title="bbox 225 1441 1047 1483">
     <span class='ocr_line' id='line_1_33' title="bbox 225 1441 1047 1483; baseline 0 -12"><span class='ocrx_word' id='word_1_204' title='bbox 225 1451 304 1471; x_wconf 91' lang='lat' dir='ltr'><strong>mum</strong></span> <span class='ocrx_word' id='word_1_205' title='bbox 320 1452 430 1473; x_wconf 88' lang='lat' dir='ltr'><strong>annum</strong></span> <span class='ocrx_word' id='word_1_206' title='bbox 446 1443 586 1483; x_wconf 90' lang='lat' dir='ltr'><strong>peractis,</strong></span> <span class='ocrx_word' id='word_1_207' title='bbox 617 1443 738 1483; x_wconf 88' lang='lat' dir='ltr'><strong>inquiri,</strong></span> <span class='ocrx_word' id='word_1_208' title='bbox 759 1452 828 1473; x_wconf 93' lang='lat' dir='ltr'><strong>num</strong></span> <span class='ocrx_word' id='word_1_209' title='bbox 845 1446 912 1472; x_wconf 89' lang='lat' dir='ltr'><strong>ante</strong></span> <span class='ocrx_word' id='word_1_210' title='bbox 930 1441 958 1472; x_wconf 90' lang='lat' dir='ltr'><strong>id</strong></span> <span class='ocrx_word' id='word_1_211' title='bbox 971 1445 1047 1472; x_wconf 76' lang='lat' dir='ltr'><strong>tem-</strong></span> 
     </span>
    </p>
   </div>
   <div class='ocr_carea' id='block_1_34' title="bbox 225 1486 1050 1526">
    <p class='ocr_par' dir='ltr' id='par_1_34' title="bbox 225 1486 1050 1526">
     <span class='ocr_line' id='line_1_34' title="bbox 225 1486 1050 1526; baseline 0 -10"><span class='ocrx_word' id='word_1_212' title='bbox 225 1495 278 1525; x_wconf 91' lang='lat' dir='ltr'><strong>pus</strong></span> <span class='ocrx_word' id='word_1_213' title='bbox 304 1486 436 1526; x_wconf 77' lang='lat' dir='ltr'><strong>legitima</strong></span> <span class='ocrx_word' id='word_1_214' title='bbox 462 1487 612 1526; x_wconf 83' lang='lat' dir='ltr'><strong>sponsalia</strong></span> <span class='ocrx_word' id='word_1_215' title='bbox 640 1491 791 1518; x_wconf 87' lang='lat' dir='ltr'><strong>contracta</strong></span> <span class='ocrx_word' id='word_1_216' title='bbox 821 1486 956 1523; x_wconf 81' lang='lat' dir='ltr'><strong>fuissent,</strong></span> <span class='ocrx_word' id='word_1_217' title='bbox 985 1490 1050 1526; x_wconf 91' lang='lat' dir='ltr'><strong>post</strong></span> 
     </span>
    </p>
   </div>
   <div class='ocr_carea' id='block_1_35' title="bbox 220 1531 1047 1572">
    <p class='ocr_par' dir='ltr' id='par_1_35' title="bbox 220 1531 1047 1572">
     <span class='ocr_line' id='line_1_35' title="bbox 220 1531 1047 1572; baseline -0.001 -11"><span class='ocrx_word' id='word_1_218' title='bbox 220 1538 331 1561; x_wconf 81' lang='lat' dir='ltr'><strong>annum</strong></span> <span class='ocrx_word' id='word_1_219' title='bbox 347 1531 505 1571; x_wconf 87' lang='lat' dir='ltr'><strong>septimum</strong></span> <span class='ocrx_word' id='word_1_220' title='bbox 524 1542 530 1561; x_wconf 90' lang='lat'>:</span> <span class='ocrx_word' id='word_1_221' title='bbox 550 1536 581 1562; x_wconf 89' lang='lat' dir='ltr'><strong>ut</strong></span> <span class='ocrx_word' id='word_1_222' title='bbox 597 1531 622 1562; x_wconf 92' lang='lat' dir='ltr'><strong>si</strong></span> <span class='ocrx_word' id='word_1_223' title='bbox 651 1531 760 1572; x_wconf 67' lang='lat' dir='ltr'><strong>nuptim</strong></span> <span class='ocrx_word' id='word_1_224' title='bbox 781 1541 838 1561; x_wconf 94' lang='lat' dir='ltr'><strong>non</strong></span> <span class='ocrx_word' id='word_1_225' title='bbox 864 1534 1047 1567; x_wconf 83' lang='lat' dir='ltr'><strong>constarent,</strong></span> 
     </span>
    </p>
   </div>
   <div class='ocr_carea' id='block_1_36' title="bbox 1148 287 1900 328">
    <p class='ocr_par' dir='ltr' id='par_1_36' title="bbox 1148 287 1900 328">
     <span class='ocr_line' id='line_1_36' title="bbox 1148 287 1900 328; baseline -0.001 -13"><span class='ocrx_word' id='word_1_226' title='bbox 1148 291 1168 315; x_wconf 89' lang='grc' dir='ltr'>Ο</span> <span class='ocrx_word' id='word_1_227' title='bbox 1183 288 1232 327; x_wconf 84' lang='grc' dir='ltr'><strong>γὰρ</strong></span> <span class='ocrx_word' id='word_1_228' title='bbox 1247 287 1294 316; x_wconf 70' lang='grc' dir='ltr'>οὒκ</span> <span class='ocrx_word' id='word_1_229' title='bbox 1308 288 1386 322; x_wconf 78' lang='grc' dir='ltr'>ἦκται</span> <span class='ocrx_word' id='word_1_230' title='bbox 1402 287 1434 313; x_wconf 63' lang='grc' dir='ltr'><strong>λθ</strong></span> <span class='ocrx_word' id='word_1_231' title='bbox 1447 287 1548 328; x_wconf 70' lang='grc' dir='ltr'>καλῶς,</span> <span class='ocrx_word' id='word_1_232' title='bbox 1570 287 1628 317; x_wconf 70' lang='grc' dir='ltr'>οὐδὲ</span> <span class='ocrx_word' id='word_1_233' title='bbox 1649 287 1770 316; x_wconf 74' lang='grc' dir='ltr'><strong>λελύσθαι</strong></span> <span class='ocrx_word' id='word_1_234' title='bbox 1786 287 1881 326; x_wconf 81' lang='grc' dir='ltr'>λέγεται</span> <span class='ocrx_word' id='word_1_235' title='bbox 1895 295 1900 301; x_wconf 94' lang='grc'>·</span> 
     </span>
    </p>
   </div>
   <div class='ocr_carea' id='block_1_37' title="bbox 1098 330 1901 373">
    <p class='ocr_par' dir='ltr' id='par_1_37' title="bbox 1098 330 1901 373">
     <span class='ocr_line' id='line_1_37' title="bbox 1098 330 1901 373; baseline 0.001 -14"><span class='ocrx_word' id='word_1_236' title='bbox 1098 330 1156 359; x_wconf 82' lang='grc' dir='ltr'>ἀλλ’</span> <span class='ocrx_word' id='word_1_237' title='bbox 1178 332 1305 372; x_wconf 82' lang='grc' dir='ltr'>ἀπαρχῆς</span> <span class='ocrx_word' id='word_1_238' title='bbox 1333 331 1402 360; x_wconf 85' lang='grc' dir='ltr'>δέσιν</span> <span class='ocrx_word' id='word_1_239' title='bbox 1422 333 1462 371; x_wconf 82' lang='grc' dir='ltr'><strong>μὴ</strong></span> <span class='ocrx_word' id='word_1_240' title='bbox 1491 332 1637 373; x_wconf 70' lang='grc' dir='ltr'><strong>ἐσχηκέναι</strong></span> <span class='ocrx_word' id='word_1_241' title='bbox 1653 341 1661 349; x_wconf 91' lang='grc'>⁶</span> <span class='ocrx_word' id='word_1_242' title='bbox 1685 334 1698 360; x_wconf 84' lang='grc' dir='ltr'>ὁ</span> <span class='ocrx_word' id='word_1_243' title='bbox 1729 332 1818 370; x_wconf 86' lang='grc' dir='ltr'>μέντοι</span> <span class='ocrx_word' id='word_1_244' title='bbox 1848 343 1901 360; x_wconf 80' lang='grc' dir='ltr'>κατ-</span> 
     </span>
    </p>
   </div>
   <div class='ocr_carea' id='block_1_38' title="bbox 1097 375 1900 417">
    <p class='ocr_par' dir='ltr' id='par_1_38' title="bbox 1097 375 1900 417">
     <span class='ocr_line' id='line_1_38' title="bbox 1097 375 1900 417; baseline -0.001 -13"><span class='ocrx_word' id='word_1_245' title='bbox 1097 376 1194 415; x_wconf 78' lang='grc' dir='ltr'>ήγορος</span> <span class='ocrx_word' id='word_1_246' title='bbox 1218 376 1351 412; x_wconf 77' lang='grc' dir='ltr'><strong>ἀλήπτους</strong></span> <span class='ocrx_word' id='word_1_247' title='bbox 1380 376 1457 410; x_wconf 73' lang='grc' dir='ltr'>ὄντας</span> <span class='ocrx_word' id='word_1_248' title='bbox 1484 379 1543 410; x_wconf 85' lang='grc' dir='ltr'>τοὺς</span> <span class='ocrx_word' id='word_1_249' title='bbox 1570 378 1700 417; x_wconf 79' lang='grc' dir='ltr'>μάρτυρας</span> <span class='ocrx_word' id='word_1_250' title='bbox 1727 377 1771 405; x_wconf 81' lang='grc' dir='ltr'><strong>καὶ</strong></span> <span class='ocrx_word' id='word_1_251' title='bbox 1795 375 1900 409; x_wconf 74' lang='grc' dir='ltr'>διαϐολῆς</span> 
     </span>
    </p>
   </div>
   <div class='ocr_carea' id='block_1_39' title="bbox 1098 420 1899 462">
    <p class='ocr_par' dir='ltr' id='par_1_39' title="bbox 1098 420 1899 462">
     <span class='ocr_line' id='line_1_39' title="bbox 1098 420 1899 462; baseline 0.002 -15"><span class='ocrx_word' id='word_1_252' title='bbox 1098 420 1263 461; x_wconf 65' lang='grc' dir='ltr'>ὑπερτέρους,</span> <span class='ocrx_word' id='word_1_253' title='bbox 1300 422 1347 455; x_wconf 79' lang='grc' dir='ltr'><strong>τὴν</strong></span> <span class='ocrx_word' id='word_1_254' title='bbox 1384 422 1433 459; x_wconf 81' lang='grc' dir='ltr'>μὲν</span> <span class='ocrx_word' id='word_1_255' title='bbox 1461 421 1628 462; x_wconf 68' lang='grc' dir='ltr'><strong>ἐπινέμησιν,</strong></span> <span class='ocrx_word' id='word_1_256' title='bbox 1658 422 1701 449; x_wconf 84' lang='grc' dir='ltr'><strong>καὶ</strong></span> <span class='ocrx_word' id='word_1_257' title='bbox 1735 421 1768 454; x_wconf 76' lang='grc' dir='ltr'>ἦν</span> <span class='ocrx_word' id='word_1_258' title='bbox 1796 421 1809 449; x_wconf 81' lang='grc' dir='ltr'>ὁ</span> <span class='ocrx_word' id='word_1_259' title='bbox 1831 421 1899 459; x_wconf 75' lang='grc' dir='ltr'>γάμος</span> 
     </span>
    </p>
   </div>
   <div class='ocr_carea' id='block_1_40' title="bbox 1095 464 1899 503">
    <p class='ocr_par' dir='ltr' id='par_1_40' title="bbox 1095 464 1899 503">
     <span class='ocr_line' id='line_1_40' title="bbox 1095 464 1899 503; baseline 0.001 -12"><span class='ocrx_word' id='word_1_260' title='bbox 1095 464 1216 502; x_wconf 76' lang='grc' dir='ltr'><strong>συνέστη,</strong></span> <span class='ocrx_word' id='word_1_261' title='bbox 1241 466 1284 493; x_wconf 86' lang='grc' dir='ltr'><strong>καὶ</strong></span> <span class='ocrx_word' id='word_1_262' title='bbox 1304 464 1363 494; x_wconf 80' lang='grc' dir='ltr'>καθ’</span> <span class='ocrx_word' id='word_1_263' title='bbox 1385 467 1418 499; x_wconf 76' lang='grc' dir='ltr'>ἣν</span> <span class='ocrx_word' id='word_1_264' title='bbox 1451 466 1564 500; x_wconf 82' lang='grc' dir='ltr'><strong>ἐπῆλθεν</strong></span> <span class='ocrx_word' id='word_1_265' title='bbox 1591 467 1608 500; x_wconf 81' lang='grc' dir='ltr'>ἠ</span> <span class='ocrx_word' id='word_1_266' title='bbox 1636 465 1761 499; x_wconf 78' lang='grc' dir='ltr'>τελευτὴν</span> <span class='ocrx_word' id='word_1_267' title='bbox 1790 468 1822 503; x_wconf 74' lang='grc' dir='ltr'><strong>τῇ</strong></span> <span class='ocrx_word' id='word_1_268' title='bbox 1847 465 1899 503; x_wconf 66' lang='grc' dir='ltr'>κόρῃ</span> 
     </span>
    </p>
   </div>
   <div class='ocr_carea' id='block_1_41' title="bbox 1095 507 1899 550">
    <p class='ocr_par' dir='ltr' id='par_1_41' title="bbox 1095 507 1899 550">
     <span class='ocr_line' id='line_1_41' title="bbox 1095 507 1899 550; baseline 0 -14"><span class='ocrx_word' id='word_1_269' title='bbox 1095 507 1199 542; x_wconf 77' lang='grc' dir='ltr'>ἀληθῶς</span> <span class='ocrx_word' id='word_1_270' title='bbox 1236 509 1286 550; x_wconf 64' lang='grc' dir='ltr'>ἔφη</span> <span class='ocrx_word' id='word_1_271' title='bbox 1322 509 1462 542; x_wconf 78' lang='grc' dir='ltr'><strong>διεξελθεῖν</strong></span> <span class='ocrx_word' id='word_1_272' title='bbox 1477 519 1485 527; x_wconf 87' lang='grc'><strong><em>⁸</em></strong></span> <span class='ocrx_word' id='word_1_273' title='bbox 1525 511 1590 550; x_wconf 76' lang='grc' dir='ltr'>πρὸς</span> <span class='ocrx_word' id='word_1_274' title='bbox 1619 509 1647 538; x_wconf 76' lang='grc' dir='ltr'><strong>δὲ</strong></span> <span class='ocrx_word' id='word_1_275' title='bbox 1681 511 1726 538; x_wconf 78' lang='grc' dir='ltr'>τὸν</span> <span class='ocrx_word' id='word_1_276' title='bbox 1755 510 1805 542; x_wconf 75' lang='grc' dir='ltr'>τῆς</span> <span class='ocrx_word' id='word_1_277' title='bbox 1837 509 1899 547; x_wconf 77' lang='grc' dir='ltr'>γενέ-</span> 
     </span>
    </p>
   </div>
   <div class='ocr_carea' id='block_1_42' title="bbox 1095 553 1900 594">
    <p class='ocr_par' dir='ltr' id='par_1_42' title="bbox 1095 553 1900 594">
     <span class='ocr_line' id='line_1_42' title="bbox 1095 553 1900 594; baseline 0 -14"><span class='ocrx_word' id='word_1_278' title='bbox 1095 563 1162 585; x_wconf 88' lang='grc' dir='ltr'>σεως</span> <span class='ocrx_word' id='word_1_279' title='bbox 1185 554 1281 594; x_wconf 84' lang='grc' dir='ltr'>χρόνον</span> <span class='ocrx_word' id='word_1_280' title='bbox 1311 553 1448 594; x_wconf 75' lang='grc' dir='ltr'>ἐσφάλθαι.</span> <span class='ocrx_word' id='word_1_281' title='bbox 1479 554 1585 584; x_wconf 71' lang='grc' dir='ltr'>Οἵεσθαι</span> <span class='ocrx_word' id='word_1_282' title='bbox 1614 555 1664 594; x_wconf 78' lang='grc' dir='ltr'><strong>γὰρ</strong></span> <span class='ocrx_word' id='word_1_283' title='bbox 1694 553 1900 586; x_wconf 73' lang='grc' dir='ltr'>ἑνιαυτῶνέξκαὶ</span> 
     </span>
    </p>
   </div>
   <div class='ocr_carea' id='block_1_43' title="bbox 1094 598 1898 638">
    <p class='ocr_par' dir='ltr' id='par_1_43' title="bbox 1094 598 1898 638">
     <span class='ocr_line' id='line_1_43' title="bbox 1094 598 1898 638; baseline 0.004 -13"><span class='ocrx_word' id='word_1_284' title='bbox 1094 601 1186 634; x_wconf 84' lang='grc' dir='ltr'>μηνῶν</span> <span class='ocrx_word' id='word_1_285' title='bbox 1200 599 1340 637; x_wconf 73' lang='grc' dir='ltr'>ἰσαρίθμων</span> <span class='ocrx_word' id='word_1_286' title='bbox 1369 599 1438 627; x_wconf 82' lang='grc' dir='ltr'>εἶναι</span> <span class='ocrx_word' id='word_1_287' title='bbox 1466 601 1533 628; x_wconf 78' lang='grc' dir='ltr'>κατὰ</span> <span class='ocrx_word' id='word_1_288' title='bbox 1560 600 1605 627; x_wconf 83' lang='grc' dir='ltr'><strong>τον</strong></span> <span class='ocrx_word' id='word_1_289' title='bbox 1626 604 1673 628; x_wconf 78' lang='grc' dir='ltr'>τοῦ</span> <span class='ocrx_word' id='word_1_290' title='bbox 1699 599 1786 638; x_wconf 84' lang='grc' dir='ltr'><strong>γάμου</strong></span> <span class='ocrx_word' id='word_1_291' title='bbox 1813 598 1898 637; x_wconf 73' lang='grc' dir='ltr'>καιρὸν.</span> 
     </span>
    </p>
   </div>
   <div class='ocr_carea' id='block_1_44' title="bbox 1096 638 1899 680">
    <p class='ocr_par' dir='ltr' id='par_1_44' title="bbox 1096 638 1899 680">
     <span class='ocr_line' id='line_1_44' title="bbox 1096 638 1899 680; baseline 0.004 -10"><span class='ocrx_word' id='word_1_292' title='bbox 1096 638 1127 670; x_wconf 75' lang='grc' dir='ltr'><strong>Ἦ</strong></span> <span class='ocrx_word' id='word_1_293' title='bbox 1163 642 1190 670; x_wconf 82' lang='grc' dir='ltr'>δὲ</span> <span class='ocrx_word' id='word_1_294' title='bbox 1217 643 1326 677; x_wconf 76' lang='grc' dir='ltr'>τοιαύτη</span> <span class='ocrx_word' id='word_1_295' title='bbox 1353 643 1478 675; x_wconf 76' lang='grc' dir='ltr'>ἀντίθεσις</span> <span class='ocrx_word' id='word_1_296' title='bbox 1505 643 1563 672; x_wconf 79' lang='grc' dir='ltr'>κατ’</span> <span class='ocrx_word' id='word_1_297' title='bbox 1603 643 1674 672; x_wconf 74' lang='grc' dir='ltr'>οὒδέν</span> <span class='ocrx_word' id='word_1_298' title='bbox 1709 643 1825 680; x_wconf 70' lang='grc' dir='ltr'>ἐπήμυνε</span> <span class='ocrx_word' id='word_1_299' title='bbox 1853 650 1899 674; x_wconf 77' lang='grc' dir='ltr'>ταῖς</span> 
     </span>
    </p>
   </div>
   <div class='ocr_carea' id='block_1_45' title="bbox 1093 686 1900 727">
    <p class='ocr_par' dir='ltr' id='par_1_45' title="bbox 1093 686 1900 727">
     <span class='ocr_line' id='line_1_45' title="bbox 1093 686 1900 727; baseline 0 -13"><span class='ocrx_word' id='word_1_300' title='bbox 1093 687 1186 716; x_wconf 80' lang='grc' dir='ltr'>τούτου</span> <span class='ocrx_word' id='word_1_301' title='bbox 1214 686 1410 726; x_wconf 67' lang='grc' dir='ltr'>δικαιολογίαις,</span> <span class='ocrx_word' id='word_1_302' title='bbox 1435 687 1555 716; x_wconf 73' lang='grc' dir='ltr'>ἀτέλειαν</span> <span class='ocrx_word' id='word_1_303' title='bbox 1578 688 1684 723; x_wconf 76' lang='grc' dir='ltr'>ἡλικίας</span> <span class='ocrx_word' id='word_1_304' title='bbox 1713 687 1900 727; x_wconf 70' lang='grc' dir='ltr'>ὁμολογοῦντος,</span> 
     </span>
    </p>
   </div>
   <div class='ocr_carea' id='block_1_46' title="bbox 1094 731 1898 772">
    <p class='ocr_par' dir='ltr' id='par_1_46' title="bbox 1094 731 1898 772">
     <span class='ocr_line' id='line_1_46' title="bbox 1094 731 1898 772; baseline 0 -13"><span class='ocrx_word' id='word_1_305' title='bbox 1094 733 1136 760; x_wconf 82' lang='grc' dir='ltr'><strong>καὶ</strong></span> <span class='ocrx_word' id='word_1_306' title='bbox 1164 731 1228 769; x_wconf 82' lang='grc' dir='ltr'>μηδ’</span> <span class='ocrx_word' id='word_1_307' title='bbox 1263 733 1334 770; x_wconf 71' lang='grc' dir='ltr'><strong>αὖτῷ</strong></span> <span class='ocrx_word' id='word_1_308' title='bbox 1361 736 1400 770; x_wconf 84' lang='grc' dir='ltr'><strong>τῷ</strong></span> <span class='ocrx_word' id='word_1_309' title='bbox 1433 733 1534 771; x_wconf 79' lang='grc' dir='ltr'>ῥηθέντι</span> <span class='ocrx_word' id='word_1_310' title='bbox 1579 732 1689 772; x_wconf 49' lang='lat' dir='ltr'><strong>negem</strong></span> <span class='ocrx_word' id='word_1_311' title='bbox 1734 732 1898 771; x_wconf 74' lang='grc' dir='ltr'>ἐμμένοντος·</span> 
     </span>
    </p>
   </div>
   <div class='ocr_carea' id='block_1_47' title="bbox 1092 775 1899 815">
    <p class='ocr_par' dir='ltr' id='par_1_47' title="bbox 1092 775 1899 815">
     <span class='ocr_line' id='line_1_47' title="bbox 1092 775 1899 815; baseline -0.001 -11"><span class='ocrx_word' id='word_1_312' title='bbox 1092 775 1150 804; x_wconf 79' lang='grc' dir='ltr'>ἀλλ’</span> <span class='ocrx_word' id='word_1_313' title='bbox 1180 777 1297 814; x_wconf 68' lang='grc' dir='ltr'>εἱκασμῷ</span> <span class='ocrx_word' id='word_1_314' title='bbox 1333 778 1377 805; x_wconf 83' lang='grc' dir='ltr'><strong>καὶ</strong></span> <span class='ocrx_word' id='word_1_315' title='bbox 1419 776 1477 814; x_wconf 87' lang='grc' dir='ltr'>μετ’</span> <span class='ocrx_word' id='word_1_316' title='bbox 1517 776 1671 815; x_wconf 65' lang='grc' dir='ltr'>ἐνδοιασμοῦ</span> <span class='ocrx_word' id='word_1_317' title='bbox 1705 777 1756 804; x_wconf 56' lang='grc' dir='ltr'>τὶν</span> <span class='ocrx_word' id='word_1_318' title='bbox 1791 776 1899 804; x_wconf 69' lang='lat' dir='ltr'><strong>amem</strong></span> 
     </span>
    </p>
   </div>
   <div class='ocr_carea' id='block_1_48' title="bbox 1092 820 1897 861">
    <p class='ocr_par' dir='ltr' id='par_1_48' title="bbox 1092 820 1897 861">
     <span class='ocr_line' id='line_1_48' title="bbox 1092 820 1897 861; baseline 0 -13"><span class='ocrx_word' id='word_1_319' title='bbox 1092 821 1259 858; x_wconf 81' lang='grc' dir='ltr'>ποιουμένου.</span> <span class='ocrx_word' id='word_1_320' title='bbox 1284 822 1330 850; x_wconf 79' lang='grc' dir='ltr'><strong>Καὶ</strong></span> <span class='ocrx_word' id='word_1_321' title='bbox 1347 823 1360 849; x_wconf 78' lang='grc' dir='ltr'>δ</span> <span class='ocrx_word' id='word_1_322' title='bbox 1382 824 1616 861; x_wconf 83' lang='grc' dir='ltr'>προκατηγορῆσαι</span> <span class='ocrx_word' id='word_1_323' title='bbox 1642 821 1787 860; x_wconf 83' lang='grc' dir='ltr'>λεγόμενος</span> <span class='ocrx_word' id='word_1_324' title='bbox 1818 820 1897 848; x_wconf 74' lang='grc' dir='ltr'>Μαλα-</span> 
     </span>
    </p>
   </div>
   <div class='ocr_carea' id='block_1_49' title="bbox 1092 864 1896 906">
    <p class='ocr_par' dir='ltr' id='par_1_49' title="bbox 1092 864 1896 906">
     <span class='ocr_line' id='line_1_49' title="bbox 1092 864 1896 906; baseline -0.001 -14"><span class='ocrx_word' id='word_1_325' title='bbox 1092 865 1172 898; x_wconf 82' lang='grc' dir='ltr'>κηνὸς</span> <span class='ocrx_word' id='word_1_326' title='bbox 1196 865 1286 904; x_wconf 75' lang='grc' dir='ltr'>ἀχθεὶς</span> <span class='ocrx_word' id='word_1_327' title='bbox 1314 866 1350 897; x_wconf 86' lang='grc' dir='ltr'>εἷς</span> <span class='ocrx_word' id='word_1_328' title='bbox 1377 866 1407 893; x_wconf 76' lang='grc' dir='ltr'>τὸ</span> <span class='ocrx_word' id='word_1_329' title='bbox 1436 864 1613 906; x_wconf 60' lang='grc' dir='ltr'>δικαστήριον,</span> <span class='ocrx_word' id='word_1_330' title='bbox 1636 866 1680 894; x_wconf 86' lang='grc' dir='ltr'><strong>καὶ</strong></span> <span class='ocrx_word' id='word_1_331' title='bbox 1708 864 1794 902; x_wconf 77' lang='grc' dir='ltr'>μηδὲν</span> <span class='ocrx_word' id='word_1_332' title='bbox 1815 864 1896 895; x_wconf 78' lang='grc' dir='ltr'>ἄτοπον</span> 
     </span>
    </p>
   </div>
   <div class='ocr_carea' id='block_1_50' title="bbox 1093 908 1897 948">
    <p class='ocr_par' dir='ltr' id='par_1_50' title="bbox 1093 908 1897 948">
     <span class='ocr_line' id='line_1_50' title="bbox 1093 908 1897 948; baseline 0 -12"><span class='ocrx_word' id='word_1_333' title='bbox 1093 908 1234 937; x_wconf 78' lang='grc' dir='ltr'>συνειδέναι</span> <span class='ocrx_word' id='word_1_334' title='bbox 1267 913 1306 946; x_wconf 87' lang='grc' dir='ltr'>τῷ</span> <span class='ocrx_word' id='word_1_335' title='bbox 1342 908 1537 948; x_wconf 85' lang='grc' dir='ltr'>συναλλάγματι</span> <span class='ocrx_word' id='word_1_336' title='bbox 1571 913 1672 948; x_wconf 79' lang='grc' dir='ltr'>τρανῶς</span> <span class='ocrx_word' id='word_1_337' title='bbox 1709 910 1816 943; x_wconf 74' lang='grc' dir='ltr'>ἀνεῖπε,</span> <span class='ocrx_word' id='word_1_338' title='bbox 1843 910 1897 946; x_wconf 70' lang='grc' dir='ltr'>μήτε</span> 
     </span>
    </p>
   </div>
   <div class='ocr_carea' id='block_1_51' title="bbox 1090 952 1897 994">
    <p class='ocr_par' dir='ltr' id='par_1_51' title="bbox 1090 952 1897 994">
     <span class='ocr_line' id='line_1_51' title="bbox 1090 952 1897 994; baseline 0.002 -13"><span class='ocrx_word' id='word_1_339' title='bbox 1090 964 1115 981; x_wconf 88' lang='grc' dir='ltr'><strong>τι</strong></span> <span class='ocrx_word' id='word_1_340' title='bbox 1141 956 1230 993; x_wconf 75' lang='grc' dir='ltr'>σαφῶς</span> <span class='ocrx_word' id='word_1_341' title='bbox 1253 952 1345 982; x_wconf 79' lang='grc' dir='ltr'>εἰδέναι</span> <span class='ocrx_word' id='word_1_342' title='bbox 1374 953 1392 987; x_wconf 72' lang='grc' dir='ltr'><strong>ἢ</strong></span> <span class='ocrx_word' id='word_1_343' title='bbox 1421 955 1479 992; x_wconf 83' lang='grc' dir='ltr'>περὶ</span> <span class='ocrx_word' id='word_1_344' title='bbox 1509 957 1555 982; x_wconf 71' lang='grc' dir='ltr'>τοῦ</span> <span class='ocrx_word' id='word_1_345' title='bbox 1583 954 1681 994; x_wconf 83' lang='grc' dir='ltr'>χρόνου</span> <span class='ocrx_word' id='word_1_346' title='bbox 1709 955 1760 988; x_wconf 79' lang='grc' dir='ltr'><strong>τὴς</strong></span> <span class='ocrx_word' id='word_1_347' title='bbox 1787 953 1897 992; x_wconf 71' lang='grc' dir='ltr'>γενέσεως</span> 
     </span>
    </p>
   </div>
   <div class='ocr_carea' id='block_1_52' title="bbox 1091 997 1896 1037">
    <p class='ocr_par' dir='ltr' id='par_1_52' title="bbox 1091 997 1896 1037">
     <span class='ocr_line' id='line_1_52' title="bbox 1091 997 1896 1037; baseline 0 -11"><span class='ocrx_word' id='word_1_348' title='bbox 1091 1000 1140 1031; x_wconf 80' lang='grc' dir='ltr'>τῆς</span> <span class='ocrx_word' id='word_1_349' title='bbox 1160 998 1251 1036; x_wconf 81' lang='grc' dir='ltr'>κόρης,</span> <span class='ocrx_word' id='word_1_350' title='bbox 1274 998 1292 1032; x_wconf 74' lang='grc' dir='ltr'>ἣ</span> <span class='ocrx_word' id='word_1_351' title='bbox 1320 999 1366 1026; x_wconf 80' lang='grc' dir='ltr'>τοῦ</span> <span class='ocrx_word' id='word_1_352' title='bbox 1393 1001 1442 1032; x_wconf 77' lang='grc' dir='ltr'><strong>τῆς</strong></span> <span class='ocrx_word' id='word_1_353' title='bbox 1471 997 1628 1037; x_wconf 74' lang='grc' dir='ltr'>ἱερολογίας,</span> <span class='ocrx_word' id='word_1_354' title='bbox 1660 998 1679 1032; x_wconf 76' lang='grc' dir='ltr'>ἢ</span> <span class='ocrx_word' id='word_1_355' title='bbox 1707 1001 1759 1033; x_wconf 78' lang='grc' dir='ltr'>τῆς</span> <span class='ocrx_word' id='word_1_356' title='bbox 1780 997 1896 1030; x_wconf 70' lang='grc' dir='ltr'>τελευτῆς,</span> 
     </span>
    </p>
   </div>
   <div class='ocr_carea' id='block_1_53' title="bbox 1092 1042 1898 1083">
    <p class='ocr_par' dir='ltr' id='par_1_53' title="bbox 1092 1042 1898 1083">
     <span class='ocr_line' id='line_1_53' title="bbox 1092 1042 1898 1083; baseline -0.002 -11"><span class='ocrx_word' id='word_1_357' title='bbox 1092 1045 1146 1076; x_wconf 81' lang='grc' dir='ltr'><strong>Τῆς</strong></span> <span class='ocrx_word' id='word_1_358' title='bbox 1175 1042 1328 1080; x_wconf 78' lang='grc' dir='ltr'>δοκιμασίας</span> <span class='ocrx_word' id='word_1_359' title='bbox 1363 1043 1448 1071; x_wconf 82' lang='grc' dir='ltr'>τοίνυν</span> <span class='ocrx_word' id='word_1_360' title='bbox 1477 1043 1513 1075; x_wconf 81' lang='grc' dir='ltr'>εἷς</span> <span class='ocrx_word' id='word_1_361' title='bbox 1552 1043 1627 1071; x_wconf 70' lang='grc' dir='ltr'>τοῦτο</span> <span class='ocrx_word' id='word_1_362' title='bbox 1664 1043 1898 1083; x_wconf 54' lang='grc' dir='ltr'>προκεχωρηκυᾶς,</span> 
     </span>
    </p>
   </div>
   <div class='ocr_carea' id='block_1_54' title="bbox 1092 1086 1898 1127">
    <p class='ocr_par' dir='ltr' id='par_1_54' title="bbox 1092 1086 1898 1127">
     <span class='ocr_line' id='line_1_54' title="bbox 1092 1086 1898 1127; baseline -0.001 -13"><span class='ocrx_word' id='word_1_363' title='bbox 1092 1088 1135 1115; x_wconf 84' lang='grc' dir='ltr'><strong>καὶ</strong></span> <span class='ocrx_word' id='word_1_364' title='bbox 1162 1087 1212 1120; x_wconf 78' lang='grc' dir='ltr'><strong>τὴν</strong></span> <span class='ocrx_word' id='word_1_365' title='bbox 1237 1087 1373 1126; x_wconf 75' lang='grc' dir='ltr'>μαρτύρων</span> <span class='ocrx_word' id='word_1_366' title='bbox 1394 1087 1432 1125; x_wconf 81' lang='grc' dir='ltr'>μὴ</span> <span class='ocrx_word' id='word_1_367' title='bbox 1457 1086 1658 1115; x_wconf 75' lang='grc' dir='ltr'>διαπειλᾶντων</span> <span class='ocrx_word' id='word_1_368' title='bbox 1680 1088 1780 1127; x_wconf 84' lang='grc' dir='ltr'>χρόνου</span> <span class='ocrx_word' id='word_1_369' title='bbox 1793 1088 1818 1112; x_wconf 77' lang='grc'><strong>41</strong></span> <span class='ocrx_word' id='word_1_370' title='bbox 1850 1098 1898 1115; x_wconf 78' lang='grc' dir='ltr'>χαι-</span> 
     </span>
    </p>
   </div>
   <div class='ocr_carea' id='block_1_55' title="bbox 1092 1130 1898 1172">
    <p class='ocr_par' dir='ltr' id='par_1_55' title="bbox 1092 1130 1898 1172">
     <span class='ocr_line' id='line_1_55' title="bbox 1092 1130 1898 1172; baseline -0.001 -13"><span class='ocrx_word' id='word_1_371' title='bbox 1092 1132 1136 1170; x_wconf 79' lang='grc' dir='ltr'><strong>ρὸν</strong></span> <span class='ocrx_word' id='word_1_372' title='bbox 1163 1132 1207 1159; x_wconf 87' lang='grc' dir='ltr'><strong>καὶ</strong></span> <span class='ocrx_word' id='word_1_373' title='bbox 1235 1131 1390 1169; x_wconf 72' lang='grc' dir='ltr'>μνηστείας,</span> <span class='ocrx_word' id='word_1_374' title='bbox 1420 1130 1487 1159; x_wconf 75' lang='grc' dir='ltr'>ἀλλὰ</span> <span class='ocrx_word' id='word_1_375' title='bbox 1516 1131 1639 1172; x_wconf 76' lang='grc' dir='ltr'>φαμένων</span> <span class='ocrx_word' id='word_1_376' title='bbox 1677 1131 1823 1171; x_wconf 79' lang='grc' dir='ltr'>ἱερολογίαν</span> <span class='ocrx_word' id='word_1_377' title='bbox 1848 1132 1898 1159; x_wconf 70' lang='grc' dir='ltr'>θεά-</span> 
     </span>
    </p>
   </div>
   <div class='ocr_carea' id='block_1_56' title="bbox 1090 1174 1897 1216">
    <p class='ocr_par' dir='ltr' id='par_1_56' title="bbox 1090 1174 1897 1216">
     <span class='ocr_line' id='line_1_56' title="bbox 1090 1174 1897 1216; baseline 0.001 -13"><span class='ocrx_word' id='word_1_378' title='bbox 1090 1177 1183 1204; x_wconf 84' lang='grc' dir='ltr'>σασθαι</span> <span class='ocrx_word' id='word_1_379' title='bbox 1202 1175 1363 1214; x_wconf 74' lang='grc' dir='ltr'>τελουμένην</span> <span class='ocrx_word' id='word_1_380' title='bbox 1380 1185 1387 1192; x_wconf 88' lang='grc'><strong>·</strong></span> <span class='ocrx_word' id='word_1_381' title='bbox 1411 1175 1518 1214; x_wconf 77' lang='grc' dir='ltr'>ἀγνοεῖν</span> <span class='ocrx_word' id='word_1_382' title='bbox 1540 1174 1579 1213; x_wconf 75' lang='grc' dir='ltr'><strong>δὲ,</strong></span> <span class='ocrx_word' id='word_1_383' title='bbox 1605 1177 1627 1204; x_wconf 74' lang='grc' dir='ltr'><strong>εἰ</strong></span> <span class='ocrx_word' id='word_1_384' title='bbox 1656 1176 1806 1216; x_wconf 77' lang='grc' dir='ltr'>προύπῆρξε</span> <span class='ocrx_word' id='word_1_385' title='bbox 1839 1187 1897 1213; x_wconf 83' lang='grc' dir='ltr'>μνη-</span> 
     </span>
    </p>
   </div>
   <div class='ocr_carea' id='block_1_57' title="bbox 1091 1219 1896 1260">
    <p class='ocr_par' dir='ltr' id='par_1_57' title="bbox 1091 1219 1896 1260">
     <span class='ocr_line' id='line_1_57' title="bbox 1091 1219 1896 1260; baseline 0 -12"><span class='ocrx_word' id='word_1_386' title='bbox 1091 1220 1162 1248; x_wconf 84' lang='grc' dir='ltr'>στεία</span> <span class='ocrx_word' id='word_1_387' title='bbox 1204 1219 1262 1248; x_wconf 84' lang='grc' dir='ltr'>κατ’</span> <span class='ocrx_word' id='word_1_388' title='bbox 1298 1220 1378 1254; x_wconf 59' lang='grc' dir='ltr'>αὐτὴν</span> <span class='ocrx_word' id='word_1_389' title='bbox 1419 1220 1520 1259; x_wconf 81' lang='grc' dir='ltr'>ἡμέραν</span> <span class='ocrx_word' id='word_1_390' title='bbox 1535 1229 1544 1238; x_wconf 85' lang='grc'>⁶</span> <span class='ocrx_word' id='word_1_391' title='bbox 1588 1219 1661 1250; x_wconf 72' lang='grc' dir='ltr'>οὖδὲν</span> <span class='ocrx_word' id='word_1_392' title='bbox 1701 1221 1735 1255; x_wconf 84' lang='grc' dir='ltr'><strong>ἧν</strong></span> <span class='ocrx_word' id='word_1_393' title='bbox 1764 1222 1794 1249; x_wconf 83' lang='grc' dir='ltr'>τὸ</span> <span class='ocrx_word' id='word_1_394' title='bbox 1827 1231 1896 1260; x_wconf 68' lang='grc' dir='ltr'>προτ-</span> 
     </span>
    </p>
   </div>
   <div class='ocr_carea' id='block_1_58' title="bbox 1090 1264 1894 1304">
    <p class='ocr_par' dir='ltr' id='par_1_58' title="bbox 1090 1264 1894 1304">
     <span class='ocr_line' id='line_1_58' title="bbox 1090 1264 1894 1304; baseline 0.001 -12"><span class='ocrx_word' id='word_1_395' title='bbox 1090 1264 1229 1302; x_wconf 80' lang='grc' dir='ltr'>ιστάμενον</span> <span class='ocrx_word' id='word_1_396' title='bbox 1242 1275 1276 1302; x_wconf 82' lang='grc' dir='ltr'>τῃ</span> <span class='ocrx_word' id='word_1_397' title='bbox 1300 1264 1442 1304; x_wconf 76' lang='grc' dir='ltr'>ἀποφάσει.</span> <span class='ocrx_word' id='word_1_398' title='bbox 1467 1265 1495 1292; x_wconf 84' lang='grc' dir='ltr'><strong>Εἰ</strong></span> <span class='ocrx_word' id='word_1_399' title='bbox 1516 1265 1565 1302; x_wconf 74' lang='grc' dir='ltr'>μὲν</span> <span class='ocrx_word' id='word_1_400' title='bbox 1586 1265 1635 1304; x_wconf 76' lang='grc' dir='ltr'><strong>γὰρ</strong></span> <span class='ocrx_word' id='word_1_401' title='bbox 1663 1264 1798 1304; x_wconf 74' lang='grc' dir='ltr'>ὑπερόἇσα</span> <span class='ocrx_word' id='word_1_402' title='bbox 1831 1265 1859 1299; x_wconf 79' lang='grc' dir='ltr'>ἦν</span> <span class='ocrx_word' id='word_1_403' title='bbox 1883 1265 1894 1296; x_wconf 69' lang='grc' dir='ltr'><strong>ἡ</strong></span> 
     </span>
    </p>
   </div>
   <div class='ocr_carea' id='block_1_59' title="bbox 1089 1307 1894 1349">
    <p class='ocr_par' dir='ltr' id='par_1_59' title="bbox 1089 1307 1894 1349">
     <span class='ocr_line' id='line_1_59' title="bbox 1089 1307 1894 1349; baseline 0.004 -13"><span class='ocrx_word' id='word_1_404' title='bbox 1089 1309 1154 1349; x_wconf 78' lang='grc' dir='ltr'>κόρη</span> <span class='ocrx_word' id='word_1_405' title='bbox 1189 1310 1234 1337; x_wconf 79' lang='grc' dir='ltr'>τὸν</span> <span class='ocrx_word' id='word_1_406' title='bbox 1263 1307 1373 1346; x_wconf 76' lang='grc' dir='ltr'>ἕϐδομον</span> <span class='ocrx_word' id='word_1_407' title='bbox 1402 1309 1528 1347; x_wconf 67' lang='grc' dir='ltr'>ἐνιαυτὸν,</span> <span class='ocrx_word' id='word_1_408' title='bbox 1567 1309 1610 1337; x_wconf 76' lang='grc' dir='ltr'>ὅτε</span> <span class='ocrx_word' id='word_1_409' title='bbox 1638 1309 1671 1337; x_wconf 77' lang='grc' dir='ltr'><strong>τὰ</strong></span> <span class='ocrx_word' id='word_1_410' title='bbox 1698 1311 1749 1344; x_wconf 77' lang='grc' dir='ltr'>τῆς</span> <span class='ocrx_word' id='word_1_411' title='bbox 1768 1308 1894 1349; x_wconf 63' lang='grc' dir='ltr'>ίερολογίκ</span> 
     </span>
    </p>
   </div>
   <div class='ocr_carea' id='block_1_60' title="bbox 1089 1353 1894 1393">
    <p class='ocr_par' dir='ltr' id='par_1_60' title="bbox 1089 1353 1894 1393">
     <span class='ocr_line' id='line_1_60' title="bbox 1089 1353 1894 1393; baseline -0.001 -13"><span class='ocrx_word' id='word_1_412' title='bbox 1089 1353 1265 1393; x_wconf 72' lang='grc' dir='ltr'>ὑπεθειάζετο,</span> <span class='ocrx_word' id='word_1_413' title='bbox 1301 1355 1437 1392; x_wconf 83' lang='grc' dir='ltr'>προσῆκον</span> <span class='ocrx_word' id='word_1_414' title='bbox 1475 1353 1508 1387; x_wconf 77' lang='grc' dir='ltr'>ἦν</span> <span class='ocrx_word' id='word_1_415' title='bbox 1542 1353 1603 1393; x_wconf 69' lang='grc' dir='ltr'>ἄρα,</span> <span class='ocrx_word' id='word_1_416' title='bbox 1636 1359 1682 1384; x_wconf 86' lang='grc' dir='ltr'>τοῦ</span> <span class='ocrx_word' id='word_1_417' title='bbox 1718 1355 1806 1392; x_wconf 75' lang='grc' dir='ltr'>γάμου</span> <span class='ocrx_word' id='word_1_418' title='bbox 1838 1353 1894 1383; x_wconf 65' lang='grc' dir='ltr'>ἐντὸς</span> 
     </span>
    </p>
   </div>
   <div class='ocr_carea' id='block_1_61' title="bbox 1090 1397 1893 1438">
    <p class='ocr_par' dir='ltr' id='par_1_61' title="bbox 1090 1397 1893 1438">
     <span class='ocr_line' id='line_1_61' title="bbox 1090 1397 1893 1438; baseline -0.001 -13"><span class='ocrx_word' id='word_1_419' title='bbox 1090 1401 1135 1426; x_wconf 77' lang='grc' dir='ltr'>τοῦ</span> <span class='ocrx_word' id='word_1_420' title='bbox 1169 1397 1314 1426; x_wconf 80' lang='grc' dir='ltr'>δωδεκάτου</span> <span class='ocrx_word' id='word_1_421' title='bbox 1348 1397 1466 1426; x_wconf 67' lang='grc' dir='ltr'>ἐνιαυτοῦ</span> <span class='ocrx_word' id='word_1_422' title='bbox 1493 1398 1645 1437; x_wconf 78' lang='grc' dir='ltr'>γεγονότος,</span> <span class='ocrx_word' id='word_1_423' title='bbox 1674 1397 1893 1438; x_wconf 77' lang='grc' dir='ltr'>πολυπραγμονεῖ-</span> 
     </span>
    </p>
   </div>
   <div class='ocr_carea' id='block_1_62' title="bbox 1090 1441 1895 1481">
    <p class='ocr_par' dir='ltr' id='par_1_62' title="bbox 1090 1441 1895 1481">
     <span class='ocr_line' id='line_1_62' title="bbox 1090 1441 1895 1481; baseline -0.002 -11"><span class='ocrx_word' id='word_1_424' title='bbox 1090 1444 1159 1480; x_wconf 76' lang='grc' dir='ltr'>σθαι,</span> <span class='ocrx_word' id='word_1_425' title='bbox 1186 1443 1208 1470; x_wconf 78' lang='grc' dir='ltr'>εἰ</span> <span class='ocrx_word' id='word_1_426' title='bbox 1230 1441 1340 1475; x_wconf 80' lang='grc' dir='ltr'>συνέστη</span> <span class='ocrx_word' id='word_1_427' title='bbox 1363 1442 1413 1481; x_wconf 80' lang='grc' dir='ltr'><strong>πρὸ</strong></span> <span class='ocrx_word' id='word_1_428' title='bbox 1433 1442 1527 1470; x_wconf 85' lang='grc' dir='ltr'>τούτου</span> <span class='ocrx_word' id='word_1_429' title='bbox 1550 1442 1659 1480; x_wconf 80' lang='grc' dir='ltr'>ἔννομος</span> <span class='ocrx_word' id='word_1_430' title='bbox 1687 1443 1817 1481; x_wconf 76' lang='grc' dir='ltr'>μνηστεία</span> <span class='ocrx_word' id='word_1_431' title='bbox 1843 1442 1895 1479; x_wconf 67' lang='grc' dir='ltr'>μετὰ</span> 
     </span>
    </p>
   </div>
   <div class='ocr_carea' id='block_1_63' title="bbox 1089 1485 1894 1525">
    <p class='ocr_par' dir='ltr' id='par_1_63' title="bbox 1089 1485 1894 1525">
     <span class='ocr_line' id='line_1_63' title="bbox 1089 1485 1894 1525; baseline -0.002 -11"><span class='ocrx_word' id='word_1_432' title='bbox 1089 1487 1135 1514; x_wconf 81' lang='grc' dir='ltr'><strong>τὸν</strong></span> <span class='ocrx_word' id='word_1_433' title='bbox 1162 1485 1273 1524; x_wconf 75' lang='grc' dir='ltr'>ἕϐδομον</span> <span class='ocrx_word' id='word_1_434' title='bbox 1287 1486 1403 1514; x_wconf 62' lang='grc' dir='ltr'>ἐνιαυτόν</span> <span class='ocrx_word' id='word_1_435' title='bbox 1421 1495 1428 1503; x_wconf 83' lang='grc'><strong><em>⁸</em></strong></span> <span class='ocrx_word' id='word_1_436' title='bbox 1458 1486 1504 1514; x_wconf 66' lang='grc' dir='ltr'>ἵνα</span> <span class='ocrx_word' id='word_1_437' title='bbox 1532 1490 1577 1514; x_wconf 80' lang='grc' dir='ltr'>τοῦ</span> <span class='ocrx_word' id='word_1_438' title='bbox 1598 1487 1685 1525; x_wconf 77' lang='grc' dir='ltr'>γάμου</span> <span class='ocrx_word' id='word_1_439' title='bbox 1707 1487 1748 1523; x_wconf 81' lang='grc' dir='ltr'>μὴ</span> <span class='ocrx_word' id='word_1_440' title='bbox 1763 1485 1894 1524; x_wconf 60' lang='grc' dir='ltr'>λαμϐάνον.</span> 
     </span>
    </p>
   </div>
   <div class='ocr_carea' id='block_1_64' title="bbox 1089 1529 1894 1571">
    <p class='ocr_par' dir='ltr' id='par_1_64' title="bbox 1089 1529 1894 1571">
     <span class='ocr_line' id='line_1_64' title="bbox 1089 1529 1894 1571; baseline 0 -14"><span class='ocrx_word' id='word_1_441' title='bbox 1089 1541 1132 1562; x_wconf 83' lang='grc' dir='ltr'><strong>τος</strong></span> <span class='ocrx_word' id='word_1_442' title='bbox 1153 1530 1305 1570; x_wconf 75' lang='grc' dir='ltr'>ὑπόστασιν,</span> <span class='ocrx_word' id='word_1_443' title='bbox 1329 1529 1395 1562; x_wconf 81' lang='grc' dir='ltr'>τέως</span> <span class='ocrx_word' id='word_1_444' title='bbox 1422 1533 1484 1570; x_wconf 83' lang='grc' dir='ltr'>γοῦν</span> <span class='ocrx_word' id='word_1_445' title='bbox 1507 1531 1528 1558; x_wconf 80' lang='grc' dir='ltr'><strong>εί</strong></span> <span class='ocrx_word' id='word_1_446' title='bbox 1554 1531 1665 1569; x_wconf 85' lang='grc' dir='ltr'>νόμιμον</span> <span class='ocrx_word' id='word_1_447' title='bbox 1693 1532 1774 1571; x_wconf 82' lang='grc' dir='ltr'>ἰσχὺν</span> <span class='ocrx_word' id='word_1_448' title='bbox 1796 1530 1894 1570; x_wconf 72' lang='grc' dir='ltr'>ἕσχενὴ</span> 
     </span>
    </p>
   </div>
   <div class='ocr_carea' id='block_1_65' title="bbox 222 1574 1055 1617">
    <p class='ocr_par' dir='ltr' id='par_1_65' title="bbox 222 1575 1046 1616">
     <span class='ocr_line' id='line_1_65' title="bbox 222 1575 1046 1616; baseline 0.001 -12"><span class='ocrx_word' id='word_1_449' title='bbox 222 1575 326 1605; x_wconf 87' lang='lat' dir='ltr'><strong>saltem</strong></span> <span class='ocrx_word' id='word_1_450' title='bbox 344 1575 464 1615; x_wconf 84' lang='lat' dir='ltr'><strong>planum</strong></span> <span class='ocrx_word' id='word_1_451' title='bbox 483 1578 577 1613; x_wconf 80' lang='lat' dir='ltr'><strong>ﬁeret,</strong></span> <span class='ocrx_word' id='word_1_452' title='bbox 594 1585 632 1607; x_wconf 86' lang='lat' dir='ltr'><strong>an</strong></span> <span class='ocrx_word' id='word_1_453' title='bbox 646 1575 795 1616; x_wconf 86' lang='lat' dir='ltr'><strong>sponsalia</strong></span> <span class='ocrx_word' id='word_1_454' title='bbox 809 1576 866 1606; x_wconf 91' lang='lat' dir='ltr'><strong>vim</strong></span> <span class='ocrx_word' id='word_1_455' title='bbox 886 1575 1046 1614; x_wconf 77' lang='lat' dir='ltr'><strong>legitimam</strong></span> 
     </span>
    </p>
   </div>
   <div class='ocr_carea' id='block_1_66' title="bbox 1148 1574 1894 1617">
    <p class='ocr_par' dir='ltr' id='par_1_66' title="bbox 1148 1574 1894 1617">
     <span class='ocr_line' id='line_1_66' title="bbox 1148 1574 1894 1617; baseline -0.001 -15"><span class='ocrx_word' id='word_1_456' title='bbox 1148 1576 1228 1615; x_wconf 68' lang='grc' dir='ltr'>στεία,</span> <span class='ocrx_word' id='word_1_457' title='bbox 1250 1576 1401 1613; x_wconf 81' lang='grc' dir='ltr'>κατασταθῇ</span> <span class='ocrx_word' id='word_1_458' title='bbox 1435 1574 1528 1611; x_wconf 71' lang='grc' dir='ltr'>δῆλον,</span> <span class='ocrx_word' id='word_1_459' title='bbox 1559 1574 1631 1604; x_wconf 76' lang='grc' dir='ltr'>Ἐπεὶ</span> <span class='ocrx_word' id='word_1_460' title='bbox 1653 1575 1676 1604; x_wconf 82' lang='grc' dir='ltr'>δ’</span> <span class='ocrx_word' id='word_1_461' title='bbox 1695 1578 1709 1604; x_wconf 89' lang='grc' dir='ltr'>ὁ</span> <span class='ocrx_word' id='word_1_462' title='bbox 1739 1577 1834 1617; x_wconf 82' lang='grc' dir='ltr'>χρόνος</span> <span class='ocrx_word' id='word_1_463' title='bbox 1858 1578 1894 1607; x_wconf 75' lang='grc' dir='ltr'>τῆς</span> 
     </span>
    </p>
   </div>
   <div class='ocr_carea' id='block_1_67' title="bbox 220 1619 1055 1660">
    <p class='ocr_par' dir='ltr' id='par_1_67' title="bbox 220 1619 1048 1657">
     <span class='ocr_line' id='line_1_67' title="bbox 220 1619 1048 1657; baseline 0.001 -9"><span class='ocrx_word' id='word_1_464' title='bbox 220 1619 402 1650; x_wconf 65' lang='lat' dir='ltr'><strong>habuissent.</strong></span> <span class='ocrx_word' id='word_1_465' title='bbox 420 1620 491 1651; x_wconf 88' lang='lat' dir='ltr'><strong>Cum</strong></span> <span class='ocrx_word' id='word_1_466' title='bbox 507 1625 607 1652; x_wconf 86' lang='lat' dir='ltr'><strong>autem</strong></span> <span class='ocrx_word' id='word_1_467' title='bbox 624 1629 717 1652; x_wconf 72' lang='lat' dir='ltr'><strong>sacrae</strong></span> <span class='ocrx_word' id='word_1_468' title='bbox 732 1619 1048 1657; x_wconf 88' lang='lat' dir='ltr'><strong>benedictionis,velut</strong></span> 
     </span>
    </p>
   </div>
   <div class='ocr_carea' id='block_1_68' title="bbox 1148 1619 1895 1660">
    <p class='ocr_par' dir='ltr' id='par_1_68' title="bbox 1149 1619 1895 1660">
     <span class='ocr_line' id='line_1_68' title="bbox 1149 1619 1895 1660; baseline -0.001 -13"><span class='ocrx_word' id='word_1_469' title='bbox 1149 1630 1177 1659; x_wconf 88' lang='grc' dir='ltr'><strong>ερ</strong></span> <span class='ocrx_word' id='word_1_470' title='bbox 1207 1619 1234 1647; x_wconf 79' lang='grc' dir='ltr'>ἐν</span> <span class='ocrx_word' id='word_1_471' title='bbox 1265 1621 1352 1657; x_wconf 74' lang='grc' dir='ltr'>σκηνῇ</span> <span class='ocrx_word' id='word_1_472' title='bbox 1386 1619 1545 1659; x_wconf 82' lang='grc' dir='ltr'>παιχθείσης</span> <span class='ocrx_word' id='word_1_473' title='bbox 1579 1619 1724 1660; x_wconf 81' lang='grc' dir='ltr'>ἱερολογίας</span> <span class='ocrx_word' id='word_1_474' title='bbox 1762 1619 1895 1657; x_wconf 79' lang='grc' dir='ltr'>συνωμολῦ-</span> 
     </span>
    </p>
   </div>
   <div class='ocr_carea' id='block_1_69' title="bbox 220 1663 1055 1706">
    <p class='ocr_par' dir='ltr' id='par_1_69' title="bbox 220 1664 1046 1706">
     <span class='ocr_line' id='line_1_69' title="bbox 220 1664 1046 1706; baseline 0.001 -13"><span class='ocrx_word' id='word_1_475' title='bbox 220 1664 250 1693; x_wconf 93' lang='lat' dir='ltr'><strong>in</strong></span> <span class='ocrx_word' id='word_1_476' title='bbox 267 1673 356 1695; x_wconf 85' lang='lat' dir='ltr'><strong>scena</strong></span> <span class='ocrx_word' id='word_1_477' title='bbox 372 1670 507 1705; x_wconf 75' lang='lat' dir='ltr'><strong>peractae,</strong></span> <span class='ocrx_word' id='word_1_478' title='bbox 523 1670 640 1706; x_wconf 91' lang='lat' dir='ltr'><strong>tempus</strong></span> <span class='ocrx_word' id='word_1_479' title='bbox 662 1666 749 1695; x_wconf 86' lang='lat' dir='ltr'><strong>etiam</strong></span> <span class='ocrx_word' id='word_1_480' title='bbox 777 1669 861 1696; x_wconf 87' lang='lat' dir='ltr'><strong>actor</strong></span> <span class='ocrx_word' id='word_1_481' title='bbox 872 1665 937 1705; x_wconf 88' lang='lat' dir='ltr'><strong>ipse</strong></span> <span class='ocrx_word' id='word_1_482' title='bbox 952 1664 1046 1694; x_wconf 90' lang='lat' dir='ltr'><strong>fassus</strong></span> 
     </span>
    </p>
   </div>
   <div class='ocr_carea' id='block_1_70' title="bbox 1148 1663 1894 1706">
    <p class='ocr_par' dir='ltr' id='par_1_70' title="bbox 1148 1663 1894 1703">
     <span class='ocr_line' id='line_1_70' title="bbox 1148 1663 1894 1703; baseline 0.003 -12"><span class='ocrx_word' id='word_1_483' title='bbox 1148 1675 1167 1691; x_wconf 82' lang='grc' dir='ltr'><strong>ιι</strong></span> <span class='ocrx_word' id='word_1_484' title='bbox 1193 1664 1236 1691; x_wconf 82' lang='grc' dir='ltr'><strong>καὶ</strong></span> <span class='ocrx_word' id='word_1_485' title='bbox 1273 1663 1343 1702; x_wconf 83' lang='grc' dir='ltr'>παρὰ</span> <span class='ocrx_word' id='word_1_486' title='bbox 1378 1667 1424 1691; x_wconf 77' lang='grc' dir='ltr'><strong>τοῦ</strong></span> <span class='ocrx_word' id='word_1_487' title='bbox 1465 1664 1614 1703; x_wconf 80' lang='grc' dir='ltr'>κατηγόρου</span> <span class='ocrx_word' id='word_1_488' title='bbox 1657 1664 1725 1702; x_wconf 79' lang='grc' dir='ltr'>μηδὲ</span> <span class='ocrx_word' id='word_1_489' title='bbox 1769 1664 1894 1702; x_wconf 71' lang='grc' dir='ltr'>μνηστείας</span> 
     </span>
    </p>
   </div>
   <div class='ocr_carea' id='block_1_71' title="bbox 219 1706 1055 1750">
    <p class='ocr_par' dir='ltr' id='par_1_71' title="bbox 219 1708 1047 1750">
     <span class='ocr_line' id='line_1_71' title="bbox 219 1708 1047 1750; baseline 0.002 -12"><span class='ocrx_word' id='word_1_490' title='bbox 219 1708 267 1744; x_wconf 91' lang='lat' dir='ltr'><strong>sit,</strong></span> <span class='ocrx_word' id='word_1_491' title='bbox 287 1708 410 1740; x_wconf 91' lang='lat' dir='ltr'><strong>minime</strong></span> <span class='ocrx_word' id='word_1_492' title='bbox 424 1710 610 1750; x_wconf 86' lang='lat' dir='ltr'><strong>sponsalibus</strong></span> <span class='ocrx_word' id='word_1_493' title='bbox 627 1719 692 1740; x_wconf 89' lang='lat' dir='ltr'><strong>esse</strong></span> <span class='ocrx_word' id='word_1_494' title='bbox 704 1709 844 1740; x_wconf 90' lang='lat' dir='ltr'><strong>idoneum</strong></span> <span class='ocrx_word' id='word_1_495' title='bbox 861 1719 867 1739; x_wconf 89' lang='lat'><strong><em>:</em></strong></span> <span class='ocrx_word' id='word_1_496' title='bbox 887 1708 984 1740; x_wconf 89' lang='lat' dir='ltr'><strong>omnis</strong></span> <span class='ocrx_word' id='word_1_497' title='bbox 1000 1713 1047 1740; x_wconf 83' lang='lat' dir='ltr'><strong>est</strong></span> 
     </span>
    </p>
   </div>
   <div class='ocr_carea' id='block_1_72' title="bbox 1148 1706 1894 1750">
    <p class='ocr_par' dir='ltr' id='par_1_72' title="bbox 1150 1706 1894 1749">
     <span class='ocr_line' id='line_1_72' title="bbox 1150 1706 1894 1749; baseline 0.003 -14"><span class='ocrx_word' id='word_1_498' title='bbox 1150 1720 1157 1736; x_wconf 89' lang='grc' dir='ltr'><strong>ι</strong></span> <span class='ocrx_word' id='word_1_499' title='bbox 1179 1707 1307 1745; x_wconf 75' lang='grc' dir='ltr'>δεκτικὸς,</span> <span class='ocrx_word' id='word_1_500' title='bbox 1338 1706 1532 1748; x_wconf 74' lang='grc' dir='ltr'>ἀμφισϐήτησις</span> <span class='ocrx_word' id='word_1_501' title='bbox 1560 1711 1634 1742; x_wconf 84' lang='grc' dir='ltr'>πῆσα</span> <span class='ocrx_word' id='word_1_502' title='bbox 1662 1710 1830 1749; x_wconf 69' lang='grc' dir='ltr'><strong>περι-ιςρηται⁷</strong></span> <span class='ocrx_word' id='word_1_503' title='bbox 1857 1707 1894 1740; x_wconf 77' lang='grc' dir='ltr'><strong>τῆς</strong></span> 
     </span>
    </p>
   </div>
   <div class='ocr_carea' id='block_1_73' title="bbox 220 1752 1055 1794">
    <p class='ocr_par' dir='ltr' id='par_1_73' title="bbox 220 1753 1042 1794">
     <span class='ocr_line' id='line_1_73' title="bbox 220 1753 1042 1794; baseline 0.001 -11"><span class='ocrx_word' id='word_1_504' title='bbox 220 1753 336 1784; x_wconf 86' lang='lat' dir='ltr'><strong>sublata</strong></span> <span class='ocrx_word' id='word_1_505' title='bbox 351 1754 508 1794; x_wconf 84' lang='lat' dir='ltr'><strong>dubitatio,</strong></span> <span class='ocrx_word' id='word_1_506' title='bbox 525 1755 642 1794; x_wconf 87' lang='lat' dir='ltr'><strong>quando</strong></span> <span class='ocrx_word' id='word_1_507' title='bbox 657 1764 720 1785; x_wconf 80' lang='lat' dir='ltr'><strong>rem</strong></span> <span class='ocrx_word' id='word_1_508' title='bbox 739 1754 893 1785; x_wconf 85' lang='lat' dir='ltr'><strong>manifesto</strong></span> <span class='ocrx_word' id='word_1_509' title='bbox 910 1753 1042 1784; x_wconf 88' lang='lat' dir='ltr'><strong>illicitam</strong></span> 
     </span>
    </p>
   </div>
   <div class='ocr_carea' id='block_1_74' title="bbox 1148 1752 1893 1794">
    <p class='ocr_par' dir='ltr' id='par_1_74' title="bbox 1148 1752 1893 1792">
     <span class='ocr_line' id='line_1_74' title="bbox 1148 1752 1893 1792; baseline 0 -12"><span class='ocrx_word' id='word_1_510' title='bbox 1148 1755 1210 1792; x_wconf 85' lang='grc' dir='ltr'>γοῦς</span> <span class='ocrx_word' id='word_1_511' title='bbox 1251 1752 1414 1791; x_wconf 77' lang='grc' dir='ltr'>παρανομίας</span> <span class='ocrx_word' id='word_1_512' title='bbox 1449 1755 1528 1780; x_wconf 78' lang='grc' dir='ltr'>πᾶσιν</span> <span class='ocrx_word' id='word_1_513' title='bbox 1563 1752 1607 1780; x_wconf 82' lang='grc' dir='ltr'><strong>ὑπ’</strong></span> <span class='ocrx_word' id='word_1_514' title='bbox 1643 1752 1707 1791; x_wconf 72' lang='grc' dir='ltr'>ὄψιν</span> <span class='ocrx_word' id='word_1_515' title='bbox 1746 1752 1893 1782; x_wconf 77' lang='grc' dir='ltr'>ὑποπιπτού-</span> 
     </span>
    </p>
   </div>
   <div class='ocr_carea' id='block_1_75' title="bbox 220 1794 1055 1840">
    <p class='ocr_par' dir='ltr' id='par_1_75' title="bbox 220 1797 1042 1840">
     <span class='ocr_line' id='line_1_75' title="bbox 220 1797 1042 1840; baseline 0.001 -13"><span class='ocrx_word' id='word_1_516' title='bbox 220 1806 307 1827; x_wconf 91' lang='lat' dir='ltr'><strong>nemo</strong></span> <span class='ocrx_word' id='word_1_517' title='bbox 325 1808 382 1828; x_wconf 90' lang='lat' dir='ltr'><strong>non</strong></span> <span class='ocrx_word' id='word_1_518' title='bbox 412 1799 561 1839; x_wconf 86' lang='lat' dir='ltr'><strong>perspicit.</strong></span> <span class='ocrx_word' id='word_1_519' title='bbox 583 1799 696 1839; x_wconf 85' lang='lat' dir='ltr'><strong>Quippe</strong></span> <span class='ocrx_word' id='word_1_520' title='bbox 712 1808 777 1829; x_wconf 90' lang='lat' dir='ltr'><strong>cum</strong></span> <span class='ocrx_word' id='word_1_521' title='bbox 804 1798 883 1838; x_wconf 74' lang='lat' dir='ltr'><strong>leges</strong></span> <span class='ocrx_word' id='word_1_522' title='bbox 898 1797 1042 1840; x_wconf 78' lang='lat' dir='ltr'><strong>sauciant,</strong></span> 
     </span>
    </p>
   </div>
   <div class='ocr_carea' id='block_1_76' title="bbox 1148 1794 1893 1840">
    <p class='ocr_par' dir='ltr' id='par_1_76' title="bbox 1171 1794 1893 1836">
     <span class='ocr_line' id='line_1_76' title="bbox 1171 1794 1893 1836; baseline 0 -12"><span class='ocrx_word' id='word_1_523' title='bbox 1171 1796 1331 1829; x_wconf 81' lang='grc' dir='ltr'>Μνηστείαις</span> <span class='ocrx_word' id='word_1_524' title='bbox 1359 1796 1407 1836; x_wconf 79' lang='grc' dir='ltr'>γὰρ</span> <span class='ocrx_word' id='word_1_525' title='bbox 1443 1794 1550 1834; x_wconf 73' lang='grc' dir='ltr'>ἕϐδομον</span> <span class='ocrx_word' id='word_1_526' title='bbox 1577 1797 1695 1826; x_wconf 80' lang='grc' dir='ltr'>ἐνιαυτὸν</span> <span class='ocrx_word' id='word_1_527' title='bbox 1734 1799 1830 1826; x_wconf 71' lang='grc' dir='ltr'>οἰκεῖον</span> <span class='ocrx_word' id='word_1_528' title='bbox 1857 1797 1893 1824; x_wconf 71' lang='grc' dir='ltr'><strong>εἷ-</strong></span> 
     </span>
    </p>
   </div>
   <div class='ocr_carea' id='block_1_77' title="bbox 221 1839 1055 1884">
    <p class='ocr_par' dir='ltr' id='par_1_77' title="bbox 221 1839 1044 1884">
     <span class='ocr_line' id='line_1_77' title="bbox 221 1839 1044 1884; baseline 0.001 -13"><span class='ocrx_word' id='word_1_529' title='bbox 221 1843 409 1882; x_wconf 87' lang='lat' dir='ltr'><strong>sponsalibus</strong></span> <span class='ocrx_word' id='word_1_530' title='bbox 425 1853 534 1874; x_wconf 85' lang='lat' dir='ltr'><strong>annum</strong></span> <span class='ocrx_word' id='word_1_531' title='bbox 549 1847 646 1884; x_wconf 89' lang='lat' dir='ltr'><strong>aptum</strong></span> <span class='ocrx_word' id='word_1_532' title='bbox 663 1852 730 1874; x_wconf 89' lang='lat' dir='ltr'><strong>esse</strong></span> <span class='ocrx_word' id='word_1_533' title='bbox 744 1843 915 1883; x_wconf 84' lang='lat' dir='ltr'><strong>septimum,</strong></span> <span class='ocrx_word' id='word_1_534' title='bbox 933 1839 1044 1882; x_wconf 87' lang='lat' dir='ltr'><strong>nuptiis</strong></span> 
     </span>
    </p>
   </div>
   <div class='ocr_carea' id='block_1_78' title="bbox 1148 1839 1892 1884">
    <p class='ocr_par' dir='ltr' id='par_1_78' title="bbox 1154 1839 1892 1881">
     <span class='ocr_line' id='line_1_78' title="bbox 1154 1839 1892 1881; baseline 0.003 -13"><span class='ocrx_word' id='word_1_535' title='bbox 1154 1839 1362 1880; x_wconf 62' lang='grc' dir='ltr'>παρεληλυθότα,</span> <span class='ocrx_word' id='word_1_536' title='bbox 1393 1840 1489 1879; x_wconf 82' lang='grc' dir='ltr'>γάμοις</span> <span class='ocrx_word' id='word_1_537' title='bbox 1525 1840 1551 1868; x_wconf 81' lang='grc' dir='ltr'><strong>δὲ</strong></span> <span class='ocrx_word' id='word_1_538' title='bbox 1581 1845 1712 1881; x_wconf 85' lang='grc' dir='ltr'>γυναικῶν</span> <span class='ocrx_word' id='word_1_539' title='bbox 1751 1841 1892 1876; x_wconf 65' lang='grc' dir='ltr'>δωδέκατον,</span> 
     </span>
    </p>
   </div>
   <div class='ocr_carea' id='block_1_79' title="bbox 223 1884 1055 1927">
    <p class='ocr_par' dir='ltr' id='par_1_79' title="bbox 223 1886 1043 1927">
     <span class='ocr_line' id='line_1_79' title="bbox 223 1886 1043 1927; baseline 0.001 -11"><span class='ocrx_word' id='word_1_540' title='bbox 223 1890 321 1917; x_wconf 86' lang='lat' dir='ltr'><strong>autem</strong></span> <span class='ocrx_word' id='word_1_541' title='bbox 353 1888 519 1924; x_wconf 62' lang='lat' dir='ltr'><strong>mulierem,</strong></span> <span class='ocrx_word' id='word_1_542' title='bbox 551 1888 787 1918; x_wconf 88' lang='lat' dir='ltr'><strong>duodecimum:</strong></span> <span class='ocrx_word' id='word_1_543' title='bbox 819 1887 844 1917; x_wconf 91' lang='lat' dir='ltr'><strong>si</strong></span> <span class='ocrx_word' id='word_1_544' title='bbox 872 1886 991 1927; x_wconf 90' lang='lat' dir='ltr'><strong>quidem</strong></span> <span class='ocrx_word' id='word_1_545' title='bbox 1009 1896 1043 1917; x_wconf 84' lang='lat' dir='ltr'><strong>ex</strong></span> 
     </span>
    </p>
   </div>
   <div class='ocr_carea' id='block_1_80' title="bbox 1148 1884 1894 1927">
    <p class='ocr_par' dir='ltr' id='par_1_80' title="bbox 1148 1884 1894 1926">
     <span class='ocr_line' id='line_1_80' title="bbox 1148 1884 1894 1926; baseline 0 -14"><span class='ocrx_word' id='word_1_546' title='bbox 1148 1884 1259 1920; x_wconf 80' lang='grc' dir='ltr'>τιζόντων</span> <span class='ocrx_word' id='word_1_547' title='bbox 1280 1885 1333 1913; x_wconf 77' lang='grc' dir='ltr'>τῶν</span> <span class='ocrx_word' id='word_1_548' title='bbox 1356 1884 1454 1923; x_wconf 87' lang='grc' dir='ltr'>νόμων.</span> <span class='ocrx_word' id='word_1_549' title='bbox 1483 1886 1511 1914; x_wconf 82' lang='grc' dir='ltr'>Εἰ</span> <span class='ocrx_word' id='word_1_550' title='bbox 1527 1885 1586 1923; x_wconf 76' lang='grc' dir='ltr'>μὲν,</span> <span class='ocrx_word' id='word_1_551' title='bbox 1602 1887 1719 1926; x_wconf 77' lang='grc' dir='ltr'>καθάπερ</span> <span class='ocrx_word' id='word_1_552' title='bbox 1748 1887 1894 1925; x_wconf 65' lang='grc' dir='ltr'>νενόμισται,</span> 
     </span>
    </p>
   </div>
   <div class='ocr_carea' id='block_1_81' title="bbox 222 1929 1055 1971">
    <p class='ocr_par' dir='ltr' id='par_1_81' title="bbox 222 1930 1047 1971">
     <span class='ocr_line' id='line_1_81' title="bbox 222 1930 1047 1971; baseline 0.001 -11"><span class='ocrx_word' id='word_1_553' title='bbox 222 1931 369 1962; x_wconf 86' lang='lat' dir='ltr'><strong>sententia</strong></span> <span class='ocrx_word' id='word_1_554' title='bbox 386 1932 482 1971; x_wconf 81' lang='lat' dir='ltr'><strong>legum</strong></span> <span class='ocrx_word' id='word_1_555' title='bbox 507 1936 677 1962; x_wconf 89' lang='lat' dir='ltr'><strong>contractus</strong></span> <span class='ocrx_word' id='word_1_556' title='bbox 703 1932 762 1969; x_wconf 86' lang='lat' dir='ltr'><strong>ﬁat,</strong></span> <span class='ocrx_word' id='word_1_557' title='bbox 780 1931 860 1961; x_wconf 72' lang='lat' dir='ltr'><strong>nulla</strong></span> <span class='ocrx_word' id='word_1_558' title='bbox 874 1931 949 1962; x_wconf 88' lang='lat' dir='ltr'><strong>facto</strong></span> <span class='ocrx_word' id='word_1_559' title='bbox 964 1930 1047 1961; x_wconf 86' lang='lat' dir='ltr'><strong>labes</strong></span> 
     </span>
    </p>
   </div>
   <div class='ocr_carea' id='block_1_82' title="bbox 1148 1929 1895 1971">
    <p class='ocr_par' dir='ltr' id='par_1_82' title="bbox 1148 1929 1895 1970">
     <span class='ocr_line' id='line_1_82' title="bbox 1148 1929 1895 1970; baseline 0.001 -12"><span class='ocrx_word' id='word_1_560' title='bbox 1148 1930 1195 1963; x_wconf 75' lang='lat' dir='ltr'><strong>&#39;zt&#39;n</strong></span> <span class='ocrx_word' id='word_1_561' title='bbox 1230 1929 1412 1969; x_wconf 69' lang='grc' dir='ltr'>συνάλλαγμα,</span> <span class='ocrx_word' id='word_1_562' title='bbox 1450 1929 1531 1962; x_wconf 71' lang='grc' dir='ltr'>οὒδεὶς</span> <span class='ocrx_word' id='word_1_563' title='bbox 1564 1929 1725 1969; x_wconf 70' lang='grc' dir='ltr'>ὲπιτρίϐεται</span> <span class='ocrx_word' id='word_1_564' title='bbox 1753 1935 1792 1969; x_wconf 84' lang='grc' dir='ltr'>τῷ</span> <span class='ocrx_word' id='word_1_565' title='bbox 1817 1941 1895 1970; x_wconf 70' lang='grc' dir='ltr'>πραχ-</span> 
     </span>
    </p>
   </div>
   <div class='ocr_carea' id='block_1_83' title="bbox 221 1973 1055 2016">
    <p class='ocr_par' dir='ltr' id='par_1_83' title="bbox 221 1975 1044 2016">
     <span class='ocr_line' id='line_1_83' title="bbox 221 1975 1044 2016; baseline -0.001 -11"><span class='ocrx_word' id='word_1_566' title='bbox 221 1975 359 2006; x_wconf 90' lang='lat' dir='ltr'><strong>inuritur.</strong></span> <span class='ocrx_word' id='word_1_567' title='bbox 379 1975 431 2007; x_wconf 91' lang='lat' dir='ltr'><strong>Sin</strong></span> <span class='ocrx_word' id='word_1_568' title='bbox 457 1976 625 2016; x_wconf 72' lang='lat' dir='ltr'><strong>praecipatio</strong></span> <span class='ocrx_word' id='word_1_569' title='bbox 647 1976 780 2016; x_wconf 65' lang='lat' dir='ltr'><strong>quaedam</strong></span> <span class='ocrx_word' id='word_1_570' title='bbox 797 1975 935 2006; x_wconf 88' lang='lat' dir='ltr'><strong>comitata</strong></span> <span class='ocrx_word' id='word_1_571' title='bbox 946 1975 1044 2012; x_wconf 87' lang='lat' dir='ltr'><strong>fuerit,</strong></span> 
     </span>
    </p>
   </div>
   <div class='ocr_carea' id='block_1_84' title="bbox 1148 1973 1894 2016">
    <p class='ocr_par' dir='ltr' id='par_1_84' title="bbox 1148 1973 1894 2016">
     <span class='ocr_line' id='line_1_84' title="bbox 1148 1973 1894 2016; baseline -0.001 -14"><span class='ocrx_word' id='word_1_572' title='bbox 1148 1987 1154 2002; x_wconf 94' lang='grc' dir='ltr'><strong>ι</strong></span> <span class='ocrx_word' id='word_1_573' title='bbox 1184 1977 1289 2012; x_wconf 78' lang='grc' dir='ltr'>μῶμος.</span> <span class='ocrx_word' id='word_1_574' title='bbox 1326 1975 1355 2002; x_wconf 77' lang='grc' dir='ltr'><strong>Εἰ</strong></span> <span class='ocrx_word' id='word_1_575' title='bbox 1376 1973 1410 2016; x_wconf 67' lang='grc' dir='ltr'><strong>Δδέ</strong></span> <span class='ocrx_word' id='word_1_576' title='bbox 1436 1985 1477 2006; x_wconf 84' lang='grc' dir='ltr'><strong>τις</strong></span> <span class='ocrx_word' id='word_1_577' title='bbox 1507 1974 1715 2009; x_wconf 74' lang='grc' dir='ltr'>ἐπακολουθήσει</span> <span class='ocrx_word' id='word_1_578' title='bbox 1746 1975 1894 2013; x_wconf 77' lang='grc' dir='ltr'>περιπέτεια,</span> 
     </span>
    </p>
   </div>
   <div class='ocr_carea' id='block_1_85' title="bbox 222 2013 1055 2060">
    <p class='ocr_par' dir='ltr' id='par_1_85' title="bbox 222 2013 1048 2060">
     <span class='ocr_line' id='line_1_85' title="bbox 222 2013 1048 2060; baseline 0 -11"><span class='ocrx_word' id='word_1_579' title='bbox 222 2019 266 2049; x_wconf 87' lang='lat' dir='ltr'><strong>lex</strong></span> <span class='ocrx_word' id='word_1_580' title='bbox 285 2020 314 2049; x_wconf 90' lang='lat' dir='ltr'><strong>in</strong></span> <span class='ocrx_word' id='word_1_581' title='bbox 332 2021 407 2051; x_wconf 86' lang='lat' dir='ltr'><strong>hanc</strong></span> <span class='ocrx_word' id='word_1_582' title='bbox 423 2013 602 2051; x_wconf 77' lang='lat' dir='ltr'><strong>sententiam</strong></span> <span class='ocrx_word' id='word_1_583' title='bbox 616 2013 763 2060; x_wconf 80' lang='lat' dir='ltr'><strong>loquitur:</strong></span> <span class='ocrx_word' id='word_1_584' title='bbox 777 2019 832 2055; x_wconf 88' lang='lat' dir='ltr'><strong>Qui</strong></span> <span class='ocrx_word' id='word_1_585' title='bbox 847 2019 975 2059; x_wconf 87' lang='lat' dir='ltr'><strong>puellam</strong></span> <span class='ocrx_word' id='word_1_586' title='bbox 993 2019 1048 2049; x_wconf 92' lang='lat' dir='ltr'><strong>mi-</strong></span> 
     </span>
    </p>
   </div>
   <div class='ocr_carea' id='block_1_86' title="bbox 1148 2013 1895 2060">
    <p class='ocr_par' dir='ltr' id='par_1_86' title="bbox 1148 2013 1895 2059">
     <span class='ocr_line' id='line_1_86' title="bbox 1148 2013 1895 2059; baseline 0 -13"><span class='ocrx_word' id='word_1_587' title='bbox 1148 2030 1168 2051; x_wconf 79' lang='grc' dir='ltr'><strong>ις</strong></span> <span class='ocrx_word' id='word_1_588' title='bbox 1182 2018 1231 2047; x_wconf 74' lang='grc' dir='ltr'>ὧδέ</span> <span class='ocrx_word' id='word_1_589' title='bbox 1253 2030 1332 2059; x_wconf 79' lang='grc' dir='ltr'>φησιν</span> <span class='ocrx_word' id='word_1_590' title='bbox 1349 2027 1357 2036; x_wconf 93' lang='grc'><strong>·</strong></span> <span class='ocrx_word' id='word_1_591' title='bbox 1376 2013 1404 2047; x_wconf 61' lang='grc' dir='ltr'><strong>Ὀ</strong></span> <span class='ocrx_word' id='word_1_592' title='bbox 1416 2018 1498 2058; x_wconf 91' lang='grc' dir='ltr'>κόρην</span> <span class='ocrx_word' id='word_1_593' title='bbox 1512 2021 1609 2054; x_wconf 79' lang='grc' dir='ltr'>ἥττονα</span> <span class='ocrx_word' id='word_1_594' title='bbox 1630 2022 1683 2047; x_wconf 88' lang='grc' dir='ltr'><strong>τῶν</strong></span> <span class='ocrx_word' id='word_1_595' title='bbox 1708 2019 1808 2048; x_wconf 82' lang='grc' dir='ltr'>δώδεκα</span> <span class='ocrx_word' id='word_1_596' title='bbox 1823 2019 1895 2047; x_wconf 81' lang='grc' dir='ltr'>ἐνιαυ-</span> 
     </span>
    </p>
   </div>
   <div class='ocr_carea' id='block_1_87' title="bbox 222 2063 1055 2104">
    <p class='ocr_par' dir='ltr' id='par_1_87' title="bbox 222 2063 1045 2104">
     <span class='ocr_line' id='line_1_87' title="bbox 222 2063 1045 2104; baseline 0 -10"><span class='ocrx_word' id='word_1_597' title='bbox 222 2072 325 2095; x_wconf 88' lang='lat' dir='ltr'><strong>norem</strong></span> <span class='ocrx_word' id='word_1_598' title='bbox 341 2064 427 2095; x_wconf 86' lang='lat' dir='ltr'><strong>annis</strong></span> <span class='ocrx_word' id='word_1_599' title='bbox 443 2064 601 2096; x_wconf 79' lang='lat' dir='ltr'><strong>duodecim</strong></span> <span class='ocrx_word' id='word_1_600' title='bbox 617 2065 646 2096; x_wconf 93' lang='lat' dir='ltr'><strong>in</strong></span> <span class='ocrx_word' id='word_1_601' title='bbox 662 2073 787 2095; x_wconf 88' lang='lat' dir='ltr'><strong>uxorem</strong></span> <span class='ocrx_word' id='word_1_602' title='bbox 804 2063 1045 2104; x_wconf 81' lang='lat' dir='ltr'><strong>(lucit,siquidem</strong></span> 
     </span>
    </p>
   </div>
   <div class='ocr_carea' id='block_1_88' title="bbox 1148 2063 1896 2104">
    <p class='ocr_par' dir='ltr' id='par_1_88' title="bbox 1166 2063 1896 2104">
     <span class='ocr_line' id='line_1_88' title="bbox 1166 2063 1896 2104; baseline -0.001 -13"><span class='ocrx_word' id='word_1_603' title='bbox 1166 2063 1331 2102; x_wconf 67' lang='grc' dir='ltr'>ἑπαγόμενος</span> <span class='ocrx_word' id='word_1_604' title='bbox 1358 2064 1422 2102; x_wconf 77' lang='grc' dir='ltr'>πρὸς</span> <span class='ocrx_word' id='word_1_605' title='bbox 1461 2063 1558 2102; x_wconf 71' lang='grc' dir='ltr'>γάμον,</span> <span class='ocrx_word' id='word_1_606' title='bbox 1598 2065 1620 2092; x_wconf 72' lang='grc' dir='ltr'>εἴ</span> <span class='ocrx_word' id='word_1_607' title='bbox 1655 2063 1704 2101; x_wconf 78' lang='grc' dir='ltr'>μὲν</span> <span class='ocrx_word' id='word_1_608' title='bbox 1740 2065 1896 2104; x_wconf 69' lang='grc' dir='ltr'>προηγήσατο</span> 
     </span>
    </p>
   </div>
   <div class='ocr_carea' id='block_1_89' title="bbox 221 2107 1055 2149">
    <p class='ocr_par' dir='ltr' id='par_1_89' title="bbox 221 2107 1047 2149">
     <span class='ocr_line' id='line_1_89' title="bbox 221 2107 1047 2149; baseline 0.001 -12"><span class='ocrx_word' id='word_1_609' title='bbox 221 2109 369 2147; x_wconf 85' lang='lat' dir='ltr'><strong>sponsalia</strong></span> <span class='ocrx_word' id='word_1_610' title='bbox 399 2114 629 2149; x_wconf 71' lang='lat' dir='ltr'><strong>praecesserunt,</strong></span> <span class='ocrx_word' id='word_1_611' title='bbox 659 2108 834 2145; x_wconf 87' lang='lat' dir='ltr'><strong>custoditur,</strong></span> <span class='ocrx_word' id='word_1_612' title='bbox 862 2108 933 2138; x_wconf 87' lang='lat' dir='ltr'><strong>licet</strong></span> <span class='ocrx_word' id='word_1_613' title='bbox 947 2107 1047 2138; x_wconf 80' lang='lat' dir='ltr'><strong>uxoris</strong></span> 
     </span>
    </p>
   </div>
   <div class='ocr_carea' id='block_1_90' title="bbox 1148 2107 1895 2149">
    <p class='ocr_par' dir='ltr' id='par_1_90' title="bbox 1148 2107 1895 2148">
     <span class='ocr_line' id='line_1_90' title="bbox 1148 2107 1895 2148; baseline 0.001 -13"><span class='ocrx_word' id='word_1_614' title='bbox 1148 2108 1226 2147; x_wconf 65' lang='grc' dir='ltr'><strong>ικτεία³</strong></span> <span class='ocrx_word' id='word_1_615' title='bbox 1261 2107 1333 2145; x_wconf 85' lang='grc' dir='ltr'>μένει</span> <span class='ocrx_word' id='word_1_616' title='bbox 1362 2107 1545 2148; x_wconf 74' lang='grc' dir='ltr'>φυλαττομένη</span> <span class='ocrx_word' id='word_1_617' title='bbox 1573 2107 1622 2136; x_wconf 66' lang='grc' dir='ltr'><strong>κᾶν</strong></span> <span class='ocrx_word' id='word_1_618' title='bbox 1657 2109 1690 2136; x_wconf 81' lang='grc' dir='ltr'><strong>τὰ</strong></span> <span class='ocrx_word' id='word_1_619' title='bbox 1728 2109 1839 2148; x_wconf 76' lang='grc' dir='ltr'>μάλιστα</span> <span class='ocrx_word' id='word_1_620' title='bbox 1873 2109 1895 2134; x_wconf 76' lang='grc' dir='ltr'>ἒν</span> 
     </span>
    </p>
   </div>
   <div class='ocr_carea' id='block_1_91' title="bbox 222 2151 1055 2194">
    <p class='ocr_par' dir='ltr' id='par_1_91' title="bbox 222 2152 1047 2194">
     <span class='ocr_line' id='line_1_91' title="bbox 222 2152 1047 2194; baseline 0.001 -13"><span class='ocrx_word' id='word_1_621' title='bbox 222 2153 286 2182; x_wconf 91' lang='lat' dir='ltr'><strong>loco</strong></span> <span class='ocrx_word' id='word_1_622' title='bbox 300 2153 423 2184; x_wconf 90' lang='lat' dir='ltr'><strong>domum</strong></span> <span class='ocrx_word' id='word_1_623' title='bbox 439 2154 502 2194; x_wconf 91' lang='lat' dir='ltr'><strong>ejus</strong></span> <span class='ocrx_word' id='word_1_624' title='bbox 517 2154 646 2185; x_wconf 86' lang='lat' dir='ltr'><strong>deducta</strong></span> <span class='ocrx_word' id='word_1_625' title='bbox 671 2153 720 2184; x_wconf 89' lang='lat' dir='ltr'><strong>sit.</strong></span> <span class='ocrx_word' id='word_1_626' title='bbox 738 2152 789 2183; x_wconf 90' lang='lat' dir='ltr'><strong>Sin</strong></span> <span class='ocrx_word' id='word_1_627' title='bbox 805 2152 953 2192; x_wconf 88' lang='lat' dir='ltr'><strong>sponsalia</strong></span> <span class='ocrx_word' id='word_1_628' title='bbox 968 2152 1047 2182; x_wconf 90' lang='lat' dir='ltr'><strong>nulla</strong></span> 
     </span>
    </p>
   </div>
   <div class='ocr_carea' id='block_1_92' title="bbox 1148 2151 1894 2194">
    <p class='ocr_par' dir='ltr' id='par_1_92' title="bbox 1150 2151 1894 2193">
     <span class='ocr_line' id='line_1_92' title="bbox 1150 2151 1894 2193; baseline 0.001 -14"><span class='ocrx_word' id='word_1_629' title='bbox 1150 2151 1291 2191; x_wconf 80' lang='grc' dir='ltr'>ιγαμετῆς</span> <span class='ocrx_word' id='word_1_630' title='bbox 1307 2153 1342 2184; x_wconf 81' lang='grc' dir='ltr'>εἰς</span> <span class='ocrx_word' id='word_1_631' title='bbox 1370 2153 1401 2180; x_wconf 82' lang='grc' dir='ltr'><strong>τὸ</strong></span> <span class='ocrx_word' id='word_1_632' title='bbox 1431 2152 1508 2180; x_wconf 83' lang='grc' dir='ltr'>οἷκον</span> <span class='ocrx_word' id='word_1_633' title='bbox 1530 2153 1607 2181; x_wconf 74' lang='grc' dir='ltr'>αὐτου</span> <span class='ocrx_word' id='word_1_634' title='bbox 1622 2152 1654 2177; x_wconf 65' lang='grc' dir='ltr'><strong><em>η</em></strong></span> <span class='ocrx_word' id='word_1_635' title='bbox 1687 2153 1838 2193; x_wconf 78' lang='grc' dir='ltr'>ἀνήνεγκεν.</span> <span class='ocrx_word' id='word_1_636' title='bbox 1873 2151 1894 2180; x_wconf 66' lang='grc' dir='ltr'>ΕΞ</span> 
     </span>
    </p>
   </div>
   <div class='ocr_carea' id='block_1_93' title="bbox 221 2196 1055 2240">
    <p class='ocr_par' dir='ltr' id='par_1_93' title="bbox 221 2197 1046 2240">
     <span class='ocr_line' id='line_1_93' title="bbox 221 2197 1046 2240; baseline 0.001 -14"><span class='ocrx_word' id='word_1_637' title='bbox 221 2202 452 2238; x_wconf 79' lang='lat' dir='ltr'><strong>praecesserunt,</strong></span> <span class='ocrx_word' id='word_1_638' title='bbox 469 2207 524 2229; x_wconf 89' lang='lat' dir='ltr'><strong>nec</strong></span> <span class='ocrx_word' id='word_1_639' title='bbox 540 2207 608 2229; x_wconf 90' lang='lat' dir='ltr'><strong>eum</strong></span> <span class='ocrx_word' id='word_1_640' title='bbox 623 2197 726 2229; x_wconf 87' lang='lat' dir='ltr'><strong>habuit</strong></span> <span class='ocrx_word' id='word_1_641' title='bbox 739 2197 775 2228; x_wconf 88' lang='lat' dir='ltr'><strong>ab</strong></span> <span class='ocrx_word' id='word_1_642' title='bbox 791 2197 876 2227; x_wconf 89' lang='lat' dir='ltr'><strong>initio</strong></span> <span class='ocrx_word' id='word_1_643' title='bbox 892 2197 1023 2227; x_wconf 89' lang='lat' dir='ltr'><strong>animum</strong></span> <span class='ocrx_word' id='word_1_644' title='bbox 1037 2210 1046 2240; x_wconf 78' lang='grc'>;</span> 
     </span>
    </p>
   </div>
   <div class='ocr_carea' id='block_1_94' title="bbox 1148 2196 1893 2240">
    <p class='ocr_par' dir='ltr' id='par_1_94' title="bbox 1155 2197 1893 2236">
     <span class='ocr_line' id='line_1_94' title="bbox 1155 2197 1893 2236; baseline -0.001 -11"><span class='ocrx_word' id='word_1_645' title='bbox 1155 2197 1194 2235; x_wconf 71' lang='grc' dir='ltr'>μὴ</span> <span class='ocrx_word' id='word_1_646' title='bbox 1223 2198 1396 2236; x_wconf 74' lang='grc' dir='ltr'>προηγήσατο</span> <span class='ocrx_word' id='word_1_647' title='bbox 1424 2198 1552 2235; x_wconf 84' lang='grc' dir='ltr'>μνηστεία</span> <span class='ocrx_word' id='word_1_648' title='bbox 1580 2197 1647 2236; x_wconf 77' lang='grc' dir='ltr'>μηδὲ</span> <span class='ocrx_word' id='word_1_649' title='bbox 1674 2199 1798 2232; x_wconf 74' lang='grc' dir='ltr'>τοιαύτην</span> <span class='ocrx_word' id='word_1_650' title='bbox 1830 2197 1893 2236; x_wconf 73' lang='grc' dir='ltr'>ἐξαρ-</span> 
     </span>
    </p>
   </div>
   <div class='ocr_carea' id='block_1_95' title="bbox 223 2233 1055 2283">
    <p class='ocr_par' dir='ltr' id='par_1_95' title="bbox 223 2233 1046 2283">
     <span class='ocr_line' id='line_1_95' title="bbox 223 2233 1046 2283; baseline 0.002 -12"><span class='ocrx_word' id='word_1_651' title='bbox 223 2233 281 2271; x_wconf 82' lang='lat' dir='ltr'><strong>non</strong></span> <span class='ocrx_word' id='word_1_652' title='bbox 299 2233 457 2282; x_wconf 74' lang='lat' dir='ltr'><strong>propterea</strong></span> <span class='ocrx_word' id='word_1_653' title='bbox 482 2244 544 2283; x_wconf 87' lang='lat' dir='ltr'><strong>jam</strong></span> <span class='ocrx_word' id='word_1_654' title='bbox 576 2252 649 2274; x_wconf 80' lang='lat' dir='ltr'><strong>uxor</strong></span> <span class='ocrx_word' id='word_1_655' title='bbox 665 2251 730 2273; x_wconf 88' lang='lat' dir='ltr'><strong>esse</strong></span> <span class='ocrx_word' id='word_1_656' title='bbox 746 2242 820 2272; x_wconf 88' lang='lat' dir='ltr'><strong>facta</strong></span> <span class='ocrx_word' id='word_1_657' title='bbox 836 2242 961 2273; x_wconf 62' lang='lat' dir='ltr'><strong>videtur.</strong></span> <span class='ocrx_word' id='word_1_658' title='bbox 978 2233 1046 2273; x_wconf 68' lang='lat' dir='ltr'><strong>Haac</strong></span> 
     </span>
    </p>
   </div>
   <div class='ocr_carea' id='block_1_96' title="bbox 1148 2233 1892 2283">
    <p class='ocr_par' dir='ltr' id='par_1_96' title="bbox 1161 2240 1892 2282">
     <span class='ocr_line' id='line_1_96' title="bbox 1161 2240 1892 2282; baseline 0 -13"><span class='ocrx_word' id='word_1_659' title='bbox 1161 2241 1226 2282; x_wconf 71' lang='grc' dir='ltr'>ἔσχε</span> <span class='ocrx_word' id='word_1_660' title='bbox 1241 2240 1364 2282; x_wconf 69' lang='grc' dir='ltr'>διάθεσιν,</span> <span class='ocrx_word' id='word_1_661' title='bbox 1392 2242 1421 2270; x_wconf 77' lang='grc' dir='ltr'>οὔ</span> <span class='ocrx_word' id='word_1_662' title='bbox 1441 2241 1483 2269; x_wconf 77' lang='grc' dir='ltr'><strong>διὰ</strong></span> <span class='ocrx_word' id='word_1_663' title='bbox 1502 2241 1579 2270; x_wconf 75' lang='grc' dir='ltr'>τοῦτο</span> <span class='ocrx_word' id='word_1_664' title='bbox 1606 2246 1649 2271; x_wconf 78' lang='grc' dir='ltr'><strong>νῦν</strong></span> <span class='ocrx_word' id='word_1_665' title='bbox 1675 2243 1794 2281; x_wconf 83' lang='grc' dir='ltr'>γενέσθαι</span> <span class='ocrx_word' id='word_1_666' title='bbox 1821 2242 1892 2270; x_wconf 76' lang='grc' dir='ltr'>δοκεῖ.</span> 
     </span>
    </p>
   </div>
   <div class='ocr_carea' id='block_1_97' title="bbox 223 2286 1055 2327">
    <p class='ocr_par' dir='ltr' id='par_1_97' title="bbox 223 2286 1047 2327">
     <span class='ocr_line' id='line_1_97' title="bbox 223 2286 1047 2327; baseline 0.002 -11"><span class='ocrx_word' id='word_1_667' title='bbox 223 2295 289 2316; x_wconf 91' lang='lat' dir='ltr'><strong>cum</strong></span> <span class='ocrx_word' id='word_1_668' title='bbox 307 2287 395 2317; x_wconf 82' lang='lat' dir='ltr'><strong>verba</strong></span> <span class='ocrx_word' id='word_1_669' title='bbox 417 2287 490 2327; x_wconf 82' lang='lat' dir='ltr'><strong>legis</strong></span> <span class='ocrx_word' id='word_1_670' title='bbox 507 2287 577 2324; x_wconf 87' lang='lat' dir='ltr'><strong>sint,</strong></span> <span class='ocrx_word' id='word_1_671' title='bbox 590 2287 660 2318; x_wconf 89' lang='lat' dir='ltr'><strong>satis</strong></span> <span class='ocrx_word' id='word_1_672' title='bbox 676 2286 863 2326; x_wconf 82' lang='lat' dir='ltr'><strong>intelligitur,</strong></span> <span class='ocrx_word' id='word_1_673' title='bbox 879 2297 945 2327; x_wconf 73' lang='lat' dir='ltr'><strong>quae</strong></span> <span class='ocrx_word' id='word_1_674' title='bbox 969 2287 1047 2318; x_wconf 87' lang='lat' dir='ltr'><strong>inter</strong></span> 
     </span>
    </p>
   </div>
   <div class='ocr_carea' id='block_1_98' title="bbox 1148 2286 1893 2327">
    <p class='ocr_par' dir='ltr' id='par_1_98' title="bbox 1148 2286 1893 2326">
     <span class='ocr_line' id='line_1_98' title="bbox 1148 2286 1893 2326; baseline -0.003 -12"><span class='ocrx_word' id='word_1_675' title='bbox 1148 2297 1176 2318; x_wconf 68' lang='lat' dir='ltr'><strong>nc</strong></span> <span class='ocrx_word' id='word_1_676' title='bbox 1218 2289 1264 2314; x_wconf 79' lang='grc' dir='ltr'>τοῦ</span> <span class='ocrx_word' id='word_1_677' title='bbox 1290 2286 1372 2324; x_wconf 80' lang='grc' dir='ltr'>νόμου</span> <span class='ocrx_word' id='word_1_678' title='bbox 1402 2286 1554 2326; x_wconf 76' lang='grc' dir='ltr'>φράζοντος,</span> <span class='ocrx_word' id='word_1_679' title='bbox 1585 2287 1693 2326; x_wconf 76' lang='grc' dir='ltr'>πάρεστι</span> <span class='ocrx_word' id='word_1_680' title='bbox 1738 2286 1893 2325; x_wconf 76' lang='grc' dir='ltr'>καταμανθᾶ-</span> 
     </span>
    </p>
   </div>
   <div class='ocr_carea' id='block_1_99' title="bbox 222 2330 1055 2372">
    <p class='ocr_par' dir='ltr' id='par_1_99' title="bbox 222 2330 1046 2372">
     <span class='ocr_line' id='line_1_99' title="bbox 222 2330 1046 2372; baseline -0.001 -10"><span class='ocrx_word' id='word_1_681' title='bbox 222 2330 377 2370; x_wconf 79' lang='lat' dir='ltr'><strong>Georgium</strong></span> <span class='ocrx_word' id='word_1_682' title='bbox 407 2336 435 2363; x_wconf 90' lang='lat' dir='ltr'><strong>et</strong></span> <span class='ocrx_word' id='word_1_683' title='bbox 464 2332 653 2369; x_wconf 87' lang='lat' dir='ltr'><strong>Theodorem</strong></span> <span class='ocrx_word' id='word_1_684' title='bbox 694 2331 918 2368; x_wconf 89' lang='lat' dir='ltr'><strong>intervenerint,</strong></span> <span class='ocrx_word' id='word_1_685' title='bbox 949 2341 1046 2372; x_wconf 90' lang='lat' dir='ltr'><strong>neque</strong></span> 
     </span>
    </p>
   </div>
   <div class='ocr_carea' id='block_1_100' title="bbox 1148 2330 1894 2372">
    <p class='ocr_par' dir='ltr' id='par_1_100' title="bbox 1148 2330 1894 2370">
     <span class='ocr_line' id='line_1_100' title="bbox 1148 2330 1894 2370; baseline 0 -12"><span class='ocrx_word' id='word_1_686' title='bbox 1148 2355 1152 2366; x_wconf 80' lang='lat'><strong>,</strong></span> <span class='ocrx_word' id='word_1_687' title='bbox 1176 2330 1216 2358; x_wconf 80' lang='grc' dir='ltr'><strong>ὅτι</strong></span> <span class='ocrx_word' id='word_1_688' title='bbox 1231 2331 1275 2359; x_wconf 85' lang='grc' dir='ltr'><strong>καὶ</strong></span> <span class='ocrx_word' id='word_1_689' title='bbox 1297 2331 1383 2370; x_wconf 81' lang='grc' dir='ltr'>γάμου</span> <span class='ocrx_word' id='word_1_690' title='bbox 1397 2331 1441 2359; x_wconf 86' lang='grc' dir='ltr'>καὶ</span> <span class='ocrx_word' id='word_1_691' title='bbox 1462 2331 1604 2368; x_wconf 83' lang='grc' dir='ltr'>μνηστείας</span> <span class='ocrx_word' id='word_1_692' title='bbox 1619 2335 1672 2361; x_wconf 84' lang='grc' dir='ltr'><strong>τῶν</strong></span> <span class='ocrx_word' id='word_1_693' title='bbox 1696 2332 1792 2370; x_wconf 79' lang='grc' dir='ltr'>μεταξὺ</span> <span class='ocrx_word' id='word_1_694' title='bbox 1818 2334 1894 2369; x_wconf 78' lang='grc' dir='ltr'>Γεωρ-</span> 
     </span>
    </p>
   </div>
   <div class='ocr_carea' id='block_1_101' title="bbox 222 2374 1055 2417">
    <p class='ocr_par' dir='ltr' id='par_1_101' title="bbox 222 2376 1044 2417">
     <span class='ocr_line' id='line_1_101' title="bbox 222 2376 1044 2417; baseline 0.002 -13"><span class='ocrx_word' id='word_1_695' title='bbox 222 2376 401 2415; x_wconf 86' lang='lat' dir='ltr'><strong>nuptiarum,</strong></span> <span class='ocrx_word' id='word_1_696' title='bbox 419 2386 516 2417; x_wconf 88' lang='lat' dir='ltr'><strong>neque</strong></span> <span class='ocrx_word' id='word_1_697' title='bbox 532 2377 714 2417; x_wconf 87' lang='lat' dir='ltr'><strong>sponsalium</strong></span> <span class='ocrx_word' id='word_1_698' title='bbox 736 2379 917 2407; x_wconf 86' lang='lat' dir='ltr'><strong>contractum</strong></span> <span class='ocrx_word' id='word_1_699' title='bbox 929 2376 1019 2407; x_wconf 89' lang='lat' dir='ltr'><strong>fuisse</strong></span> <span class='ocrx_word' id='word_1_700' title='bbox 1038 2387 1044 2407; x_wconf 88' lang='lat'><strong>:</strong></span> 
     </span>
    </p>
   </div>
   <div class='ocr_carea' id='block_1_102' title="bbox 1148 2374 1893 2417">
    <p class='ocr_par' dir='ltr' id='par_1_102' title="bbox 1186 2374 1893 2415">
     <span class='ocr_line' id='line_1_102' title="bbox 1186 2374 1893 2415; baseline 0.003 -12"><span class='ocrx_word' id='word_1_701' title='bbox 1186 2375 1230 2403; x_wconf 84' lang='grc' dir='ltr'>καὶ</span> <span class='ocrx_word' id='word_1_702' title='bbox 1272 2374 1414 2415; x_wconf 75' lang='grc' dir='ltr'>Θεοδότης,</span> <span class='ocrx_word' id='word_1_703' title='bbox 1457 2375 1633 2414; x_wconf 77' lang='grc' dir='ltr'>ἀπεστέρηται</span> <span class='ocrx_word' id='word_1_704' title='bbox 1675 2378 1706 2405; x_wconf 70' lang='grc' dir='ltr'>τὸ</span> <span class='ocrx_word' id='word_1_705' title='bbox 1742 2376 1893 2414; x_wconf 77' lang='grc' dir='ltr'>συνάλλαγμι</span> 
     </span>
    </p>
   </div>
   <div class='ocr_carea' id='block_1_103' title="bbox 222 2419 1055 2462">
    <p class='ocr_par' dir='ltr' id='par_1_103' title="bbox 222 2421 1046 2462">
     <span class='ocr_line' id='line_1_103' title="bbox 222 2421 1046 2462; baseline 0.001 -13"><span class='ocrx_word' id='word_1_706' title='bbox 222 2429 332 2460; x_wconf 84' lang='lat' dir='ltr'><strong>quippe</strong></span> <span class='ocrx_word' id='word_1_707' title='bbox 348 2421 397 2461; x_wconf 93' lang='lat' dir='ltr'><strong>qui</strong></span> <span class='ocrx_word' id='word_1_708' title='bbox 423 2431 519 2462; x_wconf 86' lang='lat' dir='ltr'><strong>neque</strong></span> <span class='ocrx_word' id='word_1_709' title='bbox 548 2422 720 2461; x_wconf 84' lang='lat' dir='ltr'><strong>nuptiarum</strong></span> <span class='ocrx_word' id='word_1_710' title='bbox 746 2421 840 2460; x_wconf 82' lang='lat' dir='ltr'><strong>legem</strong></span> <span class='ocrx_word' id='word_1_711' title='bbox 866 2421 1001 2458; x_wconf 88' lang='lat' dir='ltr'><strong>servarit,</strong></span> <span class='ocrx_word' id='word_1_712' title='bbox 1018 2424 1046 2451; x_wconf 90' lang='lat' dir='ltr'><strong>et</strong></span> 
     </span>
    </p>
   </div>
   <div class='ocr_carea' id='block_1_104' title="bbox 1148 2419 1896 2462">
    <p class='ocr_par' dir='ltr' id='par_1_104' title="bbox 1148 2419 1896 2460">
     <span class='ocr_line' id='line_1_104' title="bbox 1148 2419 1896 2460; baseline 0.007 -13"><span class='ocrx_word' id='word_1_713' title='bbox 1148 2431 1157 2447; x_wconf 78' lang='grc' dir='ltr'><strong>ε</strong></span> <span class='ocrx_word' id='word_1_714' title='bbox 1172 2421 1217 2448; x_wconf 82' lang='grc' dir='ltr'>τὸν</span> <span class='ocrx_word' id='word_1_715' title='bbox 1238 2423 1283 2447; x_wconf 85' lang='grc' dir='ltr'>τοῦ</span> <span class='ocrx_word' id='word_1_716' title='bbox 1298 2419 1384 2458; x_wconf 88' lang='grc' dir='ltr'>γάμου</span> <span class='ocrx_word' id='word_1_717' title='bbox 1414 2420 1531 2459; x_wconf 78' lang='grc' dir='ltr'>τηρῆσαν</span> <span class='ocrx_word' id='word_1_718' title='bbox 1554 2419 1625 2460; x_wconf 75' lang='grc' dir='ltr'>ὅρον,</span> <span class='ocrx_word' id='word_1_719' title='bbox 1655 2422 1699 2450; x_wconf 84' lang='grc' dir='ltr'><strong>καὶ</strong></span> <span class='ocrx_word' id='word_1_720' title='bbox 1713 2423 1758 2450; x_wconf 80' lang='grc' dir='ltr'><strong>τὸν</strong></span> <span class='ocrx_word' id='word_1_721' title='bbox 1779 2424 1825 2454; x_wconf 82' lang='grc' dir='ltr'>τῆς</span> <span class='ocrx_word' id='word_1_722' title='bbox 1839 2431 1896 2458; x_wconf 83' lang='grc' dir='ltr'>μνη·</span> 
     </span>
    </p>
   </div>
   <div class='ocr_carea' id='block_1_105' title="bbox 223 2463 1055 2505">
    <p class='ocr_par' dir='ltr' id='par_1_105' title="bbox 223 2464 1046 2505">
     <span class='ocr_line' id='line_1_105' title="bbox 223 2464 1046 2505; baseline 0.002 -11"><span class='ocrx_word' id='word_1_723' title='bbox 223 2464 316 2503; x_wconf 80' lang='lat' dir='ltr'><strong>legem</strong></span> <span class='ocrx_word' id='word_1_724' title='bbox 333 2466 515 2505; x_wconf 86' lang='lat' dir='ltr'><strong>sponsalium</strong></span> <span class='ocrx_word' id='word_1_725' title='bbox 540 2466 666 2497; x_wconf 88' lang='lat' dir='ltr'><strong>violarit.</strong></span> <span class='ocrx_word' id='word_1_726' title='bbox 683 2465 765 2497; x_wconf 84' lang='lat' dir='ltr'><strong>Solet</strong></span> <span class='ocrx_word' id='word_1_727' title='bbox 781 2465 859 2495; x_wconf 89' lang='lat' dir='ltr'><strong>enim</strong></span> <span class='ocrx_word' id='word_1_728' title='bbox 877 2465 921 2496; x_wconf 86' lang='lat' dir='ltr'><strong>lex</strong></span> <span class='ocrx_word' id='word_1_729' title='bbox 938 2465 1046 2496; x_wconf 89' lang='lat' dir='ltr'><strong>imitari</strong></span> 
     </span>
    </p>
   </div>
   <div class='ocr_carea' id='block_1_106' title="bbox 1148 2463 1893 2505">
    <p class='ocr_par' dir='ltr' id='par_1_106' title="bbox 1148 2463 1893 2504">
     <span class='ocr_line' id='line_1_106' title="bbox 1148 2463 1893 2504; baseline 0.003 -12"><span class='ocrx_word' id='word_1_730' title='bbox 1148 2475 1174 2496; x_wconf 75' lang='grc' dir='ltr'>ις</span> <span class='ocrx_word' id='word_1_731' title='bbox 1203 2463 1405 2502; x_wconf 79' lang='grc' dir='ltr'>λωϐησάμενον.</span> <span class='ocrx_word' id='word_1_732' title='bbox 1436 2465 1485 2493; x_wconf 80' lang='grc' dir='ltr'>Καὶ</span> <span class='ocrx_word' id='word_1_733' title='bbox 1513 2465 1562 2504; x_wconf 81' lang='grc' dir='ltr'><strong>γὰρ</strong></span> <span class='ocrx_word' id='word_1_734' title='bbox 1588 2464 1681 2494; x_wconf 81' lang='grc' dir='ltr'>εἴωθεν</span> <span class='ocrx_word' id='word_1_735' title='bbox 1711 2468 1724 2495; x_wconf 82' lang='grc' dir='ltr'>ὁ</span> <span class='ocrx_word' id='word_1_736' title='bbox 1752 2467 1828 2504; x_wconf 83' lang='grc' dir='ltr'>νόμος</span> <span class='ocrx_word' id='word_1_737' title='bbox 1854 2465 1893 2496; x_wconf 61' lang='grc' dir='ltr'><strong>τὴν</strong></span> 
     </span>
    </p>
   </div>
   <div class='ocr_carea' id='block_1_107' title="bbox 223 2509 1055 2551">
    <p class='ocr_par' dir='ltr' id='par_1_107' title="bbox 223 2509 1048 2551">
     <span class='ocr_line' id='line_1_107' title="bbox 223 2509 1048 2551; baseline 0.002 -13"><span class='ocrx_word' id='word_1_738' title='bbox 223 2513 368 2540; x_wconf 85' lang='lat' dir='ltr'><strong>naturam.</strong></span> <span class='ocrx_word' id='word_1_739' title='bbox 396 2510 431 2541; x_wconf 87' lang='lat' dir='ltr'><strong>Et</strong></span> <span class='ocrx_word' id='word_1_740' title='bbox 447 2511 524 2551; x_wconf 86' lang='lat' dir='ltr'><strong>quod</strong></span> <span class='ocrx_word' id='word_1_741' title='bbox 552 2510 686 2550; x_wconf 82' lang='lat' dir='ltr'><strong>agnoscit</strong></span> <span class='ocrx_word' id='word_1_742' title='bbox 700 2515 817 2545; x_wconf 76' lang='lat' dir='ltr'><strong>natura,</strong></span> <span class='ocrx_word' id='word_1_743' title='bbox 834 2509 880 2540; x_wconf 81' lang='lat' dir='ltr'><strong>lex</strong></span> <span class='ocrx_word' id='word_1_744' title='bbox 895 2509 982 2540; x_wconf 89' lang='lat' dir='ltr'><strong>etiam</strong></span> <span class='ocrx_word' id='word_1_745' title='bbox 999 2510 1048 2540; x_wconf 86' lang='lat' dir='ltr'><strong>ad-</strong></span> 
     </span>
    </p>
   </div>
   <div class='ocr_carea' id='block_1_108' title="bbox 1148 2509 1892 2551">
    <p class='ocr_par' dir='ltr' id='par_1_108' title="bbox 1150 2509 1892 2550">
     <span class='ocr_line' id='line_1_108' title="bbox 1150 2509 1892 2550; baseline 0.003 -14"><span class='ocrx_word' id='word_1_746' title='bbox 1150 2521 1163 2536; x_wconf 89' lang='grc' dir='ltr'><strong>ν</strong></span> <span class='ocrx_word' id='word_1_747' title='bbox 1204 2510 1354 2547; x_wconf 76' lang='grc' dir='ltr'>μιμεῖσθαι.</span> <span class='ocrx_word' id='word_1_748' title='bbox 1398 2510 1447 2538; x_wconf 75' lang='grc' dir='ltr'>Καὶ</span> <span class='ocrx_word' id='word_1_749' title='bbox 1482 2509 1496 2537; x_wconf 84' lang='grc' dir='ltr'>ὃ</span> <span class='ocrx_word' id='word_1_750' title='bbox 1532 2510 1581 2547; x_wconf 78' lang='grc' dir='ltr'>μὲν</span> <span class='ocrx_word' id='word_1_751' title='bbox 1613 2509 1684 2539; x_wconf 78' lang='grc' dir='ltr'>οἶδεν</span> <span class='ocrx_word' id='word_1_752' title='bbox 1713 2511 1792 2547; x_wconf 74' lang='grc' dir='ltr'>αὕτη,</span> <span class='ocrx_word' id='word_1_753' title='bbox 1820 2519 1892 2550; x_wconf 83' lang='grc' dir='ltr'>προσ-</span> 
     </span>
    </p>
   </div>
   <div class='ocr_carea' id='block_1_109' title="bbox 224 2552 1055 2595">
    <p class='ocr_par' dir='ltr' id='par_1_109' title="bbox 224 2553 1046 2594">
     <span class='ocr_line' id='line_1_109' title="bbox 224 2553 1046 2594; baseline 0.004 -12"><span class='ocrx_word' id='word_1_754' title='bbox 224 2553 311 2583; x_wconf 91' lang='lat' dir='ltr'><strong>mittit</strong></span> <span class='ocrx_word' id='word_1_755' title='bbox 327 2564 333 2584; x_wconf 90' lang='lat'>:</span> <span class='ocrx_word' id='word_1_756' title='bbox 352 2555 430 2594; x_wconf 89' lang='lat' dir='ltr'><strong>quod</strong></span> <span class='ocrx_word' id='word_1_757' title='bbox 447 2558 543 2585; x_wconf 87' lang='lat' dir='ltr'><strong>autem</strong></span> <span class='ocrx_word' id='word_1_758' title='bbox 572 2556 705 2594; x_wconf 82' lang='lat' dir='ltr'><strong>ignotum</strong></span> <span class='ocrx_word' id='word_1_759' title='bbox 723 2559 766 2585; x_wconf 91' lang='lat' dir='ltr'><strong>est</strong></span> <span class='ocrx_word' id='word_1_760' title='bbox 782 2558 905 2592; x_wconf 68' lang='lat' dir='ltr'><strong>naturae,</strong></span> <span class='ocrx_word' id='word_1_761' title='bbox 925 2554 1046 2585; x_wconf 91' lang='lat' dir='ltr'><strong>missum</strong></span> 
     </span>
    </p>
   </div>
   <div class='ocr_carea' id='block_1_110' title="bbox 1148 2552 1892 2595">
    <p class='ocr_par' dir='ltr' id='par_1_110' title="bbox 1148 2552 1892 2595">
     <span class='ocr_line' id='line_1_110' title="bbox 1148 2552 1892 2595; baseline -0.001 -14"><span class='ocrx_word' id='word_1_762' title='bbox 1148 2566 1153 2581; x_wconf 95' lang='grc' dir='ltr'><strong>ι</strong></span> <span class='ocrx_word' id='word_1_763' title='bbox 1170 2563 1178 2572; x_wconf 71' lang='grc' dir='ltr'><strong><em>υ</em></strong></span> <span class='ocrx_word' id='word_1_764' title='bbox 1201 2555 1232 2581; x_wconf 82' lang='grc' dir='ltr'>τὸ</span> <span class='ocrx_word' id='word_1_765' title='bbox 1247 2552 1269 2581; x_wconf 79' lang='grc' dir='ltr'><strong>δ’</strong></span> <span class='ocrx_word' id='word_1_766' title='bbox 1284 2553 1449 2593; x_wconf 81' lang='grc' dir='ltr'>ἠγνοημένον</span> <span class='ocrx_word' id='word_1_767' title='bbox 1471 2555 1548 2592; x_wconf 71' lang='grc' dir='ltr'>αὐτῇ,</span> <span class='ocrx_word' id='word_1_768' title='bbox 1576 2555 1790 2595; x_wconf 78' lang='grc' dir='ltr'>παραπέμπεται.</span> <span class='ocrx_word' id='word_1_769' title='bbox 1805 2556 1832 2584; x_wconf 79' lang='lat' dir='ltr'><strong>El</strong></span> <span class='ocrx_word' id='word_1_770' title='bbox 1844 2554 1892 2582; x_wconf 80' lang='grc' dir='ltr'>τοί-</span> 
     </span>
    </p>
   </div>
   <div class='ocr_carea' id='block_1_111' title="bbox 222 2596 1055 2639">
    <p class='ocr_par' dir='ltr' id='par_1_111' title="bbox 222 2597 1048 2639">
     <span class='ocr_line' id='line_1_111' title="bbox 222 2597 1048 2639; baseline 0.004 -13"><span class='ocrx_word' id='word_1_771' title='bbox 222 2597 299 2628; x_wconf 90' lang='lat' dir='ltr'><strong>facit.</strong></span> <span class='ocrx_word' id='word_1_772' title='bbox 318 2597 348 2629; x_wconf 91' lang='lat' dir='ltr'><strong>Si</strong></span> <span class='ocrx_word' id='word_1_773' title='bbox 360 2608 430 2638; x_wconf 81' lang='lat' dir='ltr'><strong>ergo</strong></span> <span class='ocrx_word' id='word_1_774' title='bbox 446 2609 512 2638; x_wconf 69' lang='lat' dir='ltr'><strong>qua:</strong></span> <span class='ocrx_word' id='word_1_775' title='bbox 535 2599 630 2630; x_wconf 85' lang='lat' dir='ltr'><strong>adhuc</strong></span> <span class='ocrx_word' id='word_1_776' title='bbox 647 2598 793 2639; x_wconf 85' lang='lat' dir='ltr'><strong>pubescit,</strong></span> <span class='ocrx_word' id='word_1_777' title='bbox 809 2598 938 2630; x_wconf 88' lang='lat' dir='ltr'><strong>necdum</strong></span> <span class='ocrx_word' id='word_1_778' title='bbox 953 2599 1048 2639; x_wconf 88' lang='lat' dir='ltr'><strong>partui</strong></span> 
     </span>
    </p>
   </div>
   <div class='ocr_carea' id='block_1_112' title="bbox 1148 2596 1892 2639">
    <p class='ocr_par' dir='ltr' id='par_1_112' title="bbox 1166 2596 1892 2637">
     <span class='ocr_line' id='line_1_112' title="bbox 1166 2596 1892 2637; baseline -0.001 -11"><span class='ocrx_word' id='word_1_779' title='bbox 1166 2599 1183 2633; x_wconf 78' lang='grc' dir='ltr'><strong>ἡ</strong></span> <span class='ocrx_word' id='word_1_780' title='bbox 1209 2598 1258 2636; x_wconf 76' lang='grc' dir='ltr'>μὲν</span> <span class='ocrx_word' id='word_1_781' title='bbox 1279 2596 1430 2632; x_wconf 75' lang='grc' dir='ltr'>ἦϐάσκουσα</span> <span class='ocrx_word' id='word_1_782' title='bbox 1456 2597 1535 2637; x_wconf 79' lang='grc' dir='ltr'>γονῆς</span> <span class='ocrx_word' id='word_1_783' title='bbox 1564 2597 1634 2626; x_wconf 81' lang='grc' dir='ltr'>ἐστιν</span> <span class='ocrx_word' id='word_1_784' title='bbox 1661 2599 1832 2636; x_wconf 77' lang='grc' dir='ltr'>ἀνεπίδεκτος,</span> <span class='ocrx_word' id='word_1_785' title='bbox 1859 2597 1892 2625; x_wconf 66' lang='grc' dir='ltr'>διὰ</span> 
     </span>
    </p>
   </div>
   <div class='ocr_carea' id='block_1_113' title="bbox 221 2642 1055 2685">
    <p class='ocr_par' dir='ltr' id='par_1_113' title="bbox 221 2642 1044 2685">
     <span class='ocr_line' id='line_1_113' title="bbox 221 2642 1044 2685; baseline 0.004 -13"><span class='ocrx_word' id='word_1_786' title='bbox 221 2646 265 2672; x_wconf 92' lang='lat' dir='ltr'><strong>est</strong></span> <span class='ocrx_word' id='word_1_787' title='bbox 281 2642 408 2682; x_wconf 85' lang='lat' dir='ltr'><strong>idonea;</strong></span> <span class='ocrx_word' id='word_1_788' title='bbox 426 2645 537 2685; x_wconf 59' lang='lat' dir='ltr'><strong>nuptim</strong></span> <span class='ocrx_word' id='word_1_789' title='bbox 545 2653 614 2675; x_wconf 87' lang='lat' dir='ltr'><strong>vero</strong></span> <span class='ocrx_word' id='word_1_790' title='bbox 631 2643 846 2684; x_wconf 84' lang='lat' dir='ltr'><strong>procreationis</strong></span> <span class='ocrx_word' id='word_1_791' title='bbox 861 2652 949 2674; x_wconf 86' lang='lat' dir='ltr'><strong>causa</strong></span> <span class='ocrx_word' id='word_1_792' title='bbox 960 2644 1044 2675; x_wconf 79' lang='lat' dir='ltr'><strong>ﬁunt:</strong></span> 
     </span>
    </p>
   </div>
   <div class='ocr_carea' id='block_1_114' title="bbox 1148 2642 1893 2685">
    <p class='ocr_par' dir='ltr' id='par_1_114' title="bbox 1148 2642 1893 2685">
     <span class='ocr_line' id='line_1_114' title="bbox 1148 2642 1893 2685; baseline -0.001 -12"><span class='ocrx_word' id='word_1_793' title='bbox 1148 2642 1312 2682; x_wconf 82' lang='grc' dir='ltr'>παιδογονίαν</span> <span class='ocrx_word' id='word_1_794' title='bbox 1342 2643 1356 2670; x_wconf 79' lang='grc' dir='ltr'><strong>ὁ</strong></span> <span class='ocrx_word' id='word_1_795' title='bbox 1383 2643 1468 2682; x_wconf 81' lang='grc' dir='ltr'>γάμος</span> <span class='ocrx_word' id='word_1_796' title='bbox 1485 2652 1493 2660; x_wconf 87' lang='grc'>·</span> <span class='ocrx_word' id='word_1_797' title='bbox 1523 2643 1537 2671; x_wconf 80' lang='grc' dir='ltr'>ὁ</span> <span class='ocrx_word' id='word_1_798' title='bbox 1572 2644 1764 2685; x_wconf 76' lang='grc' dir='ltr'>συνερχόμενος</span> <span class='ocrx_word' id='word_1_799' title='bbox 1798 2644 1843 2684; x_wconf 79' lang='grc' dir='ltr'><strong>ἄρα</strong></span> <span class='ocrx_word' id='word_1_800' title='bbox 1866 2643 1893 2679; x_wconf 77' lang='grc' dir='ltr'>τῇ</span> 
     </span>
    </p>
   </div>
   <div class='ocr_carea' id='block_1_115' title="bbox 881 2721 1249 2756">
    <p class='ocr_par' dir='ltr' id='par_1_115' title="bbox 881 2721 1249 2756">
     <span class='ocr_line' id='line_1_115' title="bbox 881 2721 1249 2756; baseline -0.003 -2"><span class='ocrx_word' id='word_1_801' title='bbox 881 2723 1008 2755; x_wconf 77' lang='lat' dir='ltr'><strong>VARle</strong></span> <span class='ocrx_word' id='word_1_802' title='bbox 1031 2721 1249 2756; x_wconf 86' lang='lat' dir='ltr'><strong>LECTIONES.</strong></span> 
     </span>
    </p>
   </div>
   <div class='ocr_carea' id='block_1_116' title="bbox 262 2790 783 2831">
    <p class='ocr_par' dir='ltr' id='par_1_116' title="bbox 262 2790 783 2831">
     <span class='ocr_line' id='line_1_116' title="bbox 262 2790 783 2831; baseline -0.004 -11"><span class='ocrx_word' id='word_1_803' title='bbox 262 2790 293 2815; x_wconf 61' lang='grc' dir='ltr'>ιθ</span> <span class='ocrx_word' id='word_1_804' title='bbox 308 2791 416 2831; x_wconf 64' lang='grc' dir='ltr'>ἦρκται,</span> <span class='ocrx_word' id='word_1_805' title='bbox 459 2791 485 2817; x_wconf 69' lang='grc'><strong>41</strong></span> <span class='ocrx_word' id='word_1_806' title='bbox 506 2793 603 2831; x_wconf 85' lang='grc' dir='ltr'>γάμου.</span> <span class='ocrx_word' id='word_1_807' title='bbox 646 2790 677 2816; x_wconf 63' lang='grc' dir='ltr'>η</span> <span class='ocrx_word' id='word_1_808' title='bbox 691 2791 783 2825; x_wconf 77' lang='grc' dir='ltr'>αὺτῆν,</span> 
     </span>
    </p>
   </div>
  </div>
