1922 3081
228 129 285 161 847

941 128 1006 160 JUS
1026 127 1249 161 CANONICUM

1847 127 1894 159 848

228 194 333 225 attinet
362 204 413 236 per
441 195 540 226 omnia
570 198 659 226 testes
686 195 765 226 inter
788 204 821 226 se
847 194 1048 226 consentiunt.

1144 195 1191 228 τὴν
1213 195 1286 223 λύσιν
1303 203 1310 210 ”
1334 195 1398 235 ὅπερ
1420 194 1492 224 οὖδὲν
1514 195 1681 234 ἐπισημαίνει
1701 195 1739 233 τῷ
1766 195 1894 235 πράγματι,

228 238 342 286 Quippe
359 244 528 286 contractus
542 240 721 280 principium
746 239 918 280 quaerimus,
936 248 994 286 non
1010 236 1188 286 solutioqem
1200 238 1280 286 quod
1296 248 1368 286 sane
1383 239 1501 286 negotio
1519 239 1703 286 nihil_ad_dit.

269 283 340 314 Nam
355 284 433 324 quod
450 294 508 315 non
534 288 662 323 captum
679 287 724 315 est
737 288 830 321 recte,
848 293 902 314 nec
924 283 1051 314 solutum

227 328 335 359 dicitur
355 339 361 358 :
379 329 431 359 sed
461 338 477 359 a
508 329 652 369 principio
676 329 826 359 vinculum
856 328 969 359 nullum
996 328 1051 358 ha-

227 372 339 404 buisse.
357 375 502 404 Caeterum
521 377 609 403 testes
639 377 722 404 actor
751 373 886 409 idoneos,
905 376 934 403 et
962 380 1051 403 exce-

227 418 327 456 ptione
355 418 492 456 majores,
511 417 603 457 ipsam
629 417 748 457 quidem
770 417 974 453 indictionem,
993 424 1051 456 qua

226 462 336 501 nuptiae
352 466 509 493 contractae
519 462 621 499 sint,et
636 461 734 501 puella
746 461 826 492 diem
844 461 964 497 obierit,
982 469 1049 490 vere

225 515 474 536 commemorasse
489 506 562 537 dixit
574 516 582 537 :
596 507 647 536 sed
670 506 749 546 quod
761 505 921 537 nativitatis
932 509 1048 544 tempus

225 550 506 587 attineret,errasse.
523 550 593 580 Nam
611 555 713 590 putare
729 560 770 588 se,
777 550 904 591 puellam
915 553 1048 589 tempore

225 598 441 625 contractarum
467 595 634 635 nuptiarum
661 603 756 625 annos
777 604 838 631 sex,
867 594 1047 634 totidemque

227 647 344 669 menses
372 639 463 670 fuisse
500 643 611 670 natam.
653 638 760 669 Verum
789 639 892 670 isthmc
920 638 1047 677 objectio

225 683 297 713 nihil
313 684 478 723 adjumenti
493 683 605 714 ferebat
619 683 784 714 rationibus
800 682 930 723 ejus,qui
945 686 974 713 et
988 683 1047 712 im-

224 727 367 766 puberem
384 732 499 759 zetatem
516 728 669 765 fateretur,
687 737 742 758 nec
755 728 790 758 ab
805 737 836 759 se
853 727 941 758 dictis
956 727 1048 758 ﬁrmi-

224 776 268 802 ter
282 772 433 803 insisteret
450 784 455 804 :
474 772 526 803 sed
537 782 604 803 cum
627 773 800 811 conjectura
816 776 844 803 et
859 771 1046 802 dubitatione

221 816 318 847 isthuc
334 817 500 848 adversario
517 816 713 856 objiceret.Et
727 817 777 856 qui
795 817 907 857 primus
921 816 1045 847 accusa-

222 860 332 891 tionem
344 862 508 892 instituisse
521 862 669 892 ferebatur
677 860 1046 902 Malacenus,injudicium

220 904 377 943 deductus,
395 911 495 946 aperte
512 906 595 944 dixit,
622 906 652 936 in
674 910 825 936 contractu
852 916 884 936 se
900 905 972 935 nihil
989 905 1044 935 ab-

219 949 302 979 surdi
318 934 467 990 scire,i1ec
483 951 539 980 sibi
552 934 665 990 liquido
677 955 812 981 constare
825 950 986 990 quidquam
998 950 1043 981 vel
1056 934 1075 958 Β

218 993 256 1024 de
283 998 415 1034 tempore
440 994 601 1026 nativitatis
626 995 742 1034 puellae,
776 994 820 1025 vel
836 999 1046 1034 conceptarum

219 1048 352 1078 precum,
371 1039 415 1070 vel
431 1038 539 1070 obitus.
557 1040 631 1071 Cum
647 1039 735 1078 igitur
747 1048 869 1070 examen
885 1039 942 1069 huc
954 1048 1047 1078 usque

219 1083 426 1122 processisset,
444 1093 478 1114 ac
496 1087 586 1115 testes
611 1083 781 1124 nuptiarum
810 1087 838 1114 et
863 1083 1045 1124 sponsalium

220 1131 336 1167 tempus
348 1136 405 1158 non
422 1127 639 1168 distinxissent,
657 1128 709 1159 sed
727 1137 846 1168 precum
863 1127 983 1168 quidem
995 1136 1043 1157 sa-

219 1180 335 1201 crarum
353 1172 578 1212 conceptionem
595 1173 710 1213 perﬁci,
728 1172 836 1203 vidisse
851 1181 883 1202 se
898 1172 1042 1212 dicerent;

218 1214 356 1254 ignorare
372 1226 451 1255 vero,
471 1227 541 1247 num
556 1217 662 1248 eodem
685 1217 733 1248 die
748 1216 898 1257 sponsalia
914 1225 1043 1256 prwces-

215 1259 324 1290 sissent
340 1269 347 1291 :
366 1261 439 1291 nihil
464 1265 539 1302 erat,
569 1261 648 1302 quod
674 1261 830 1293 sententiae
845 1261 974 1291 ferendae
989 1260 1040 1290 im<

217 1304 420 1343 pedimentum
449 1305 604 1345 objiceret.
645 1305 759 1346 Quippe
797 1306 821 1335 si
860 1305 957 1345 puella
980 1305 1040 1345 jam

219 1349 378 1388 septimum
409 1354 577 1381 excesserat
607 1360 730 1387 annum,
747 1359 814 1381 cum
835 1358 939 1389 preces
954 1358 1045 1380 sacrae

216 1393 456 1433 conciperentur,
484 1403 536 1434 par
560 1398 634 1432 erat,
651 1394 763 1434 nuptiis
778 1394 860 1425 intra
885 1393 942 1424 duo
959 1393 1043 1424 deci—

220 1447 299 1467 mum
315 1447 425 1468 annum
442 1439 581 1479 peractis,
611 1439 733 1479 inquiri,
753 1448 823 1469 num
840 1442 907 1468 ante
925 1437 953 1468 id
966 1442 1042 1468 tem-

220 1491 274 1520 pus
299 1482 430 1521 legitima
457 1483 606 1522 sponsalia
635 1487 787 1514 contracta
816 1482 951 1519 fuissent,
980 1486 1044 1522 post

216 1534 326 1556 annum
343 1527 500 1566 septimum
519 1538 525 1558 :
545 1531 576 1558 ut
592 1527 616 1558 si
646 1527 755 1568 nuptiae
775 1537 832 1557 non
859 1530 1042 1563 constarent,

1144 288 1164 312 0
1178 284 1228 323 γὰρ
1243 284 1290 312 οὒκ
1304 285 1382 318 ἦκται
1398 284 1429 310 40
1443 283 1544 324 καλῶς,
1566 284 1624 314 οὺδέ
1645 284 1765 312 λελύσθαι
1781 283 1874 323 λέγεται
1889 291 1894 298 ·

1093 326 1152 356 ἀλλ’
1174 328 1301 368 ἀπαρχῆς
1329 328 1397 357 δέσιν
1419 330 1457 367 μὴ
1487 329 1656 369 ἐσχηκέναι·
1680 330 1694 357 ὁ
1724 329 1812 367 μέντοι
1842 339 1895 356 κατ-

1093 372 1190 412 ήγορος
1213 372 1347 408 ἀλήπτους
1375 373 1452 406 ὄντας
1480 375 1539 406 τοὺς
1566 375 1696 414 μάρτυρας
1723 374 1766 401 καὶ
1790 372 1894 406 διαϐολῆς

1093 416 1259 457 ὑπερτέρους,
1295 418 1342 451 τὴν
1380 418 1429 456 μὲν
1457 418 1624 458 ἐπινέμησιν,
1653 419 1697 446 καὶ
1730 418 1763 451 ἦν
1790 419 1804 446 δ
1824 417 1893 456 γάμος

1091 461 1212 498 συνέστη,
1237 463 1280 490 καὶ
1300 461 1359 490 καθ’
1381 463 1413 495 ἢν
1447 462 1559 496 ἐπῆλθεν
1587 463 1604 497 ἡ
1632 462 1756 496 τελευτὴν
1784 465 1816 500 τῇ
1841 462 1894 500 κόρῃ

1090 504 1194 538 ἀληθῶς
1232 505 1282 546 ἔφη
1318 505 1457 538 διεξελθεῖν
1473 515 1481 523 θ
1521 508 1586 547 πρὸς
1615 506 1642 534 δὲ
1676 507 1721 535 τὸν
1750 507 1799 539 τῆς
1831 506 1893 544 γενε-

1091 560 1158 581 σεως
1180 551 1277 590 χρόνον
1306 550 1443 591 ἐσφάλθαι.
1474 550 1581 580 Οἴεσθαι
1610 552 1660 591 γὰρ
1689 551 1812 580 ἐνιαυτῶν
1825 550 1848 583 ἓξ
1861 552 1894 578 καὶ

1089 597 1182 630 μηνῶν
1195 595 1335 634 ἰσαρίθμων
1364 596 1434 624 εἶναι
1462 597 1529 625 κατὰ
1556 597 1601 624 τον
1622 601 1668 625 τοῦ
1695 595 1781 634 γάμου
1807 595 1892 634 καιρόν.

1091 635 1122 666 Ἡ
1159 638 1186 667 δὲ
1212 640 1321 673 τοιαύτη
1348 640 1474 672 ἀντίθεσις
1501 639 1559 669 κατ’
1599 640 1670 668 οὒδὲν
1705 640 1819 678 ἐπήμυνε
1846 647 1893 671 ταῖς

1088 683 1182 713 τούτου
1209 683 1406 723 δικαιολογίαις,
1431 685 1550 713 ἀτέλειαν
1574 685 1680 719 ἡλικίας
1709 683 1894 723 ὁμολογοῦντος,

1089 729 1132 756 καὶ
1159 727 1224 765 μηδ’
1259 729 1330 766 αὒτῷ
1356 733 1395 766 τῷ
1429 729 1530 767 ῥηθέντι
1574 728 1685 768 στεῤῥῶς
1729 728 1892 768 ἐμμένοντος·

1088 772 1146 801 ἀλλ’
1176 774 1292 810 εἰκασμῷ
1329 774 1372 801 καὶ
1414 773 1472 811 μετ’
1512 773 1666 811 ἓνδοιασμοῦ
1700 774 1751 801 τὶν
1786 773 1893 801 ἀντίθεσιν

1087 817 1254 855 ποιουμένου,
1280 818 1326 846 Καὶ
1342 819 1356 845 ὂ
1377 821 1611 858 προκατηγορῆσαι
1638 817 1781 857 λεγόμενος
1812 817 1891 845 Μαλα-

1088 862 1168 894 κηνὸς
1191 861 1281 901 ἀχθεὶς
1309 862 1345 893 εἰς
1372 863 1403 889 τὸ
1431 861 1609 903 δικαστήριον,
1631 863 1676 890 καὶ
1704 861 1789 899 μηδὲν
1809 861 1890 891 ἄτοπον

1089 904 1229 933 συνειδέναι
1262 909 1301 942 τῷ
1337 905 1533 945 συναλλάγματι
1567 909 1667 945 τρανῶς
1705 907 1809 940 ἀνεῖπε,
1836 907 1891 943 μήτε

1086 961 1111 977 τι
1136 952 1226 989 σαφῶς
1249 949 1341 979 εἰδέναι
1370 950 1387 984 ἢ
1416 951 1474 989 περὶ
1504 954 1550 979 τοῦ
1579 951 1676 990 χρόνου
1704 951 1755 984 τὴς
1781 950 1891 989 γενέσεως

1086 997 1135 1027 τῆς
1155 995 1246 1032 κόρης,
1269 994 1287 1028 ἢ
1315 995 1361 1022 τοῦ
1388 997 1438 1028 τῆς
1466 994 1623 1034 ἱερολογίας,
1656 995 1673 1029 ἢ
1702 997 1753 1030 τῆς
1774 994 1891 1027 τελευτῆς,

1087 1041 1142 1073 Τῆς
1170 1039 1323 1076 δοκιμασίας
1358 1039 1444 1068 τοίνυν
1472 1040 1508 1072 εἷς
1547 1040 1622 1068 τοῦτο
1659 1040 1892 1080 προκεχωρηκυὴς,

1087 1084 1130 1111 καὶ
1158 1083 1206 1117 τὴν
1232 1084 1368 1123 μαρτύρων
1389 1083 1428 1121 μὴ
1453 1082 1653 1112 διαπειλάντων
1675 1085 1774 1124 χρόνω
1787 1084 1812 1109 ιί
1844 1095 1892 1111 χαι-

1087 1128 1131 1166 ρὸν
1158 1128 1202 1155 καὶ
1230 1127 1385 1165 μνηστείας,
1415 1127 1482 1155 ἀλλὰ
1511 1128 1634 1168 φαμένων
1672 1128 1817 1168 ἱερολογίαν
1842 1129 1893 1156 θεὶ-

1086 1173 1178 1200 σασθαι
1197 1171 1358 1210 τελουμένην
1375 1181 1383 1188 ⁸
1406 1171 1514 1210 ἀγνοεῖν
1535 1171 1574 1210 δὲ,
1600 1173 1622 1200 εἰ
1651 1173 1800 1213 προυπῆρξε
1833 1183 1891 1210 μνη-

1086 1216 1158 1244 στεία
1199 1215 1257 1244 κατ’
1293 1216 1373 1250 αὒτὴν
1414 1216 1515 1255 ἡμέραν
1530 1226 1539 1234 ⁸
1583 1216 1655 1246 οὐδὲν
1696 1218 1729 1251 ἦν
1759 1219 1788 1245 τὸ
1821 1227 1891 1256 προσ-

1085 1261 1224 1298 ιστάμενον
1237 1271 1271 1299 τῃ
1295 1260 1437 1301 ἀποφάσει.
1461 1261 1490 1289 Εἰ
1511 1261 1560 1298 μὲν
1581 1262 1630 1301 γὰρ
1658 1261 1792 1301 ὖπερόἆσα
1824 1262 1853 1295 ἦν
1877 1261 1889 1294 ἡ

1084 1305 1149 1345 κόρη
1184 1306 1229 1333 τὸν
1258 1303 1368 1343 ἕϐδομον
1397 1305 1523 1344 ἐνιαυτὸν,
1561 1305 1605 1333 ὅτε
1633 1306 1666 1334 τὰ
1693 1308 1744 1340 τῆς
1762 1305 1888 1346 ἱερολογίας

1085 1350 1260 1389 ὑπεθειάζετο,
1296 1352 1432 1388 προσῆκον
1469 1350 1503 1383 ἦν
1537 1350 1597 1389 ἄρα,
1631 1356 1678 1380 τοῦ
1712 1351 1800 1389 γάμου
1832 1350 1888 1379 ἐντος

1085 1397 1130 1422 τοῦ
1164 1393 1309 1422 δωδεκάτου
1343 1393 1461 1422 ἐνιαυτοῦ
1487 1395 1640 1434 γεγονότος,
1669 1394 1888 1435 πολυπραγμονεῖ-

1085 1440 1154 1476 σθαι,
1181 1439 1202 1466 εἰ
1225 1438 1335 1472 συνέστη
1358 1439 1408 1477 πρὸ
1428 1438 1521 1467 τούτου
1545 1439 1654 1477 ἔννομος
1682 1440 1811 1478 μνηστεία
1837 1438 1889 1476 μετὰ

1084 1483 1129 1510 τὸν
1157 1481 1268 1520 ἕϐδομον
1281 1483 1398 1510 ενιαυτόν
1415 1491 1423 1500 ⁸
1453 1483 1499 1511 ἵνα
1527 1486 1572 1511 τοῦ
1592 1483 1679 1522 γάμου
1701 1485 1742 1521 μὴ
1758 1481 1888 1521 λαμϐάνον-

1084 1537 1127 1558 τος
1148 1526 1300 1567 ὑπόστασιν,
1324 1526 1390 1558 τέως
1417 1530 1479 1566 γοῦν
1501 1527 1523 1554 εί
1549 1527 1660 1565 νόμιμον
1687 1528 1768 1568 ἰσχὺν
1790 1527 1889 1568 ἔσχενὴ

217 1571 321 1601 saltent
339 1571 460 1611 planum
478 1573 572 1609 lieret,
588 1582 626 1603 an
641 1571 790 1612 sponsalia
804 1572 861 1602 vim
881 1571 1041 1610 legitimam

1144 1572 1223 1611 πεία,
1245 1572 1396 1609 κατασταθῇ
1430 1570 1522 1608 δῆλον,
1553 1570 1626 1600 Ἐπεὶ
1647 1571 1670 1600 δ’
1690 1574 1703 1601 ὁ
1733 1574 1828 1613 χρόνος
1852 1574 1890 1604 τῆς

215 1615 397 1646 habuissent.
415 1616 486 1647 Cum
502 1620 602 1647 autem
619 1626 712 1648 sacra;
727 1615 1042 1652 benedictionis,velut

1144 1626 1171 1655 ερ
1202 1615 1229 1643 ἐν
1260 1618 1347 1653 σκηνῇ
1381 1615 1539 1655 παιχθείσης
1574 1615 1718 1656 ἱερολογίας
1757 1615 1890 1654 συνωμολῦ-

216 1660 245 1689 in
261 1669 351 1691 scena
367 1666 502 1701 peracta,
518 1665 634 1702 tempus
657 1662 744 1691 etiam
771 1665 856 1691 actor
867 1661 932 1700 ipse
947 1660 1041 1690 fassus

1144 1671 1162 1687 ιι
1187 1660 1231 1687 καὶ
1268 1659 1338 1699 παρὰ
1372 1663 1419 1687 τοῦ
1459 1660 1609 1699 κατηγόρου
1651 1660 1719 1699 μηδὲ
1763 1661 1889 1699 μνηστείας

215 1705 262 1741 sit,
281 1705 404 1736 minime
419 1706 604 1746 sponsalibus
621 1715 686 1736 esse
699 1705 838 1736 idoneum
856 1715 862 1736 :
882 1704 978 1735 omnis
995 1708 1041 1736 est

1144 1716 1152 1731 ι
1174 1703 1302 1742 δεκτικὸς,
1333 1703 1527 1744 ἀμφισϐήτησις
1554 1707 1628 1738 πῆσα
1657 1706 1825 1746 περιήρηται,
1851 1704 1888 1737 vi:

214 1749 330 1780 sublata
346 1750 503 1791 dubitatio,
520 1751 637 1790 quando
652 1759 714 1781 rem
733 1750 888 1781 manifesto
904 1749 1037 1780 illicitam

1144 1751 1204 1788 γοῦς
1245 1748 1409 1787 παρανομίας
1444 1751 1522 1776 πᾶσιν
1557 1748 1602 1777 ὑπ’
1637 1748 1701 1788 ὄψιν
1740 1749 1888 1779 ὑποπιπτού-

215 1802 302 1823 nemo
319 1804 377 1824 non
407 1795 556 1835 perspicit.
578 1795 691 1834 Quippe
707 1804 772 1824 cum
799 1793 878 1833 leges
892 1793 1036 1836 sauciant,

1165 1792 1326 1826 Μνηστείαις
1353 1793 1402 1832 γὰρ
1437 1791 1544 1830 ἕϐδομον
1571 1793 1689 1823 ἐνιαυτὸν
1727 1796 1825 1823 οἰκεῖον
1852 1794 1887 1821 εἷ-

215 1839 404 1877 sponsalibus
419 1849 529 1870 annum
543 1843 642 1879 aptum
658 1848 724 1869 esse
739 1838 909 1878 septimum,
927 1835 1038 1878 nuptiis

1148 1835 1357 1876 παρεληλυθότα,
1388 1837 1483 1875 γάμοις
1519 1836 1546 1865 δὲ
1575 1842 1707 1877 γυναικῶν
1745 1838 1887 1873 δωδέκατον,

217 1886 316 1913 autem
347 1883 514 1920 mulierem,
546 1883 782 1914 duodecimum:
813 1883 838 1913 si
867 1882 986 1923 quidem
1003 1892 1038 1913 ex

1144 1880 1254 1917 1deth
1275 1881 1328 1909 τῶν
1350 1881 1449 1919 νόμων.
1478 1882 1506 1910 Εἰ
1521 1881 1580 1920 μὲν,
1596 1883 1712 1923 καθάπερ
1742 1884 1889 1921 νενόμισται,

217 1927 364 1958 sententia
381 1927 477 1966 legum
502 1931 672 1958 contractus
697 1927 757 1965 ﬁat,
774 1927 854 1957 nulla
869 1927 944 1958 facto
959 1926 1041 1957 labes

1148 1927 1190 1959 αίη
1225 1925 1406 1966 συνάλλαγμα,
1444 1925 1525 1958 οὐδεὶς
1559 1925 1718 1966 ἔπι-τρίϐεται
1747 1931 1786 1966 τῷ
1812 1938 1890 1967 πραχ-

216 1971 355 2001 ἱῐιυιεὶιυικ
373 1971 425 2002 Sin
451 1972 619 2012 praecipatio
642 1971 775 2011 quaedam
792 1971 930 2002 comitata
940 1970 1039 2008 fuerit,

1144 1983 1149 1997 L
1179 1973 1283 2008 μῶμος.
1321 1971 1349 1998 Εἰ
1377 1970 1404 1997 δέ
1431 1982 1471 2002 τις
1502 1971 1708 2006 ἐπακολουθήσει
1741 1972 1890 2010 περιπέτειι,

216 2015 261 2045 lex
280 2015 308 2045 in
327 2017 402 2046 lianc
418 2010 596 2046 sententiam
610 2010 757 2056 loquitur:
772 2015 827 2051 Qui
841 2015 970 2056 puellam
987 2015 1042 2045 mi-

1144 2027 1162 2047 ις
1176 2014 1226 2043 ὧδέ
1247 2026 1326 2055 φησιν
1344 2024 1352 2033 ·
1370 2010 1398 2043 ι0
1411 2015 1492 2054 κόρην
1507 2017 1604 2050 ἥττονα
1624 2019 1678 2044 τῶν
1702 2015 1803 2045 δώδεκα
1817 2016 1890 2044 ἐνιαυ-

216 2067 319 2090 norem
335 2060 422 2090 annis
437 2060 595 2091 duodecim
611 2061 641 2092 in
657 2069 782 2091 uxorem
799 2059 1040 2100 ducit,siquidem

1161 2059 1326 2098 ἑπαγόμενος
1352 2060 1417 2099 πρὸς
1456 2060 1552 2098 γάμον,
1592 2061 1614 2088 εἰ
1649 2060 1698 2098 μὶν
1735 2062 1892 2101 προηγήσατο

215 2104 364 2142 sponsalia
394 2109 623 2145 przecessernnt,
653 2104 828 2141 custoditur,
856 2104 927 2134 licet
942 2103 1042 2134 uxoris

1144 2104 1220 2143 πτεία,
1255 2104 1327 2142 μένει
1356 2103 1540 2144 φυλαττομένη
1567 2104 1617 2133 κᾶν
1651 2105 1684 2133 τὰ
1721 2106 1834 2144 μάλιστα
1869 2105 1891 2131 ἓν

216 2147 280 2177 loco
295 2148 418 2179 domum
433 2149 496 2189 ejus
512 2149 640 2181 deducta
665 2149 715 2180 sit.
732 2148 784 2179 Sin
799 2148 947 2188 sponsalia
962 2148 1042 2178 nulla

1144 2159 1152 2175 t
1167 2148 1285 2187 γαμετῆς
1301 2149 1337 2179 εἷς
1365 2149 1395 2176 τὸ
1425 2148 1502 2176 οἶκον
1524 2150 1602 2177 αὐτου
1616 2148 1648 2174 49
1681 2149 1833 2190 ἀνήνεγκεν,
1867 2148 1890 2176 Εἰ

215 2197 446 2234 prmcesserunt,
463 2203 519 2224 nec
534 2203 602 2224 eum
618 2193 720 2225 habuit
733 2192 770 2223 ab
786 2193 870 2223 initio
886 2193 1017 2223 animum
1031 2206 1039 2236 ς

1149 2194 1188 2231 μὴ
1217 2194 1390 2233 προηγήσατο
1418 2194 1545 2231 μνηστεία
1574 2193 1641 2232 μηδὲ
1668 2196 1792 2229 τοιαύτην
1824 2194 1889 2233 ἔξαρ-

218 2229 275 2267 non
294 2229 452 2277 propterea
477 2239 538 2278 jam
570 2248 644 2269 uxor
659 2247 724 2268 esse
741 2238 815 2268 facta
831 2238 955 2269 videtur.
973 2229 1041 2269 Haec

1156 2237 1220 2278 ἔσχε
1235 2237 1358 2278 διάθεσιν,
1386 2238 1415 2266 οὒ
1435 2237 1477 2265 διὰ
1497 2238 1573 2267 τοῦτο
1600 2243 1644 2267 νῦν
1669 2239 1788 2277 γενέσθαι
1815 2238 1887 2267 δοκεῖ.

217 2290 284 2312 cum
301 2283 389 2313 verba
411 2283 484 2323 legis
501 2283 571 2320 sint,
583 2283 654 2314 satis
670 2282 857 2322 intelligitur,
873 2292 939 2322 quae
963 2283 1041 2314 inter

1144 2293 1170 2314 ος
1212 2285 1258 2310 τοῦ
1284 2283 1366 2320 νόμου
1396 2283 1548 2322 φράζοντος,
1579 2283 1688 2323 πάρεστι
1731 2282 1889 2322 καταμανθά-

216 2326 371 2366 Georgium
401 2332 430 2358 et
458 2328 647 2365 Theodorem
688 2327 912 2364 intervenerint,
943 2337 1040 2367 neque

1144 2351 1146 2360 ,
1170 2326 1210 2354 ὅτι
1225 2328 1269 2355 καὶ
1291 2327 1378 2366 γάμου
1391 2327 1435 2355 καὶ
1456 2327 1598 2364 μνηστείας
1614 2332 1666 2357 τῶν
1690 2328 1786 2367 μεταξὺ
1813 2331 1890 2367 Γεωρ-

216 2371 395 2410 nuptiarum,
413 2382 510 2413 neque
526 2372 708 2412 sponsalium
729 2376 912 2403 contractum
923 2372 1013 2402 fuisse
1032 2383 1038 2403 :

1180 2372 1223 2399 καὶ
1266 2370 1408 2411 Θεοδότης,
1451 2371 1628 2410 ἀπεστέρηται
1669 2375 1700 2401 τὸ
1735 2373 1890 2411 συνάλλαγμα

217 2425 326 2455 quippe
341 2417 391 2457 qui
416 2427 513 2457 neque
542 2418 714 2457 nuptiarum
739 2417 835 2456 legem
859 2417 995 2454 servarit,
1013 2419 1040 2447 et

1144 2427 1150 2443 ε
1167 2417 1211 2444 τὸν
1232 2419 1277 2444 τοῦ
1291 2415 1378 2454 γάμου
1407 2417 1525 2456 τηρῆσαν
1548 2416 1619 2456 ὅρον,
1649 2419 1752 2446 καὶτὸν
1773 2420 1820 2452 τῆς
1834 2428 1891 2455 μνη”

217 2460 310 2498 legem
327 2462 509 2501 sponsalium
533 2461 660 2492 violarit.
677 2461 759 2493 Solet
775 2461 853 2492 enim
871 2461 916 2491 lex
932 2461 1040 2492 imitari

1144 2471 1169 2492 ις
1197 2459 1399 2499 λωϐησάμενον.
1429 2461 1479 2490 Καὶ
1507 2461 1556 2500 γὰρ
1582 2461 1675 2490 εἴωθεν
1704 2464 1718 2491 ὁ
1746 2464 1823 2501 νόμος
1849 2462 1889 2494 τήν

217 2509 361 2535 naturam.
390 2506 425 2536 Et
441 2507 518 2547 quod
546 2506 679 2545 agnoscit
695 2510 811 2541 natura,
827 2506 874 2536 lex
889 2505 977 2536 etiam
993 2506 1042 2536 ad-

1144 2517 1157 2532 ν
1198 2506 1348 2543 μιμεῖσθαι.
1391 2506 1441 2534 Καὶ
1476 2506 1490 2533 ὃ
1526 2506 1574 2544 μὲν
1607 2506 1678 2535 οἶδεν
1707 2507 1786 2543 αὕτη,
1815 2517 1889 2547 προσ·

219 2548 305 2578 mittit
321 2560 327 2580 :
346 2550 423 2590 quod
440 2554 538 2581 autem
567 2551 698 2590 ignotum
717 2555 760 2581 est
776 2554 899 2588 natura,
918 2550 1040 2581 missum

1144 2573 1147 2577 .
1164 2559 1172 2568 ο
1195 2551 1226 2578 τὸ
1241 2548 1264 2577 δ’
1278 2549 1443 2588 ἠγνοημένον
1465 2552 1542 2589 αὐτῇ,
1569 2551 1784 2591 παραπέμπεται.
1800 2553 1827 2581 Εἰ
1839 2551 1888 2579 τοί-

216 2592 293 2624 l‘acit.
311 2593 342 2624 Si
354 2603 423 2633 ergo
439 2605 505 2634 quae
529 2595 625 2626 adhuc
641 2594 787 2635 pubescit,
803 2594 931 2625 necdum
947 2594 1042 2635 partui

1160 2595 1177 2629 ἡ
1204 2594 1252 2632 μὲν
1273 2592 1424 2628 ἡϐάσκουσα
1450 2594 1529 2634 γονῆς
1558 2593 1628 2623 ἐστιν
1655 2595 1827 2633 ἀνεπίδεκτος,
1854 2594 1888 2622 διὰ

215 2641 259 2668 est
276 2638 402 2678 idonea;
420 2640 531 2681 nuptiae
539 2649 608 2671 vero
625 2639 840 2680 procreationis
855 2649 943 2670 causa
953 2640 1038 2672 ﬁunt:

1144 2638 1306 2678 παιδογονίαν
1336 2639 1350 2667 ὁ
1377 2639 1462 2679 γάμος
1479 2648 1486 2656 ·
1517 2641 1531 2667 ὁ
1565 2641 1758 2681 συνερχόμενος
1792 2641 1838 2680 ἄρα
1862 2641 1889 2677 τῇ

875 2719 1002 2752 νΑιιιιΕ
1024 2717 1244 2752 LECTIONES.

256 2786 287 2811 ιθ
302 2786 410 2826 ἦρκται.
452 2787 478 2812 41
499 2789 597 2827 γάμου.
640 2786 671 2812 49
685 2787 777 2822 αὺτῆν,
