1922 3081
29 146 88 179 849

26 212 66 249 μὴ

26 255 87 283 ἀλλ’
103 258 134 285 οὐ
155 257 286 295 γαμέτης.
316 258 365 286 Καὶ
400 257 518 286 sistro-310
549 258 562 285 ὃ
587 260 636 291 τῆς
663 256 774 290 ἥττονος
802 258 853 285 τῶν

28 299 130 329 δώδεκα
164 300 289 329 ἐνιαυτῶν
325 301 463 342 ἂπείρηται
492 302 589 340 γάμος.
618 303 666 331 Καὶ
701 303 715 330 ὁ
749 301 854 341 ἱερολο-

29 347 85 383 γῶν
113 346 206 382 ἱερεὺς,
242 346 376 383 αἰτιάματι
411 348 611 377 χαθυποπίπτει.
653 346 690 375 Τὰ
726 347 790 376 αἰπὰ
827 345 854 374 δὲ

29 390 72 416 καὶ
99 389 161 429 περῖ
178 391 228 424 τῆς
256 391 399 427 μνηστείας
428 390 639 430 ἐπιλογιζόμεθα.
679 385 724 422 Ὠς
759 391 776 424 ἡ
806 391 853 427 μὲν

28 434 117 468 ἥττων
158 436 211 462 τῶν
260 435 327 462 ἑπτὰ
371 435 505 475 ἐνιαυτῶν,
542 435 691 475 διακρίσεως
733 434 852 466 ἐντελοῦς

28 478 146 517 ὰμοιρεϊ,
190 474 218 507 ι0
260 478 287 506 δὲ
325 480 364 516 μὴ
401 474 550 518 διακρίνὼν,
593 479 650 508 οὒόὲ
692 479 853 518 λεγισμένως

27 521 132 550 δλναται
166 524 310 554 ωναινεῖν.
347 523 522 556 Συναινὲσεως
558 523 584 552 δὲ
622 525 716 564 χωρὶς,
747 524 854 561 συμφώ-

26 577 76 595 νων
121 568 244 599 σύστασις
287 567 316 596 οὗ
358 567 503 607 προϐαίνει.
550 569 621 596 Διότι
654 569 734 606 νόμος
763 569 848 608 φησί·

27 611 174 652 ξύμφωνόν
209 612 263 640 ἐστι
299 611 343 640 δύο
372 613 407 645 εἷς
435 613 528 641 ταυτὸν
558 612 666 652 ἀρεστὸν
695 613 849 643 συναίνεσις.

28 650 117 683 "una
140 657 164 684 οἱ
179 657 316 693 νομοθέται
339 657 464 694 ἑπόμενοι
479 663 538 689 τοῖς
560 650 681 695 φυσικοῖς
702 655 852 696 λόγοις,τᾶ

26 701 84 739 περὶ
106 703 160 728 τῶν
186 701 278 740 γάμων
307 700 425 733 διέταξαν
446 700 575 740 δόγματα.
613 701 710 730 Οὖοιοῦν
737 700 794 729 ἐπεὶ
821 702 852 728 τὸ

27 745 75 776 τῆς
93 744 225 778 Θεοδότης
240 746 283 773 ut
297 746 327 773 τὸ
352 749 397 773 τοῦ
422 747 553 784 Γεωργίου
582 744 765 785 συνάλλαγμα,
793 746 851 773 οὔτε

27 795 84 821 τοῖς
99 789 202 827 νόμοις,
227 789 283 817 οὔτε
298 792 332 828 τῇ
360 789 432 829 φύσει
461 789 592 829 γνώριμόν
620 789 690 817 ἐστιν
707 799 714 806 ⁸
743 789 850 818 ἀκωλύ-

27 844 77 864 τως
113 835 128 861 ὁ
167 837 213 862 τοῦ
248 835 377 873 Γεωργίου
413 833 593 874 δισεξάδελφος
624 835 759 881 Εὖφήμιοέ
801 834 850 868 τὴν

701 145 852 178 ϐΒιΕΟΟ-
856 143 934 176 ROM
937 145 989 176 AN
992 145 1046 176 UM

112 212 235 252 γεγονυίᾳ
276 211 422 242 δωδεκάτου
459 214 587 251 ἐνιαυτοῦ,
629 213 735 254 φθορεύς
771 213 841 241 ἐστιν

924 211 1039 251 εᾳυὶῐυτ,
1056 220 1134 251 cum,
1152 211 1202 251 qui
1223 220 1290 242 cum
1307 211 1439 243 nondum
1467 216 1536 243 nata
1559 211 1716 243 duodecim

1653 145 1710 176 850

895 264 988 286 annos
996 256 1268 295 coit,stupratorem
1277 265 1418 294 esse,non
1428 256 1577 287 maritum.
1590 256 1719 296 Ideoque

895 300 1005 340 nuptize
1021 309 1086 330 cum
1104 308 1150 337 ea,
1173 309 1239 340 quae
1264 300 1361 330 minor
1384 304 1429 331 est
1443 301 1530 331 annis
1546 301 1716 338 duodecim,

895 344 1051 384 prohibitae
1066 348 1144 375 sunt.
1162 343 1198 375 Et
1219 344 1268 384 qui
1297 344 1447 375 benedicit
1462 345 1505 375 eis
1521 345 1670 382 sacerdos,
1687 355 1720 376 se

895 389 989 428 culpa;
1004 389 1103 420 reddit
1118 388 1290 419 obnoxium.
1309 389 1418 420 Eadem
1435 393 1464 419 et
1478 391 1516 420 de
1531 390 1719 429 sponsalibus

895 434 1116 464 ratiocinamur.
1130 433 1277 463 Nimirum
1297 441 1373 469 eam,
1392 443 1457 474 quae
1471 434 1568 464 minor
1582 435 1619 464 sit
1634 435 1719 465 annis

893 482 1020 517 septem,
1034 477 1148 517 judicio
1165 477 1253 518 pleno
1280 477 1411 509 destitui.
1428 478 1482 514 Qui
1514 488 1581 508 vero
1606 479 1719 518 judicio

894 526 985 558 caret,
1000 521 1024 552 is
1036 531 1090 552 nec
1104 531 1137 552 ex
1150 531 1203 552 usu
1229 522 1357 553 rationis
1370 523 1540 553 consentire
1557 527 1663 563 potest.
1682 526 1719 554 At

894 565 1004 606 absque
1020 575 1180 601 consensu,
1197 571 1282 606 pacta
1312 571 1450 598 constare
1465 572 1628 608 nequeunt.
1647 568 1717 598 Cum

894 610 956 641 haec
972 611 1044 650 legis
1058 611 1146 641 verba
1161 611 1222 641 sint
1238 621 1244 641 :
1260 613 1382 643 Pactum
1393 615 1437 642 est
1448 612 1574 643 duorum
1591 613 1621 642 in
1637 613 1715 643 idem

894 654 1032 694 placitum
1049 665 1223 686 consensus.
1242 655 1326 687 Unde
1349 661 1441 696 paret.
1456 657 1533 696 juris
1549 657 1719 688 conditores

892 700 1041 731 rationum
1067 704 1178 731 natura;
1203 701 1325 740 vestigia
1351 705 1523 739 sequentes,
1541 702 1578 732 de
1608 703 1719 742 nuptiis

893 748 998 775 statuta
1019 745 1231 784 promulgasse.
1249 744 1493 786 Quandoquidem
1510 755 1578 785 ergo
1595 753 1716 777 contra-

892 792 970 819 ctum
986 789 1065 819 hunc
1076 789 1236 820 Theodotte
1247 799 1280 820 ac
1294 790 1518 830 Georgiineque
1534 791 1614 829 leges
1627 801 1716 829 agno-

891 837 987 864 scunt.
1000 838 1227 874 nequenatura:
1255 834 1327 865 citra
1353 835 1596 875 impedimentum
1622 836 1714 865 ullum

27 880 74 910 τῆς
97 876 228 912 Θεοδότης
258 878 359 918 μητέρα
384 879 452 918 πρὸς
474 879 559 917 γάμον
587 878 713 917 ἠγάγετο,
742 876 773 907 ”Ο
802 880 844 918 γὰρ

924 878 1011 917 eorgii
1039 877 1179 908 sobrinus
1207 878 1392 918 Eupliemius
1420 879 1581 910 Theodotze
1594 884 1716 909 matrem

27 922 81 949 ἀντ’
98 921 203 955 οὒδενὸς
231 922 315 959 δοκεῖ,
339 924 414 951 τοῦτο
442 926 499 954 πῶς
535 922 608 951 ἔσται
629 926 668 960 τῷ
698 922 786 955 καλῶς
808 924 850 951 χαὶ

28 966 143 1004 ἒννόμως
170 967 301 1006 γινομένη)
337 966 472 1005 κώλυμα,
519 966 618 996 πολλοῦ
656 978 686 1006 γε
729 968 772 996 καὶ
797 967 847 996 δεῖ.

27 1014 110 1039 Ταῦτα
139 1010 326 1049 συνεὸοχίμασε
348 1011 406 1049 μεθ’
434 1012 511 1045 ἡμῶν
533 1011 560 1039 ἐν
588 1014 622 1050 τῇ
650 1011 762 1050 βασιλίδι
797 1013 850 1040 πό-

27 1054 74 1091 λει,
98 1056 143 1083 καὶ
173 1057 399 1095 συναπεφήνατος,
430 1056 474 1084 καὶ
504 1055 615 1096 Μιχαὴλ
643 1057 657 1084 ὁ
685 1057 851 1096 θεοφιλέστασ

28 1110 69 1130 τος
85 1099 285 1139 μητροπολίτης
308 1100 435 1133 Ἀθηνῶν,
463 1101 545 1132 Οὗτος
580 1101 628 1140 γὰρ
657 1101 762 1135 καὶτῆς
777 1101 850 1135 δίκης

28 1143 88 1183 παρ’
105 1146 178 1181 αὖτῷ
199 1145 456 1184 προκαταρχθείσης,
482 1145 634 1184 προσήκατό
648 1156 676 1173 τε
691 1146 736 1173 τὸν
751 1146 847 1185 γάμον,

29 1189 68 1215 καὶ
90 1189 200 1229 γφαφὴν
215 1190 279 1228 πρὸς
301 1189 346 1217 τὸν
369 1189 515 1228 ἁγιώτατον
530 1189 698 1229 πατριάρχην
714 1189 786 1227 μάλα
808 1190 847 1218 δι-

26 1233 168 1266 καιοτάτην
191 1233 234 1262 καὶ
269 1231 457 1272 ἂκριόεστάτην
480 1232 622 1268 Ἀθήνηθεν
651 1233 789 1274 πέπομφεν
810 1236 846 1268 εἰς

26 1280 108 1314 τοῦτο,
134 1279 180 1306 καὶ
201 1278 363 1317 ὑπέγραψεν.

235 1376 337 1413 Σχῆμα
358 1374 410 1401 τῶν
432 1372 628 1413 προλαϐόντων,

167 1422 184 1445 Δ
189 1416 349 1457 ισεξάδελφοι

61 1462 215 1502 Εὖφήμιος,
238 1462 380 1502 Τεώργιος,
633 1463 719 1502 Μαρία
741 1463 778 1500 μή
786 1473 842 1501 ιηρ.

587 1555 702 1589 Θεοδόθη
717 1556 843 1595 θυγάτηρ.

64 1600 195 1639 Γεώργιος
218 1601 231 1628 ὁ
256 1604 301 1629 τοῦ
331 1600 464 1640 Εὖφημίου
486 1599 622 1639 ἐξάδελφος
639 1600 670 1624 43
691 1599 767 1628 ἔλαϐε
796 1600 845 1634 τὴν

31 1643 165 1682 Θεοδότην,
204 1643 312 1675 ἀτελοῦς
342 1644 420 1672 οὖσαν
447 1644 564 1678 ἡλικίας,
594 1644 728 1678 Θανουσης
764 1646 844 1677 αὐτῆς

31 1690 89 1726 μετὰ
110 1689 218 1728 μικρὸν,
235 1687 326 1716 ἔλαϐεν
352 1690 366 1717 ὁ
396 1690 531 1730 Εὗφήμιος
558 1689 608 1722 τὴν
636 1689 736 1728 Μαρίαν
765 1689 845 1722 αὒτῆς

29 1733 133 1772 μητέρα.
174 1733 224 1761 Καὶ
251 1734 364 1771 κρίνεται
394 1734 407 1761 ἓ.
428 1737 544 1766 τοιοῦτος
572 1734 657 1772 γάμος
671 1732 768 1773 Ιάθῶος
802 1734 846 1761 καὶ

30 1789 128 1815 εν-ίομος
133 1801 140 1809 ,

359 1831 502 1859 ΜΙΧΑΗΑ.

30 1873 66 1908 A'.
82 1877 227 1918 Ἐπιστολὴ
250 1882 296 1907 τοῦ
310 1878 484 1918 πατριάρχου,
503 1878 589 1918 κυρίου
605 1877 717 1917 Μιχαὴλ
732 1878 777 1905 τοῦ
793 1882 847 1910 Κη-

147 1917 299 1958 ρουλαρίου,
315 1918 373 1957 περὶ
387 1917 473 1957 γάμου
485 1917 680 1957 κεκωλυμένου,
698 1929 711 1945 ι

64 1966 195 2003 Ἀκήκοεν
222 1969 239 2002 ἡ
267 1969 408 2008 μετριότης
437 1970 525 2005 ἡμῶν,
563 1968 745 2007 εὒκλεὲστατε,
775 1969 845 2008 παρὰ

30 2011 130 2044 Λέοντος
165 2015 213 2041 τοῦ
248 2013 402 2052 Κρεμνίτου,
447 2014 562 2052 γαμικὸν
609 2011 739 2052 προϐῆναι
781 2024 845 2042 συν-

31 2056 148 2093 οικέιῖιον⁹
191 2057 365 2096 ἀναίσχυντον
409 2057 458 2090 τὴν
497 2057 606 2095 ἀνομίαν
647 2057 845 2096 ἐπισυρόμενον.

32 2100 95 2129 Λέων
110 2101 170 2141 γὰρ,
195 2102 269 2142 φησὶ,
293 2102 336 2130 καὶ
360 2102 520 2142 Νικηφόρος,
549 2101 665 2141 ἀδελφοί,
689 2102 803 2138 Τούτων,
833 2103 847 2130 ὸ

31 2145 71 2180 μὲν
98 2145 171 2174 Λέων
202 2149 280 2184 γεννᾷ
313 2146 347 2179 τὴ
371 2146 460 2181 Καλήν
477 2156 484 2163 ·
508 2148 522 2174 ὁ
548 2146 696 2186 Νικηφόρος
724 2145 763 2186 δὲ,
800 2147 845 2175 τὸν

31 2190 160 2229 Γεώργιον.
186 2190 254 2219 Εἶτα
270 2190 423 2230 συνέρχεται
451 2191 517 2230 πρὸς
545 2191 632 2229 γάμου
660 2192 798 2219 κοινωνίαν
827 2192 844 2225 ἡ

33 2234 97 2268 Καλὴ
111 2238 149 2272 τῷ
165 2234 290 2274 Μιχαὴλ,
312 2235 355 2262 καὶ
382 2236 396 2262 ὸ
423 2235 553 2275 Γεώργιος
582 2237 595 2263 ὁ
617 2235 716 2268 ταύτης
737 2234 844 2267 ἐξάδελ-

32 2286 181 2318 φος,γαιιεϊ
203 2280 328 2318 Εἰρήνην,
356 2279 405 2312 τὴν
426 2283 471 2308 τοῦ
500 2279 612 2319 Μιχαὴλ
642 2278 767 2319 ἀδελφήν.
799 2275 845 2311 Ὠς

33 2323 210 2360 συμπλακῆναι
245 2322 288 2352 δύο
331 2323 441 2362 πρώτων
470 2323 616 2362 ἐξαόέλφων
652 2324 749 2362 γάμον,
779 2325 845 2363 πρὸς

33 2365 69 2394 δύο
89 2366 226 2408 ἀδελφοὺς,
243 2367 330 2406 ἑτέρου
355 2367 459 2408 γένους,
486 2367 551 2407 ὅπερ
579 2367 660 2401 δῆλον
688 2368 774 2401 πάντη
804 2370 847 2396 καὶ

35 2419 84 2443 το”ς
104 2412 254 2444 πολιτικοῖς
275 2412 378 2450 νόμοις,
394 2413 438 2440 καὶ
456 2419 515 2444 τοῖς
536 2413 618 2451 ἱεροῖς
639 2412 747 2440 κανόέτιν
775 2412 847 2440 ἁπα-

36 2455 147 2493 ράδεχτόν
169 2457 236 2485 ἐστι.
254 2456 403 2485 κωλύονται
434 2457 495 2496 γὰρ,
518 2457 598 2496 φησὶν
627 2457 641 2484 ἰ)
662 2456 756 2494 νόμος,
785 2458 848 2495 πρὸς

37 2499 112 2537 γάμου
125 2501 274 2540 κοινωνίαν,
301 2500 418 2540 ὰόεὶφοὶ,
446 2500 592 2541 ὲξάδελφοι,
621 2501 665 2528 καὶ
695 2502 718 2528 οἱ
744 2500 773 2528 ἐκ
785 2501 848 2529 τού-

35 2553 79 2571 των
93 2545 267 2584 καταγόμενοι
294 2545 338 2573 καὶ
360 2544 450 2580 μόνον.
475 2545 536 2575 Ἐπὶ
563 2544 591 2573 δὲ
614 2547 666 2573 τῶν
681 2545 710 2572 ἐκ
725 2544 849 2585 πλαγίου,

35 2586 81 2615 ἐπὶ
93 2600 131 2621 τις
155 2589 282 2621 κώλυσις.
304 2592 386 2618 Τοῦτο
407 2591 468 2628 γοῦν
495 2590 525 2617 τὸ
553 2589 592 2621 τίς
618 2589 703 2629 ῥῆμα,
737 2590 849 2629 μερικὴν

893 923 1028 962 conjugio
1045 922 1101 952 sibi
1114 923 1226 962 junxit.
1236 922 1318 958 Quod
1337 923 1415 953 enim
1429 932 1481 962 pro
1491 923 1571 954 nullo
1587 924 1717 964 ducitur,

892 975 1019 1006 quonam
1036 967 1124 997 modo
1135 967 1229 1007 possit
1239 975 1306 998 esse
1323 966 1477 998 obstaculo
1491 967 1529 1004 ei,
1547 969 1625 1008 quod
1638 973 1718 999 recte

891 1011 924 1041 ﬁt.
952 1021 987 1041 ac
1012 1011 1162 1050 legitime?
1184 1011 1307 1042 Minime
1326 1012 1458 1051 quidem.
1476 1012 1543 1043 Haec
1560 1012 1715 1043 nobiscum

891 1056 1067 1086 examinavit
1084 1056 1112 1086 in
1129 1055 1203 1086 urbe
1233 1056 1434 1096 imperatrice,
1461 1066 1494 1087 ac
1510 1067 1568 1087 una
1584 1066 1715 1097 pronun-

892 1099 972 1130 tiavit
989 1100 1076 1130 etiam
1092 1100 1216 1131 Michael
1234 1101 1310 1140 (21),
1329 1100 1573 1140 religiosissimus
1589 1101 1638 1131 ille.
1657 1112 1717 1132 me-

891 1145 1085 1184 tropolitanus
1099 1145 1302 1176 Atheniensis.
1321 1146 1374 1176 Hic
1388 1146 1485 1182 enim,
1503 1146 1552 1176 lite
1569 1156 1666 1176 coram
1685 1156 1716 1177 se

889 1188 1037 1226 inchoata,
1056 1194 1084 1220 et
1100 1189 1217 1228 nuptias
1230 1190 1309 1230 ipsas
1335 1189 1479 1230 probavit,
1497 1194 1526 1221 et
1540 1191 1575 1221 ad
1592 1191 1713 1221 sanctis-

888 1234 996 1264 simum
1020 1234 1216 1274 patriarcham
1233 1233 1376 1274 scriptum
1392 1234 1594 1273 zequissimum
1612 1240 1640 1265 et
1659 1244 1711 1264 ac-

887 1278 1105 1308 curatissimum
1136 1278 1260 1308 Athenis
1289 1278 1345 1309 hoc
1371 1279 1491 1309 nomine
1517 1279 1608 1316 misit,
1626 1284 1713 1319 atque

887 1322 1075 1362 subscripsit.

1112 1370 1226 1408 Figura
1238 1369 1480 1408 pmmissorum.

1047 1411 1166 1443 Sobrini

926 1456 1102 1497 Ephemius,
1121 1457 1275 1495 Georgius.
1485 1458 1588 1498 Maria,
1606 1463 1711 1489 mater.

1452 1550 1615 1588 Theodote,
1634 1552 1706 1582 ﬁlia.

927 1593 1070 1634 Georgius
1085 1593 1241 1634 Euphemii
1254 1595 1394 1625 sobrinus
1409 1594 1583 1626 Theodoten
1597 1597 1711 1636 accepit

887 1638 984 1668 adhuc
1012 1637 1212 1678 impuberem.
1229 1637 1270 1668 Ea
1297 1638 1383 1678 paulo
1405 1642 1471 1678 post
1486 1643 1612 1677 mortua,
1630 1640 1713 1669 duxit

887 1682 1070 1722 Euphemius
1078 1682 1211 1718 Mariam,
1225 1682 1387 1714 Theodotm
1397 1689 1535 1713 matrem.
1547 1686 1638 1724 Atque
1656 1684 1711 1714 hoc

889 1726 1108 1758 matrimonium
1125 1727 1196 1757 vitio
1210 1736 1312 1758 carere
1325 1727 1491 1767 judicatur,
1509 1731 1538 1758 et
1553 1737 1620 1758 esse
1636 1727 1711 1767 legi—

889 1770 992 1801 timum
999 1795 1006 1802 .

1195 1821 1406 1854 MICHAEIJS.

887 1872 909 1904 Ι.
927 1873 1065 1914 Epistolo
1078 1874 1271 1914 patriarchae,
1298 1873 1430 1914 Domini.
1440 1874 1595 1905 Michaelis
1611 1875 1709 1905 Cam-

1033 1913 1118 1950 larii,
1132 1913 1168 1945 de
1184 1916 1382 1944 matrimonio
1395 1913 1561 1953 prohibito.

919 1963 1037 1994 Audivit
1044 1964 1233 1995 mediocritas
1241 1964 1402 2002 nostra,vir
1410 1963 1604 2004 clarissime,a
1613 1966 1712 1996 Leone

887 2007 1048 2048 Cremnita,
1077 2009 1297 2039 matrimonium
1327 2018 1392 2039 esse
1417 2013 1614 2046 contractum,
1633 2010 1711 2049 quod

888 2062 954 2084 cum
966 2053 1138 2092 impudente
1155 2053 1264 2092 ﬂagitio
1280 2053 1471 2092 conjunctum
1498 2057 1553 2084 est.
1569 2055 1644 2084 Sunt
1658 2054 1713 2084 fra-

889 2100 958 2135 tres,
970 2096 1076 2137 inquit,
1091 2097 1148 2128 Leo
1164 2102 1193 2127 et
1207 2096 1521 2137 Nicephorus.llorum
1539 2098 1624 2136 aiter,
1643 2100 1711 2130 Lco.

887 2141 975 2172 Calen
988 2145 1122 2181 procreat
1133 2150 1139 2172 τ
1150 2141 1347 2181 Nicephorus,
1367 2142 1536 2181 Georgium.
1553 2142 1629 2173 Hinc
1644 2143 1713 2174 Cale

886 2185 915 2216 in
933 2186 1112 2216 matrimonii
1140 2185 1310 2216 societatem
1341 2195 1407 2216 cum
1438 2187 1581 2217 Michaele
1597 2187 1666 2227 coit,
1685 2194 1713 2218 et

886 2230 1083 2260 consobrinus
1094 2231 1158 2269 ejus
1171 2229 1443 2270 Georgius,lrenam
1455 2231 1547 2269 ducit,
1560 2231 1713 2262 Michaelis

886 2283 1032 2305 sororem.
1049 2274 1090 2304 Ita
1105 2274 1237 2313 quidem,
1256 2278 1287 2304 ut
1303 2274 1361 2304 duo
1377 2275 1547 2306 consobrini
1559 2285 1624 2306 cum
1642 2276 1712 2305 duo-

887 2319 942 2350 bus
958 2319 1109 2356 fratribus,
1127 2319 1241 2349 ditersi
1263 2318 1392 2358 generis,
1421 2319 1538 2359 nuptias
1557 2324 1714 2351 contraxe-

889 2363 949 2394 rint
966 2372 972 2394 :
995 2364 1072 2403 quod
1095 2363 1171 2393 haud
1184 2363 1274 2394 dubie
1291 2373 1344 2394 nec
1361 2363 1477 2403 legibus
1492 2364 1640 2401 civilibus,
1657 2374 1712 2395 nec

889 2407 1052 2437 (anonibus
1068 2408 1159 2438 sacris
1176 2407 1353 2439 admittitur.
1384 2407 1469 2448 Nam,
1487 2412 1518 2438 ut
1543 2408 1589 2438 lex
1605 2408 1711 2448 inquit,

889 2456 1030 2482 arcentur
1043 2461 1060 2482 a
1080 2451 1222 2482 societate
1237 2453 1366 2492 conjugii
1393 2452 1512 2492 fratres,
1528 2453 1711 2490 consobrini,

891 2499 919 2526 et
933 2495 982 2536 qui
997 2505 1032 2526 ex
1059 2495 1105 2526 his
1130 2501 1324 2535 procreantur
1350 2501 1474 2527 tantum.
1501 2497 1532 2527 ln
1549 2496 1585 2526 iis
1601 2501 1711 2534 autem,

890 2541 940 2581 qui
955 2546 1023 2571 sunt
1051 2550 1085 2571 ex
1115 2544 1298 2581 transverso,
1328 2541 1489 2581 prohibitio
1506 2541 1639 2582 quaedam
1657 2546 1711 2573 est.

890 2589 957 2620 Haec
973 2594 1043 2624 ergo
1058 2594 1122 2621 vox,
1141 2585 1294 2625 quaedam,
1320 2585 1526 2626 particularem
1538 2585 1714 2625 prohibitio-

683 2667 814 2700 VARI/E
830 2665 1048 2700 LECTIONES.

72 2714 95 2735 ‘3
108 2714 300 2756 ὃιστεΞάδελφος
306 2739 313 2747 .

812 2761 937 2792 NOTAE.

812 2761 835 2792 N
890 2761 937 2792 1E.

74 2812 133 2854 (Et)
149 2815 207 2846 Hic
221 2814 372 2855 proximus
388 2813 626 2856 praecedentibus
642 2814 730 2846 etiam
745 2760 888 2846 decretcisr
890 2813 1076 2861 subscripsit.
