1922 3081
8 144 61 178 853

667 145 1025 178 GMGO-BOMANUM.

1635 150 1692 182 854

8 223 25 239 ιι
43 206 83 240 Δ’.
100 209 147 244 ’ΒΞ
171 211 330 246 Ἐπιστολῆς
344 217 391 242 τοῦ
406 213 483 241 αὺτοῦ
496 213 662 252 πατριάρχου
676 211 799 252 Μιχαὴλ,
818 223 831 239 ι)

921 235 926 242 .
948 211 1000 242 Είυ
1016 211 1157 251 Epistola
1170 214 1302 252 ejusdem
1320 215 1506 254 patriarchae
1520 215 1696 248 Michaelis.

49 255 110 284 Ἐπὶ
134 258 188 284 τῶν
215 256 245 285 ἐκ
259 258 303 285 τοῦ
325 259 403 286 αὐτοῦ
417 257 520 296 γένους,
542 258 586 286 καὶ
608 258 621 284 ὁ
649 258 695 285 τοῦ
723 255 835 294 ἑϐδόμου

11 301 108 339 βαθμοῦ
147 299 279 329 κωϐύεται
308 302 406 341 γάμος.
439 304 475 331 Οὐ
497 301 546 342 γὰρ
572 301 678 330 δύναται
707 302 721 329 ὁ
749 300 835 334 δισεξ-

12 344 120 384 ἀδελφος
162 345 211 378 τὴν
248 349 294 374 τοῦ
335 345 515 385 δισεξαδέλφου
556 345 684 385 Θυγατέρα
725 351 835 384 γαμεῖν,

11 388 57 416 κᾶν
87 390 102 416 ὁ
138 391 192 417 θῶν
218 388 424 430 τρισεξαδέλφων
452 391 537 428 γάμος
572 390 619 418 οὒκ
646 390 835 429 ἀπηγόρευται,

14 435 76 472 Πρὸς
91 433 120 461 δὲ
143 435 206 466 τοὺς
221 435 251 462 ἐκ
265 434 382 474 πλαγίου
399 434 424 467 ἐξ
455 435 622 474 ἀγχιστείας,
651 435 694 462 καὶ
723 435 737 462 ὃ
766 433 838 462 ἕϐδο-

16 490 62 516 μος
83 486 269 520 συγχωρεῗται
302 480 414 519 βαομός.
458 484 559 520 Πρῶτοι
588 480 632 508 οὖν
660 479 792 520 ὲξάδελφοι
821 480 843 508 εἰ

8 524 183 563 ’συνήφθησαν
210 523 338 564 ἀδελφαῖς
365 524 391 557 ἐξ
428 524 516 564 ἐτέρου
552 524 655 563 γένους,
685 526 698 553 ὁ
733 524 840 563 ὕστερος

14 568 96 606 γάμος
124 568 262 606 ἆθέμιτος,
296 569 345 598 Καὶ
365 568 507 608 γενόμενος
536 570 596 607 μὲν,
626 568 814 604 διασπασθήτω
831 578 838 586 ·

16 611 51 649 μὴ
80 613 224 651 γενόμενος
262 611 300 650 δὲ,
340 612 495 648 κωλυθήτω.
527 613 656 652 Τετάρτου
699 614 747 651 μὲν
791 614 839 652 γὰρ

15 657 113 694 βαθμοῦ
142 659 166 685 οἱ
195 656 340 697 ἐξάδελφοι,
370 657 488 697 δευτέρου
515 657 542 686 δὲ
579 659 603 686 οἱ
638 657 754 697 ἀδελφοί.
793 658 840 686 Καὶ

17 702 177 739 εὒρίσκονται
221 701 296 730 ἕκτου
337 702 448 743 βαθμοῦ,
491 702 555 742 ὅπερ
583 703 626 730 καὶ
661 704 675 730 ὁ
704 702 839 734 πολιτικὸς

18 745 133 785 ἀπείργει
149 745 244 784 νόμος.

142 845 404 871 ΚΩΝΣΤΑΝἸῚΝΟΥ
426 846 489 871 ΤΟΥ
512 845 712 871 ΛΕΙΧΟΥΔΟΥ.

21 887 59 922 Al.
98 903 108 920 ι
147 893 296 930 Σημείωμα
323 892 456 922 συνοδικόν
491 893 549 931 περὶ
577 891 668 921 δούλου
695 891 836 930 ἐγκλημα-

375 944 460 964 τικου,
479 944 493 960 »

59 987 259 1016 Κωνσταντϊνος
282 984 349 1020 ἐλέῳ
372 987 437 1013 Θεοῦ
458 983 664 1023 ἀρχιιπίσκοπος
696 988 837 1012 Κωνσταν-

22 1026 210 1067 τινουπόλεως,
243 1028 301 1060 νέας
330 1024 446 1066 Ῥώμης,
470 1029 514 1056 καὶ
537 1028 715 1066 οἰκουμενικὸς
742 1039 838 1067 πατρι-

22 1072 117 1111 ἀργίης.

60 1117 131 1144 Μετὰ
153 1117 207 1145 τῶν
242 1116 329 1146 ἄλλων
358 1118 479 1145 ἁπάντων
509 1119 561 1144 τῶν
590 1117 638 1150 τῆς
660 1120 724 1145 Θεοῦ
754 1117 840 1156 μεγά-

25 1159 69 1192 λης
83 1160 246 1193 Ἐκκλησίας
262 1161 369 1189 δικαίων
393 1173 422 1189 τε
452 1162 495 1189 καὶ
522 1160 622 1199 καλῶν,
644 1161 702 1191 οὐδὲ
723 1162 755 1189 τὰ
783 1162 841 1200 περὶ

24 1208 70 1232 τῶν
105 1204 206 1234 δούλων
248 1205 422 1244 οὖδοκούμενά
458 1216 486 1234 τε
522 1206 565 1234 καὶ
601 1205 767 1244 διοριζόμενα
795 1210 841 1234 τοῦ

26 1247 118 1277 δικαίου
133 1251 179 1278 καὶ
208 1249 352 1289 πρέποντος
377 1249 578 1290 ἠλλοτρίωνται.
610 1245 690 1279 ΗΟοετοι
719 1251 768 1290 γὰρ
798 1251 842 1278 καὶ

26 1294 117 1321 τούτων
130 1297 211 1333 φόνου
226 1294 297 1331 μίσει
312 1294 343 1320 45
371 1296 518 1334 χρανθῶσι,
538 1294 582 1322 καὶ
602 1297 655 1322 τῶν
670 1295 745 1322 θείων
760 1297 841 1328 αὐτῆς

25 1337 165 1377 περιϐόλων
182 1338 255 1370 ἐντὸς
272 1339 410 1378 γένωνται,
427 1340 560 1378 προσίεται
576 1341 730 1376 συμπαθῶς,

27 1383 70 1410 Καὶ
97 1383 210 1411 θανάτου
239 1383 286 1420 μὲν
316 1383 410 1417 ἐπίσης
438 1389 497 1415 τοῖς
519 1382 606 1415 ἄλλοις
629 1383 715 1421 ῥύεται
743 1395 843 1423 μητρι-

25 1428 86 1465 xix,
123 1426 228 1464 δουλείᾳ
261 1427 287 1456 δέ
326 1427 454 1463 διηνεκεῖ,
501 1428 775 1467 συμπαρεκτεινομένη
811 1432 842 1466 τῇ

27 1470 126 1499 ἐκείνων
141 1475 210 1510 ζωῇ,
227 1473 295 1500 κατὰ
316 1473 363 1506 τὴν
379 1473 495 1512 ἀρχῆθεν
523 1471 763 1510 ἐμπολιτευομένην
779 1473 843 1510 αὒτῇ

28 1516 171 1556 συνήθειαν,
215 1518 363 1556 κατακρίνει
409 1519 572 1556 θεοπρεπῶς,

28 1561 136 1599 στηρίοις
159 1561 204 1588 καὶ
233 1561 350 1600 εὒαγέσιν
377 1561 464 1594 οἴκοις
480 1560 682 1599 ἀπεμπολοῦσα,
703 1562 739 1592 ὡς
755 1560 785 1588 ἂν
800 1562 843 1589 καὶ

30 1605 68 1631 τὸν
88 1603 119 1632 δι’
141 1604 248 1636 ἐλπίδος
284 1605 426 1634 ἀδέσποτον
455 1606 510 1644 βίον
541 1608 590 1638 τῆς
626 1604 739 1637 διανοίας
768 1604 846 1633 ἐκδά-

30 1647 103 1688 λοιεν,
131 1650 176 1677 καὶ
203 1651 249 1677 τὸν
276 1653 326 1683 τῆς
368 1650 477 1682 ἀτοπίας
507 1649 619 1689 ἔλεγχον
654 1649 844 1688 ἐγκαλούμενον

32 1692 111 1732 ἔχοιεν
133 1694 173 1731 τῷ
199 1696 249 1728 τῆς
278 1693 395 1727 δουλείας
424 1695 544 1732 ὀνόματι,
574 1695 618 1722 καὶ
639 1692 680 1721 διὰ
705 1694 844 1731 μετανοίας

30 1738 56 1764 τὸ
74 1741 118 1765 τοῦ
138 1740 220 1778 φόνου
242 1738 341 1767 ἄτοπον
363 1739 573 1778 Ξποκαθαίροιεν.
599 1738 648 1767 Καὶ
675 1737 759 1767 τοίνυν
788 1743 845 1771 Δη-

32 1783 134 1821 μήτριον
168 1783 216 1810 τὸν
244 1783 347 1816 οἰκέτην
375 1788 422 1813 τοῦ
455 1782 551 1818 δεῖνος,
590 1783 718 1820 μιάσματι
747 1786 846 1821 φονικῴ

32 1827 185 1866 χρανθέντα,
227 1828 270 1855 καὶ
310 1827 525 1867 ἐξαγορεύσαντα,
561 1827 628 1855 κατὰ
663 1827 694 1854 τὸ
722 1826 846 1855 ἀνέκαθεν

33 1870 93 1906 ἔθος,
119 1870 223 1903 ἐξέδοτο
241 1873 278 1903 ὡς
299 1872 473 1911 ἡμαρτηκότα
501 1875 592 1900 τοῦτον
619 1871 698 1910 φόνου
720 1875 800 1908 μῦσος
829 1872 846 1905 ἡ

34 1918 72 1942 τοῦ
92 1919 156 1945 Θεοῦ
186 1915 291 1954 μεγάλη
320 1914 464 1949 Ἐκκλησία
497 1915 538 1943 διὰ
559 1918 612 1943 τῶν
640 1914 848 1943 θεοσεϐεστάτων

33 1958 142 2000 ἐκδίκων,
167 1961 312 2000 Δημητρίῳ
335 1960 471 2000 ἐπισκόπῳ
498 1961 629 1999 Πριηίνης
643 1958 685 1995 46,
713 1958 754 1987 ἐπὶ
783 1970 847 1998 παρ.

35 2007 83 2043 0χῇ
109 2004 280 2042 νομισμάτων
307 1999 349 2032 κδ’
365 2014 372 2021 ³
412 2004 481 2033 ὥστε
515 2007 601 2032 πᾶσαν
638 2004 715 2032 αὐτοῦ
750 2001 848 2031 δεσπο-

35 2048 96 2076 τείαν
123 2048 198 2089 ἔχειν
227 2049 270 2076 καὶ
299 2048 451 2087 κυριότητα,
476 2049 520 2077 καὶ
553 2047 653 2086 μηδένα
680 2048 732 2076 τῶν
763 2048 849 2075 ἀπαν-

35 2102 73 2119 τον
97 2092 186 2132 ἕτερον
208 2093 342 2121 αὖθεντεῖν
369 2095 456 2122 αὒτοῦ.
481 2096 644 2132 Παραινοῦσα
671 2091 712 2119 διὰ
741 2094 850 2125 ταυτησὶ

916 253 948 285 In
963 254 1010 293 iis,
1023 256 1073 296 qui
1090 257 1194 287 eodem
1211 258 1271 288 orti
1291 253 1359 288 sunt
1374 259 1617 300 genere,septimi
1628 271 1698 301 quo-

877 307 934 339 que
946 301 1053 338 gradus
1068 301 1178 341 nuptiae
1194 302 1400 342 prohibentur.
1427 303 1533 343 Nequit
1552 305 1629 335 enim
1648 315 1699 336 so-

877 343 957 388 brini
974 344 1064 375 ﬁliam
1080 355 1201 377 uxorem
1217 347 1340 382 ducere.
1356 348 1425 378 licet
1441 353 1648 388 prognatorum
1666 360 1698 381 ex

879 387 1010 419 sobrinis
1025 390 1246 422 matrimonium
1262 392 1385 422 minime
1398 387 1587 424 sit'vetilum.
1600 398 1637 424 At
1651 395 1670 424 ii
1681 406 1700 432 -,

878 433 929 473 qui
944 442 979 464 ex
991 437 1160 466 transverso
1175 440 1243 466 sunt
1254 436 1370 475 affines,
1387 437 1475 467 etiam
1492 437 1598 475 gradus
1607 439 1701 478 septi-

884 486 949 508 mus
965 478 1259 520 permittitur.[taque
1270 481 1294 511 si
1305 481 1477 512 consobrini
1493 483 1620 522 copulati
1635 483 1701 514 fue-

881 521 941 552 rint
954 532 1019 553 cum
1036 524 1188 555 sororibus
1199 524 1272 556 ortis
1285 525 1344 556 alio
1352 535 1472 566 genere,
1483 521 1702 558 matrimonium

882 568 1028 607 posterius
1057 573 1101 599 est
1125 569 1272 606 illicitum,
1295 579 1329 601 ac
1355 571 1500 611 siquidem
1519 576 1702 602 contractum

881 611 930 649 sit,
948 611 1104 643 divellatur
1119 623 1126 643 :
1146 614 1272 645 necdum
1289 624 1357 645 vero
1386 619 1582 653 contractum,
1598 617 1702 656 prohi-

881 655 1072 687 beatur.Nam
1088 658 1181 697 gradu
1203 663 1307 699 quarto
1319 660 1416 699 juncti
1431 660 1487 690 sibi
1510 665 1578 691 sunt
1594 655 1703 691 conso-

880 700 969 738 brini,
987 702 1118 732 secundo
1143 703 1262 735 fratres.
1287 704 1429 744 Adeoque
1453 709 1535 735 sexto
1552 705 1702 736 constituti

880 745 971 791 gradu
987 745 1344 788 deprehenduntur,quod
1357 749 1477 789 quidem
1491 750 1567 781 civili
1583 760 1702 791 quoque

878 790 946 829 jure
961 794 1084 822 vetatur.

851 843 891 886 Bi
1021 841 1269 876 CONSTANTINI
1291 844 1461 877 LICHUDIS
1485 847 1559 886 (Ἡ).

881 885 903 916 l.
918 886 1072 926 Scriptum
1087 888 1119 918 in
1132 889 1245 928 synodo
1256 890 1450 922 subnotatum
1465 902 1471 929 ;
1493 891 1530 922 de
1537 885 1629 922 servo
1638 893 1699 922 cri-

1227 930 1347 960 minati.

921 976 1128 1007 Constantinus
1155 977 1345 1010 miseratione
1376 979 1429 1010 Dei
1461 981 1703 1022 archiepiscopus

880 1019 1161 1061 Constantinopolis,
1179 1032 1261 1053 novw
1275 1023 1385 1061 Romae,
1411 1030 1439 1056 et
1460 1019 1639 1057 universalis
1650 1019 1705 1066 pa-

882 1064 1021 1095 triarcha.

923 1110 1002 1140 [nter
1017 1110 1116 1142 omnia
1139 1112 1196 1143 alia
1214 1114 1336 1153 majoris
1359 1113 1498 1145 Ecclesia;
1523 1104 1576 1146 Dei
1589 1117 1656 1155 jura
1673 1120 1703 1147 et

882 1153 1030 1200 bona,nec
1046 1165 1085 1200 ea
1103 1165 1168 1196 quae
1192 1156 1230 1187 de
1258 1158 1353 1188 servis
1377 1163 1507 1190 statuere
1532 1153 1650 1200 placuit,
1667 1160 1703 1190 ab

881 1198 1017 1238 mquitate
1026 1208 1059 1230 ac
1071 1199 1182 1231 decoro
1192 1205 1259 1232 sunt
1274 1202 1381 1233 aliena.
1400 1204 1473 1234 Nam
1489 1198 1633 1244 quotquot
1646 1205 1704 1234 ho-

882 1252 948 1273 rum
963 1253 1080 1284 quoque
1095 1245 1183 1276 caedis
1200 1246 1314 1283 piaculo
1328 1247 1433 1288 polluti
1449 1248 1568 1286 fuerint,
1586 1253 1616 1279 et
1627 1248 1706 1280 intra

883 1296 966 1318 sacra
981 1287 1045 1327 ejus
1059 1294 1144 1329 septa
1160 1291 1359 1330 pervenerint,
1389 1292 1523 1322 adhibita
1544 1294 1705 1323 commise-

883 1331 997 1362 ratione
1010 1333 1205 1372 recipiuntur.

925 1377 960 1407 Et
974 1385 990 1406 a
1006 1381 1101 1408 morte
1115 1378 1236 1418 quidem
1247 1379 1328 1420 ipsos
1337 1379 1480 1419 Ecclesia,
1495 1386 1627 1412 materna
1643 1382 1706 1421 pie-

885 1420 1035 1458 tate,sieut
1049 1426 1077 1452 et
1088 1422 1172 1460 alios,
1189 1423 1294 1454 liberat
1312 1435 1319 1454 :
1334 1433 1435 1455 verum
1453 1425 1574 1456 eosdem
1591 1426 1628 1456 ad
1645 1435 1706 1456 ser-

885 1464 1006 1495 vitutem
1022 1470 1207 1506 perpetuam,
1228 1478 1293 1508 quae
1321 1478 1389 1499 cum
1406 1478 1508 1500 eorum
1527 1474 1584 1500 tota
1601 1479 1633 1500 se
1648 1469 1708 1500 vita

621 1502 700 1549 θείοίς
741 1502 837 1556 ίρροντιῖ

923 1502 1088 1550 Πίθὶιίρινό
1098 1520 1151 1541 sua
1165 1502 1380 1543 consuetudine
1389 1514 1519 1553 antiqua,
1537 1524 1593 1544 ceu
1609 1514 1708 1544 divino

884 1553 1011 1594 quodam
1028 1554 1136 1594 rigore,
1155 1556 1285 1597 damnat,
1314 1557 1406 1588 sacris
1426 1558 1507 1596 ipsos
1523 1559 1709 1588 monasteriis

884 1607 917 1628 ac
934 1598 1070 1629 domibus
1085 1600 1234 1639 religiosis
1248 1602 1379 1632 vendens
1393 1611 1401 1639 ;
1418 1607 1449 1632 ut
1464 1603 1551 1633 etiam
1567 1612 1619 1642 spe
1634 1612 1708 1633 con-

885 1646 1000 1682 ceptam
1016 1643 1101 1674 vitam
1113 1644 1150 1674 ab
1160 1645 1246 1676 herili
1259 1646 1384 1676 liberam
1403 1647 1528 1686 imperio
1540 1647 1601 1676 suis
1613 1647 1710 1677 exclu-

885 1687 956 1717 dant
970 1687 1120 1724 animis,et
1135 1689 1198 1729 ipso
1215 1690 1335 1720 nomine
1357 1691 1506 1721 servitutis
1521 1695 1709 1721 accusantem

886 1731 1001 1762 facinus
1026 1733 1177 1764 stimulum
1208 1734 1344 1771 habeant,
1367 1744 1478 1775 perque
1507 1736 1708 1775 paenitentiam

887 1776 976 1806 caedis
993 1777 1206 1817 turpitudinem
1223 1783 1398 1818 expurgant.
1411 1779 1511 1819 Itaque
1526 1780 1709 1810 Demetrium

887 1820 955 1850 Titii
971 1830 1100 1859 servum,
1115 1822 1204 1853 credis
1219 1823 1441 1863 inquinamento
1458 1824 1712 1864 pollutuni,idque

889 1864 1068 1900 confessum.
1087 1866 1175 1897 veluti
1199 1868 1249 1907 qui
1275 1867 1422 1907 piaculum
1439 1868 1528 1899 caedis
1544 1868 1710 1905 admiserit,

890 1917 925 1939 ex
940 1919 1021 1940 more
1037 1911 1134 1950 prisco
1149 1911 1212 1942 hrec
1229 1921 1333 1951 magna
1356 1912 1410 1943 Dei
1425 1912 1556 1944 Ecclesia
1572 1922 1624 1952 per
1637 1912 1711 1942 reli-

891 1953 1073 1992 giosissimos
1097 1954 1280 1994 defensores,
1312 1956 1461 1987 Demetrio
1478 1956 1711 1995 l’rienensiepi-

891 2006 993 2038 scopo,
1004 2007 1075 2030 xxw
1085 2007 1241 2030 aureorum
1261 2000 1356 2040 pretio
1371 2001 1532 2041 persoluto,
1549 2001 1590 2031 sic
1607 2000 1711 2031 vendi-

891 2041 944 2078 dit,
960 2047 990 2072 ut
1005 2043 1030 2073 is
1059 2053 1148 2074 omne
1170 2044 1333 2076 dominium
1351 2050 1378 2076 et
1408 2047 1617 2086 proprietatem
1649 2045 1714 2084 ejus

892 2086 1008 2124 habeat,
1028 2097 1082 2118 nec
1096 2088 1171 2119 alius
1182 2089 1337 2129 quisquam
1367 2090 1536 2120 mortalium
1552 2089 1609 2120 sibi
1625 2089 1712 2129 quid—

36 2139 77 2170 τῆς
103 2131 324 2177 ὑπηγορευθείσης
358 2140 460 2177 γραφῆς
496 2131 539 2165 καὶ
564 2143 622 2169 τοῖς
654 2136 721 2183 κατὰ
742 2137 833 2175 καιρυὺ

921 2139 979 2160 iam
991 2131 1070 2171 juris
1086 2132 1116 2162 in
1146 2142 1213 2163 eum
1243 2134 1382 2165 vindicet.
1400 2135 1494 2165 Simul
1509 2143 1560 2174 per
1574 2136 1651 2164 hanc
1666 2133 1714 2163 di-

36 2181 234 2220 θεοοριλεστάτοις
272 2176 425 2214 ἐπισκόποις
466 2183 514 2215 τῆς
556 2182 639 2214 αὒτῆς
683 2179 837 2213 ἐπισκοπῆς

921 2178 995 2206 atum
1023 2176 1060 2207 ab
1103 2186 1135 2208 se
1175 2179 1349 2218 scripturam
1393 2177 1632 2217 religiosissimos
1662 2187 1715 2216 pro

36 2225 146 2260 κήδεσθαι
175 2229 224 2260 τῆς
258 2227 335 2254 αὺτοῦ
356 2226 434 2255 πλέον
464 2226 605 2265 σωτηρίας,
636 2225 680 2253 καὶ
713 2225 745 2253 τὰ
781 2226 844 2264 πρὸς

37 2268 188 2299 λυσιτέλειαν
221 2271 266 2299 καὶ
301 2270 391 2310 ἄφεσιν
418 2274 464 2299 τοῦ
502 2270 620 2298 τοιούτου
649 2271 744 2307 μύσους
773 2269 847 2308 ἐγκε-

37 2313 142 2343 λεύεσθιί
169 2326 200 2344 τε
238 2316 283 2343 καὶ
317 2314 458 2344 διδάσκειν.
501 2315 545 2348 Μὴ
582 2313 672 2351 μέντοι
699 2316 846 2353 πειρᾶσθαι,

38 2358 77 2391 τῆς
102 2358 227 2393 δουλικῆς
255 2360 333 2388 αὐτὸν
362 2360 447 2400 τύχης
476 2358 633 2398 ἐλευθεροῦν,
657 2359 726 2395 μήτε
747 2358 849 2397 πιπρά-

39 2413 100 2430 σκειν
124 2405 159 2435 εἰς
186 2404 341 2442 πρόσωπον,
371 2403 396 2436 ἐξ
425 2404 456 2431 σῦ
483 2405 532 2436 τῆς
561 2402 696 2436 διηνεκοῦς
732 2401 848 2433 δουλείας

38 2447 72 2474 καὶ
102 2451 146 2476 τοῦ
191 2447 410 2481 ἐκκλησιαστικοῦ
450 2447 582 2485 ἐπιτιμίου
619 2446 770 2482 λυθήσεται,
818 2447 846 2475 Εἰ

39 2491 80 2530 γάρ
98 2503 160 2520 ποτε
191 2492 359 2531 καταγγελθῇ
393 2493 407 2520 ὁ
441 2492 578 2532 εἰρημένος
606 2491 749 2531 ἐλευθερίαν
784 2491 845 2519 ἐπι-

40 2536 181 2577 οερόμενος,
206 2538 283 2570 αὐτὸς
311 2537 360 2575 μὲν
387 2537 436 2570 τὴν
465 2535 570 2568 δικαίως
599 2537 670 2573 αὖ·ιῷ
696 2536 845 2575 ὡρισμένην

41 2580 169 2615 καταδίκην
199 2582 246 2609 οὐκ
273 2580 432 2622 ἐκφεύξεται,
473 2579 532 2609 ἀλλ’
567 2579 733 2615 ἐκδοθήσεται
767 2580 846 2608 πάλιν

889 2225 1023 2260 tempore
1051 2222 1198 2252 antistites
1215 2222 1404 2262 episcopatus
1417 2223 1496 2253 illius
1517 2223 1665 2258 hortatur,
1682 2225 1716 2252 ut

890 2265 1031 2304 majorem
1046 2266 1076 2296 in
1093 2267 1213 2297 modum
1232 2267 1334 2297 salutis
1354 2268 1418 2306 ejus
1441 2276 1541 2297 curam
1556 2270 1670 2305 gerant,
1688 2269 1718 2296 et

890 2318 955 2349 quae
971 2310 1006 2340 ad
1023 2311 1212 2341 commodum
1228 2311 1334 2350 ipsius,
1348 2316 1376 2342 et
1388 2312 1495 2351 piaculi
1507 2311 1715 2341 remissionem

892 2354 1189 2394 Spectant,imperent
1204 2359 1293 2395 atque
1309 2355 1445 2386 doceant.
1456 2356 1520 2386 Non
1537 2359 1633 2385 tamen
1648 2363 1716 2384 eum

892 2398 992 2429 servili
1008 2399 1178 2430 conditione
1193 2399 1393 2437 liberare,nec
1410 2400 1462 2431 ulli
1478 2400 1572 2430 ausint
1583 2407 1718 2438 persona:

890 2443 1028 2479 vendere,
1048 2453 1101 2483 per
1116 2453 1203 2484 quam
1220 2453 1236 2475 e
1252 2445 1392 2476 servitute
1406 2449 1559 2485 perpetua,
1577 2448 1605 2474 et
1616 2443 1717 2474 eccle-

888 2489 1008 2520 siastica
1024 2498 1110 2528 poena
1126 2488 1279 2529 eripiatur.
1297 2488 1412 2529 Quippe
1435 2489 1459 2519 si
1488 2491 1651 2519 nuntiatum
1668 2487 1718 2517 ali-

888 2533 1005 2573 quando
1045 2533 1144 2570 fuerit.
1175 2533 1337 2564 indicatum
1370 2533 1553 2565 Demetrium
1582 2533 1719 2563 libertate

889 2577 1012 2618 potitum
1029 2586 1034 2608 :
1051 2577 1115 2618 ipse
1142 2578 1262 2618 quidem
1280 2578 1440 2618 irrogatum
1455 2578 1511 2609 sibi
1523 2578 1592 2617 jure
1608 2577 1720 2616 suppli-

692 2639 816 2671 VARIAE
838 2637 1056 2670 LECTIONES.

75 2695 103 2721 ιδ
114 2697 198 2735 μύσει.
242 2695 274 2721 4⁸
287 2697 412 2737 πριήνης.

807 2745 930 2778 ΝΟΤΛΕ.

77 2801 131 2843 (22)
154 2804 302 2836 Successit
317 2803 478 2843 Cerulario,
494 2802 598 2835 Isaacii
612 2801 757 2834 Comneni
774 2804 804 2832 et
817 2798 1008 2832 Constantini
1024 2797 1114 2830 Ducas
1131 2798 1326 2839 temporibus.
