1922 3081
90 150 148 184 857

760 149 1112 185 θΗίΕΟΟ-ΒΟΜΑΝΠΜ.

1723 150 1783 184 858

91 221 139 248 οὐκ
153 220 233 258 οἶμαι
247 232 274 248 σε
292 220 410 260 ἀγνοεῖν,
437 221 630 261 θεοφιλέστατε.
663 216 746 250 ’Ἔνθα
774 219 800 248 δὲ
831 221 911 259 ῥητῶς

994 217 1037 247 Iod
1049 227 1097 249 res
1113 219 1236 250 minime
1244 220 1331 251 vetita
1341 220 1400 251 sit:
1413 219 1551 260 equidem
1565 219 1654 253 te,vir
1666 218 1784 257 religio-

91 276 116 292 τι
133 265 172 302 μὴ
188 265 354 304 διηγόρευται
370 272 429 297 τοῖς
451 266 542 303 νόμοις
555 267 599 294 καὶ
626 272 686 297 τοῖς
712 266 789 297 θείοις
811 265 914 304 κανόσι,

93 309 216 343 συνοδικὴ
232 309 276 338 διὰ
297 310 344 342 τὰς
374 316 499 350 συνεχεῖς
527 310 669 349 ἐρωτήσεις
704 310 839 347 οἰκονομία
874 309 915 337 ἐπὶ

91 359 138 383 τοῦ
163 358 308 394 μακαρίτου
337 354 517 394 πάτριάρχου,
550 355 637 393 κυρίου
671 353 796 392 Ἀλεξίου,
821 354 915 393 γέγρα-

91 409 155 426 πται
178 405 186 413 ⁸
208 399 325 427 τυποῦσα
340 399 371 427 τὸ
393 399 500 439 ὀφεῖλον
516 398 542 427 ἐν
570 405 630 430 τοῖς
648 399 776 430 τοιούτοις
801 397 913 438 προϐαι-

91 454 155 482 νειν,
185 442 265 482 ἤγουν
294 443 404 482 ἔνθαπερ
440 442 550 481 ἕϐδομος
593 443 641 477 τῆς
677 444 826 482 συγγενείας
862 443 916 471 ἐστὶ

88 487 188 525 βαθμός
207 497 215 504 ·
232 489 277 515 καὶ
292 487 421 525 δηλοῦσα,
444 489 480 520 ὡς
497 490 517 516 εἰ
534 488 583 526 μὲν
612 488 731 528 ἐρωτηθῇ
758 489 789 516 τὸ
823 492 913 517 τοιοῦ-

86 543 130 560 τον
145 533 197 572 πρὸ
222 535 272 566 τῆς
302 532 455 564 αὖτοθελοῦς
490 532 608 573 πράξεως
650 534 759 561 καὶτοῦ
789 532 916 560 ἀποτελέ-

86 587 200 614 σματος,
217 577 361 605 κωλύεσθαι
379 585 386 592 ’
410 578 431 605 εἷ
446 577 473 605 δὲ
488 577 561 606 λάθοι
591 579 628 610 ὡς
650 577 835 617 ἀγνοούμενον,
870 577 913 604 καὶ

87 620 288 661 ἀποτελεσθείη,
311 622 397 659 μένειν
421 622 468 659 μὲν
499 620 642 660 ἀδιαίρετον
667 630 674 637 ·
703 622 857 649 ὑποκεῖσθαι
885 619 911 648 δὲ

87 665 149 697 τοὺς
178 665 353 705 συναφθέντας
381 665 535 703 ἐπιτιμίοις,
551 667 638 698 καθὼς
666 665 696 694 ἂν
719 667 733 693 ὁ
764 668 810 693 τοῦ
831 665 912 693 τόπου

90 709 179 748 συνίδῃ
196 709 337 741 ἐπίσκοπος
343 733 350 740 .

115 842 202 874 ΔἘπεὶ
216 842 316 871 οὖνκαὶ
343 844 423 880 ἡμεῖς
446 844 622 882 ἡρωτήθημεν
650 844 721 882 πιρά
757 853 825 875 τινος
859 844 911 870 τῶν

958 261 1086 304 sissime,
1110 273 1167 295 non
1191 265 1330 304 ignorare
1354 265 1492 296 arbitror.
1511 263 1544 295 In
1560 263 1667 304 quibus
1682 267 1780 294 autem

957 306 1075 339 casibus
1090 308 1163 339 nihil
1181 309 1291 340 diserte
1306 309 1421 349 legibus
1445 313 1474 340 et
1499 308 1662 339 canonibus
1688 307 1781 338 sacris

957 361 1128 391 expressum
1145 358 1199 390 est,
1216 354 1254 384 de
1269 353 1305 384 iis
1321 353 1482 384 consilium
1500 353 1673 393 syrodicnm
1690 352 1726 382 ob
1737 352 1781 383 in-

957 398 1138 436 terrogation
1144 407 1175 428 es
1186 399 1342 430 continuas
1355 402 1410 428 tem
1416 407 1486 439 pore
1492 397 1587 429 felicis
1596 397 1779 428 recordatio-

957 441 1003 472 nis
1019 442 1202 481 patriarchm,
1230 442 1342 473 domini
1366 443 1470 476 Alexii.
1496 442 1691 482 perscriptum
1709 445 1778 479 est;

957 486 1033 525 quod
1049 487 1153 523 sancit,
1172 488 1241 528 quid
1257 487 1287 518 in
1304 487 1410 517 talibus
1425 487 1522 517 locum
1536 486 1648 517 habere
1660 485 1778 517 debeat.

956 529 1092 562 videlicet
1108 531 1157 562 ubi
1175 531 1321 572 septimUS
1337 531 1519 571 cognationis
1534 530 1642 570 gradus
1666 533 1711 560 est
1728 538 1734 560 :
1752 535 1781 560 et

953 573 1110 614 signiﬁwt,
1129 576 1204 606 side
1229 576 1278 606 tali
1305 576 1492 606 matrimonio
1512 574 1685 607 consulatur
1711 577 1778 604 ante

953 627 1016 648 rem
1032 624 1137 659 sponte
1154 625 1299 660 peractam
1317 624 1346 651 et
1362 620 1525 660 impletam,
1544 618 1716 660 prohiberi:
1731 618 1777 649 sin

953 662 1040 694 tacite
1064 665 1147 704 quasi
1174 674 1226 705 per
1246 665 1461 703 ignorationem
1492 664 1658 695 absolutum
1675 663 1775 702 fuerit,

952 706 1133 748 indireptum
1151 709 1270 749 quidem
1284 719 1423 740 manere:
1441 709 1493 740 sed
1509 708 1661 749 copulatas
1678 717 1778 748 perso-

953 760 1005 782 nas
1019 753 1113 792 ptenis
1129 753 1272 785 obnoxias
1295 763 1373 790 esse,
1400 757 1486 794 prout
1509 753 1647 794 episcopo
1663 752 1721 783 loci
1732 752 1776 782 vi-

953 804 1018 826 snm
1035 797 1134 830 fuerit.

994 840 1137 877 Quoniam
1155 853 1224 883 ergo
1241 853 1293 874 nos
1309 843 1396 874 etiam
1413 843 1539 874 consulti
1555 851 1682 874 sumusa
1699 851 1775 882 quo-

87 889 115 916 Ιεν
136 891 172 926 τῇ
185 888 236 916 ὑπὸ
257 888 286 915 σὲ
322 887 407 927 ὶνορίᾳ
429 889 466 919 ὡς
494 889 508 915 ὁ
538 888 667 927 Γεώργιος
702 889 746 916 καὶ
766 888 783 921 ἡ
814 887 909 926 Μαρία,

994 895 1020 916 m
1031 887 1072 917 tui
1089 887 1241 924 territorii,
1257 892 1407 924 narrante,
1424 887 1584 926 Georgium
1596 891 1624 918 et
1638 887 1772 924 Mariam,

87 931 195 972 ἀοελφοὶ
216 931 301 969 ὅντες,
318 932 407 960 ἔτεκον
424 942 431 949 ·
448 934 461 960 ὁ
491 932 550 970 μὲν,
580 933 627 966 τὴν
659 932 770 971 Εἰρήνην
788 941 795 949 ·
832 933 849 965 ἡ
871 930 909 970 δὲ,

87 977 133 1005 τὸν
149 975 283 1004 Βασίλειον
307 984 314 990 ·
332 977 346 1004 ὁ
361 975 388 1004 δὲ
404 975 540 1008 Βασίλειος
561 976 685 1016 ἐγέννησε
712 977 761 1010 τὴν
785 979 884 1015 Μαρίαν
901 983 909 990 ⁶

88 1023 138 1054 τῆς
161 1019 187 1048 δὲ
223 1020 337 1059 Εὶρήνης
371 1023 410 1056 τῷ
430 1019 577 1060 Ἐπιφανίῳ
611 1021 793 1060 συναφθείσης,
815 1019 910 1058 βούλε-

86 1076 131 1093 ται
148 1066 161 1093 ὁ
185 1068 230 1093 τοῦ
265 1064 420 1104 Ἐπιφανίου
447 1064 605 1104 αὒτάόελφος
632 1065 682 1098 τὴν
705 1065 805 1104 Μάριαν
840 1064 909 1103 ἀγα-

86 1110 200 1149 γέσθαι·
225 1110 414 1149 ἆπεφηνάμεθα
449 1108 491 1136 διὰ
519 1112 635 1150 γραφῆς,
671 1110 708 1141 ὡς
738 1109 782 1138 οὒκ
812 1109 909 1142 ἔξεστιν

86 1155 160 1191 αὑτῷ
173 1154 299 1188 ὲνωθῆναι
328 1156 394 1191 αὗτῇ
423 1153 464 1182 διὰ
505 1155 551 1182 τὸν
586 1157 631 1182 τοῦ
660 1153 826 1194 Ἐπιφανίου]
842 1155 908 1193 μετὰ

84 1201 135 1234 τῆς
158 1199 263 1238 εἷρήνης
277 1201 327 1232 τῆς
350 1198 420 1230 θείας
456 1200 536 1232 αὐτῆς
566 1197 618 1232 ἤδη
654 1198 833 1237 γεγενημένον
854 1199 906 1238 γά-

82 1255 147 1281 μον.
164 1244 213 1272 Καὶ
227 1242 295 1272 οῧτω
323 1242 370 1281 μὲν
392 1243 577 1283 ἂνεχαιτίσθηξ
592 1247 736 1276 τηνικαῦτα
758 1244 775 1277 ἡ
800 1244 908 1278 τοιαύτη

82 1291 140 1317 τῶυ
168 1287 313 1327 εἰρημένων
341 1288 489 1327 προσώπων
531 1287 636 1319 ἕνωσις.
661 1288 779 1327 ’Θάτερόν
809 1299 838 1327 γε
854 1289 908 1325 μὴν

952 930 1003 970 qui
1018 930 1124 962 fratres
1138 933 1335 969 essent,illum
1353 932 1472 972 quidem
1481 931 1689 968 Irenam,hanc
1702 939 1771 962 vero

953 975 1090 1006 Basilium
1109 986 1293 1016 procreasse,
1311 986 1345 1008 ex
1361 987 1419 1017 quo
1435 977 1524 1008 Maria
1554 980 1620 1006 nata
1635 976 1684 1013 sit,
1701 975 1773 1006 hinc

952 1018 1037 1050 Irena
1049 1020 1213 1061 Epiphanio
1227 1021 1419 1062 juncta,velle
1430 1030 1605 1061 germanum
1617 1020 1771 1060 Epiphanii

952 1064 1084 1104 fratrem,
1103 1066 1221 1097 Mariam
1237 1075 1357 1097 uxorem
1380 1066 1489 1096 ducere
1503 1076 1509 1096 :
1526 1075 1580 1106 per
1594 1065 1771 1104 scripturam

950 1110 1215 1148 pronuntiavimus,
1233 1121 1292 1141 non
1307 1111 1333 1141 ei
1349 1110 1391 1141 fas
1412 1119 1477 1141 esse
1502 1110 1634 1150 copulari
1659 1109 1769 1146 Mariae,

951 1158 1073 1192 propter
1082 1155 1144 1195 jam
1161 1160 1325 1186 contractas
1342 1155 1497 1196 Epiphanii
1509 1164 1576 1185 cum
1593 1153 1689 1189 Irena,
1707 1154 1773 1193 ejus

948 1198 1047 1236 amita,
1064 1199 1191 1240 nuptias.
1210 1201 1306 1241 Atque
1321 1201 1360 1230 ita
1376 1204 1446 1231 tunc
1467 1199 1608 1240 impedita
1633 1198 1688 1229 fuit
1709 1199 1774 1238 ejus

951 1242 1033 1273 modi
1057 1243 1201 1274 dicturum
1228 1254 1419 1284 personarum
1451 1244 1631 1284 conjunctio.
1662 1242 1771 1273 Verum

950 1291 1076 1327 utraque
1092 1297 1158 1328 pars
1173 1298 1294 1329 operam
1319 1289 1393 1320 dans
1415 1292 1446 1319 ut
1473 1292 1641 1319 contractus
1671 1287 1770 1327 reipsa

82 1335 138 1360 τῶν
181 1335 278 1371 μερῶν.
309 1332 418 1360 σπεῦδον
452 1332 494 1360 ἐπὶ
523 1332 572 1366 τὴν
613 1332 659 1360 τοῦ
688 1332 907 1372 συναλλάγματος

994 1332 1313 1374 :cederet,prmpotenti
1323 1343 1356 1364 ac
1369 1338 1469 1364 sancto
1481 1331 1651 1373 imperatori
1668 1336 1768 1362 nostro

83 1377 229 1418 ἐνέργειαν,
246 1380 293 1404 τοῦ
333 1380 457 1416 κραταιοῦ
482 1377 525 1404 καὶ
567 1377 640 1416 ἁγία)
674 1377 751 1414 ἡμῶν
779 1376 907 1415 βασιλέως

994 1376 1184 1417 ξεθςῗοὴιιιιίι,
1201 1377 1309 1418 quibus
1324 1377 1451 1418 petebat,
1466 1381 1496 1408 ut
1507 1376 1696 1408 doctissimus
1712 1386 1767 1407 no-

82 1417 193 1459 ὲδεῆθη,
216 1423 252 1453 ὡς
278 1422 308 1449 ἂν
340 1422 354 1449 ὁ
375 1420 537 1460 λογιώτατος
560 1420 706 1461 νομοφύλαξ
734 1422 809 1460 κρίνῃ
850 1422 909 1458 περὶ

994 1421 1103 1461 ιρὶηιεικ
1118 1421 1156 1452 de
1170 1417 1422 1462 recognosceret.
1443 1425 1532 1461 atque
1550 1423 1767 1462 pronuntiaret.

82 1466 179 1494 τούτου
194 1467 237 1494 καὶ
253 1466 413 1505 ψηφίσηται.
439 1465 513 1494 Ἀλλ’
540 1467 610 1498 αὖθις
633 1467 647 1494 ὁ
675 1465 811 1494 ἀντιδικῶν
839 1467 908 1503 αὖτῷ

994 1465 1004 1494 1
1014 1465 1198 1496 adversarius
1205 1466 1268 1505 ejus
1279 1466 1408 1497 vicissim
1419 1466 1625 1497 sacratissima!
1636 1466 1771 1506 majesta-

81 1510 176 1544 δέησιν
215 1514 253 1547 τῷ
279 1511 406 1547 θειοτάτῳ
434 1511 522 1550 κράτει
561 1511 810 1548 ὶπανατεινάμενος,
837 1511 905 1542 θείας

994 1509 1128 1540 Jorrectis
1137 1510 1292 1550 precibus,
1309 1511 1485 1551 rescriptum
1500 1520 1617 1541 sacrum
1628 1510 1769 1550 impetra-

81 1555 240 1594 εὗμοίρησεν
269 1555 445 1595 ἀντιγραφῆς,
469 1555 551 1586 οὕτως
587 1554 703 1595 ἐχούσης
722 1564 729 1573 “
752 1556 787 1584 Τὸ
821 1555 906 1594 κριθὲν

994 1553 1039 1593 ,ἱιι
1056 1557 1230 1585 sententiam
1245 1565 1251 1586 ε
1265 1555 1349 1591 Quod
1362 1555 1529 1594 judicatum
1551 1559 1595 1586 est
1610 1564 1626 1586 a
1641 1556 1769 1586 maxime

79 1600 155 1639 παρᾶ
175 1599 220 1628 τοῦ
241 1599 400 1637 τιμιωτάτου
437 1599 649 1639 χαρτοφύλακος,
678 1600 721 1627 καὶ
750 1599 850 1636 μᾶλλον
865 1599 906 1627 ἐπὶ

994 1598 1108 1628 ierabili
1123 1599 1321 1636 Chartulario,
1339 1609 1406 1629 cum
1428 1600 1520 1638 magis
1532 1599 1631 1630 tendat
1647 1600 1681 1630 ad
1699 1609 1768 1640 pro-

80 1643 224 1675 κωλύσεως
252 1644 349 1683 γάμου,
379 1643 448 1671 οὕτω
473 1650 558 1681 μενεῖ,
603 1643 691 1683 ὥσπερ
720 1643 819 1683 ἐκρίθη.
852 1644 906 1677 Την

994 1641 1122 1673 titionem
1138 1644 1329 1680 matrimonii,
1343 1644 1386 1674 sic
1404 1644 1590 1680 manebit,uti
1601 1644 1767 1684 judicatum

947 1691 1001 1718 est.
1016 1687 1106 1725 lgitur
1119 1692 1242 1728 accepto
1260 1688 1429 1728 hujusmodi
1446 1689 1601 1728 rescripto,
1616 1689 1768 1728 signiﬁca-

79 1689 206 1722 τοιαύτην
234 1689 277 1717 οἶν
307 1688 434 1721 δεξάνενοι
464 1689 636 1728 ἀντιγραφὴν,
680 1688 811 1726 δηλοῦμεν
850 1701 903 1729 σοι,

80 1734 94 1761 ὃ
108 1733 294 1772 καὶπρότερον
321 1733 363 1761 ἐπὶ
385 1733 433 1766 τῆς
464 1733 589 1766 τοιαύτης
620 1733 768 1765 ὑποθέσεως
805 1733 905 1772 ἐρωτη-

78 1778 169 1809 θέντες
184 1776 369 1814 δεδηλώκαμεν
385 1786 392 1793 ·
409 1777 478 1806 ὥστε
507 1777 545 1814 μὴ
581 1777 689 1816 ἐξεῖναι,
726 1778 770 1806 τὸν
794 1778 903 1818 Μιχαὴλ

79 1822 225 1859 satu-tipth
247 1823 346 1859 Μαρίαν
362 1822 563 1857 συνοικίσασθαι,
600 1821 642 1850 δια
671 1823 714 1850 τὸν
751 1827 795 1851 τοῦ
824 1821 903 1850 Ἐπι-

78 1867 174 1906 φανίου
203 1866 269 1903 μετὰ
295 1869 345 1899 τῆς
378 1867 490 1904 Εἰρήνης
532 1865 584 1899 ἤδη
628 1866 765 1894 ἐκτεθέντα
805 1867 902 1905 γάμον,

77 1910 269 1951 συγχεομένων
305 1912 357 1938 τῶν
406 1911 542 1948 ὸνομιῖτων
582 1913 631 1944 τῆς
659 1911 808 1950 ωγγενείας
823 1919 830 1927 '
861 1913 904 1940 καὶ

76 1955 209 1993 μάλιστα,
224 1956 292 1983 κατὰ
308 1956 353 1983 τὸν
382 1959 427 1984 τοῦ
455 1956 579 1994 θεοφόρου
620 1957 663 1984 καὶ
698 1955 815 1995 μεγαλου
850 1960 904 1985 Πα-

74 2001 140 2039 τρὸς
153 1999 289 2027 Βασιλείου
304 1999 383 2039 λόγον
396 2001 439 2028 καὶ
453 1999 524 2039 ὅρον.
550 2001 603 2032 Τὰς
631 2001 680 2040 γὰρ
707 2004 758 2029 τῶν
786 2000 903 2041 ἀδελφῶν

75 2045 211 2084 γαμετὰς,
249 2045 317 2072 θείαν
346 2044 423 2077 οὔσας
458 2045 501 2073 καὶ
529 2045 719 2084 ἆνεχιὰν,[καὶ
742 2046 900 2084 συννύμφας,

76 2089 104 2117 ἐν
130 2088 220 2125 ταύτῳ
247 2087 382 2125 συμϐαίνει
435 2088 590 2118 καλεῖσθαι.
633 2085 679 2121 Ὣς
719 2089 901 2127 κεκωλυμένον

76 2132 265 2171 συνάλλαγμα,
283 2132 415 2172 ἄπρακτον
443 2132 588 2170 διαμεῖναι,
612 2134 655 2161 καὶ
692 2133 758 2171 μηδὲ
792 2135 900 2173 πρόστι-

947 1741 1011 1761 mus
1026 1731 1090 1769 tibi,
1108 1732 1292 1772 quodfetiam
1313 1733 1395 1773 prius
1419 1733 1449 1763 in
1472 1733 1520 1764 tali
1536 1742 1624 1764 causa
1640 1734 1769 1764 consulti

945 1775 1175 1815 signiﬁcavimus
1189 1787 1195 1808 :
1210 1787 1268 1808 non
1285 1787 1350 1809 esse
1366 1777 1419 1811 fas.
1436 1782 1466 1808 ut
1490 1777 1627 1809 Michaeli
1643 1778 1764 1808 Mariam

945 1820 1002 1850 sibi
1019 1821 1155 1860 conjugio
1167 1822 1421 1862 copulet,propter
1430 1822 1589 1862 Epiphanii
1599 1826 1766 1853 contractas

942 1865 1002 1904 jam
1015 1875 1083 1895 cum
1099 1865 1184 1896 Irena
1200 1867 1327 1906 nuptias,
1345 1876 1411 1897 cum
1437 1867 1558 1897 nomina
1582 1867 1765 1907 cognationis

945 1910 1180 1942 confundantur:
1195 1911 1284 1951 idque
1295 1911 1338 1942 vel
1354 1911 1383 1941 in
1402 1911 1515 1951 primis.
1529 1911 1691 1942 secundum
1708 1922 1764 1951 gu-

946 1953 1060 1985 bernati
1074 1954 1215 1985 divinitus
1229 1956 1377 1995 ac‘magni
1392 1956 1483 1996 patris
1499 1956 1598 1987 Basilii
1615 1956 1727 1987 dictum
1736 1961 1764 1986 et

944 1999 1139 2030 sanctionem.
1172 1999 1284 2040 Quippe
1314 2000 1435 2030 fratrum
1462 2009 1581 2037 uxores,
1597 2009 1663 2041 quae
1677 2001 1766 2031 amita

944 2047 1022 2079 sunt,
1039 2047 1067 2074 et
1083 2044 1142 2074 ﬁlia
1154 2044 1263 2082 fratris,
1281 2044 1391 2084 pariter
1406 2054 1523 2084 quoque
1534 2044 1649 2075 fratrias
1667 2045 1766 2085 appel-

945 2088 998 2118 lari
1026 2089 1178 2128 contingit,
1201 2089 1334 2129 adeoque
1361 2093 1544 2120 contractum
1571 2089 1764 2129 prohibitum,

944 2132 1084 2162 infectum
1110 2142 1243 2169 manere,
1267 2142 1322 2164 nec
1345 2142 1461 2173 pcenam
1478 2143 1512 2164 cx
1528 2134 1764 2173 transgressione

77 2189 130 2215 μον
146 2177 177 2205 ἐκ
199 2175 362 2216 παραιϐασίας
398 2177 586 2210 ἂπαιτηθῆναι,
624 2177 698 2206 Οὕτω
726 2179 775 2217 γὰρ
800 2180 842 2206 καὶ
858 2177 901 2206 ὅτε

994 2181 1061 2207 ιι·ιεὶ
1076 2177 1216 2216 exigi.Sic
1231 2177 1309 2208 enim
1326 2182 1353 2208 et
1368 2187 1434 2208 cum
1451 2178 1535 2208 initio
1549 2178 1674 2208 consulti
1687 2179 1762 2209 fuis-

75 2221 219 2261 καταρχὰς
249 2222 436 2261 ἡρωτήθημεν,
466 2221 689 2260 ἂπελογησάμεθα
706 2231 714 2238 ·
743 2227 788 2251 τοῦ
815 2224 901 2258 ζητή-

994 2223 1278 2261 nus,respondiwus.
1292 2222 1455 2262 quaestione
1470 2227 1540 2253 tunc
1555 2222 1592 2253 ob
1609 2223 1673 2263 ejus
1686 2223 1764 2254 modi

76 2277 163 2305 ματος
179 2265 238 2293 τότε
272 2266 321 2298 τῆς
352 2266 474 2299 τοιαύτης
503 2266 591 2294 ἕνεκεν
627 2266 710 2297 αἰτίας
739 2266 824 2298 ὄντος.
856 2268 903 2296 Καὶ

994 2275 1063 2296 Isam
1080 2266 1225 2297 instituta.
1254 2267 1284 2298 ld
1309 2267 1386 2307 quod
1413 2266 1545 2306 subjecta
1572 2267 1764 2298 (lelineationi

73 2311 194 2340 διδάσκει
230 2310 247 2343 ἡ
276 2310 435 2347 ὑποκειμένη
471 2313 520 2344 τῆς
555 2310 596 2339 διὰ
616 2313 718 2351 γραφῆς
733 2311 763 2335 Π
777 2314 825 2344 τῆς
841 2312 903 2339 ὑπο-

994 2320 1039 2341 ιεω
1054 2311 1208 2351 responsio
1225 2316 1334 2349 nostra,
1348 2321 1401 2352 per
1410 2312 1587 2352 scripturam
1604 2312 1690 2348 facta,
1707 2312 1762 2342 de—

72 2357 176 2386 θέσεως

71 2406 178 2439 προτκα
194 2398 261 2429 ἴσως
289 2399 319 2426 το
348 2402 394 2426 τῶ
420 2398 510 2438 ἀνδρὸς
538 2398 633 2439 ἔφθασε
661 2399 779 2432 δέξασθαι
809 2400 898 2439 μέρος,

73 2446 91 2479 ἢ
122 2443 309 2483 προγαμιαίας
338 2442 435 2482 δωρεᾶς
475 2443 652 2483 ὑπόσχεσινῆ
676 2443 757 2482 δόσιν,
785 2445 815 2472 τὸ
849 2446 898 2477 τῆς

71 2488 214 2529 γυναικὸς,
236 2488 345 2526 οὒπαρὰ
376 2492 452 2516 τοῦτο
479 2489 703 2526 συννηρηθήσεται
738 2489 768 2516 τὸ
800 2488 894 2516 συνάλ-

71 2534 180 2573 λαγμα.
211 2530 284 2560 Ἐπεὶ
313 2531 380 2568 μηδὲ
409 2534 435 2560 αἱ
462 2540 571 2571 προῖκες
600 2535 740 2561 συνιστίυσι
768 2533 828 2565 τοὺς
845 2533 897 2572 γά-

73 2589 141 2616 μους
161 2575 317 2613 δυναμένους
344 2577 387 2604 καὶ
415 2579 496 2617 χωρὶς
525 2578 622 2605 τούτων
650 2577 825 2614 συνίστασθαι,
853 2578 897 2605 lius

73 2623 198 2661 νομίμως
214 2619 444 2652 συναλλάττονται.
468 2622 505 2650 Τὰ
534 2621 561 2650 δὲ
575 2621 620 2650 ἐπὶ
646 2629 705 2654 τοῖς
733 2621 863 2659 ἀθεμίτοις
879 2622 896 2656 ἢ

225 2354 341 2393 ἡμετέρα
377 2354 503 2394 ἕθγραφος
549 2355 698 2394 ἀπόκρισις.
737 2356 765 2384 Εἰ
804 2355 831 2383 δὲ
859 2354 904 2384 καἰ

994 2359 1045 2386 rat.
1057 2354 1140 2391 Quod
1156 2355 1180 2384 si
1198 2355 1274 2386 forte
1290 2356 1387 2386 dotem
1404 2356 1458 2386 viri
1476 2365 1541 2396 pars
1553 2356 1614 2395 jam
1628 2361 1696 2386 ante
1710 2366 1762 2386 ac-

944 2399 1121 2439 ceperit,aut
1136 2399 1302 2430 donationis
1322 2405 1442 2439 propter
1463 2401 1579 2440 nuptias
1592 2400 1761 2441 promissio,

940 2445 986 2475 vel
1002 2444 1160 2484 prmstatio,
1184 2444 1317 2474 mulieris
1342 2445 1417 2483 parti
1440 2445 1514 2476 facta
1530 2445 1568 2474 sit
1583 2456 1593 2476 :
1612 2455 1669 2475 non
1692 2455 1762 2485 pro-

941 2493 1042 2529 pterea
1055 2493 1223 2519 contractus
1239 2488 1664 2530 servabilur.Quandoquidem
1677 2489 1763 2520 dotes

942 2543 999 2563 non
1016 2533 1127 2564 faciunt
1147 2533 1276 2572 nuptias,
1300 2543 1365 2573 quae
1386 2534 1497 2574 absque
1527 2534 1645 2565 dotibus
1674 2533 1761 2565 etiam

935 2582 1075 2608 constare
1091 2581 1295 2617 possunt.cum
1309 2578 1439 2617 legitime
1450 2579 1676 2609 contrahuntur.
1690 2578 1761 2614 Qum

937 2631 1007 2653 vero
1018 2621 1139 2653 nefariis
1154 2622 1183 2652 in
1202 2621 1320 2662 nuptiis,
1338 2627 1387 2653 aut
1405 2623 1560 2664 prohibitis
1577 2622 1758 2664 promittun-

747 2705 794 2737 VA
799 2705 874 2738 RIIE
896 2705 1107 2740 LECTIONES.

114 2758 149 2784 4⁷
162 2761 197 2797 τῇ
211 2757 342 2798 διαγραφῇ
364 2761 425 2794 τῆς·

117 2825 128 2840 ι
143 2811 333 2852 Rescriptum
349 2815 422 2853 imp.
