1922 3081
62 162 116 194 861

60 230 186 270 τριάρχου
235 230 261 259 έν
307 234 346 268 τῷ
381 233 467 270 μικρῷ
507 231 631 270 σεκρέτῳ.
669 228 915 269 ουνεδριαζόπωνᾼ

63 276 134 312 αὐτῷ
148 277 201 303 τῶν
239 275 445 315 θεοφιλεστάτων
481 274 695 315 μητροπολιτῶν,
720 278 766 302 τοῦ
788 273 885 313 Ἀγκύ-

63 330 121 358 ρας,
139 323 186 348 τοῦ
203 321 322 356 Κυζίκου,
352 323 398 348 τοῦ
428 319 673 356 Κλαυδιουπόλεως,
699 322 744 347 τοῦ
759 322 886 358 Χριστια-

63 363 224 396 νουπόλεως.
267 369 313 393 τοῦ
356 360 474 397 Ῥωσίας’
508 365 550 392 καὶ
579 363 809 404 ἀρχιεπισπόπων,
843 367 888 392 τοῦ

65 408 278 446 Δεοντοπόλεως,
294 412 340 438 τοῦ
354 408 515 448 Σουγδαίας,
538 412 584 437 τοῦ
608 407 714 437 Ῥωσίου
731 416 738 423 ⁶
755 418 885 447 παριστα-

64 452 152 493 μένων
168 455 211 482 καὶ
226 453 387 482 δεσποτικῶν
402 453 552 493 ἀρχόντων.

107 492 211 538 ’ᾨοντο
232 498 280 536 μέν
315 509 383 530 τινες
397 492 455 526 τῶν
477 498 545 526 κατὰ
568 497 661 537 χώραν
681 496 888 537 θεοφιλεστάτων

65 541 219 570 ἐπισκόπων
234 543 263 571 ἐκ
289 546 336 571 τοῦ
370 541 505 570 ουνοδικοῦ
534 541 744 579 ὲπιστάλματος,
771 542 785 569 ὃ
806 540 888 569 πάλαι

65 587 114 623 μὲν
129 587 188 625 περὶ
201 589 250 620 τῆς
285 590 330 615 τού
358 590 495 614 κανονικοῦ
523 585 621 619 δόσεως
650 586 692 614 ἐπὶ
727 589 773 614 τοῦ
802 595 889 622 μακα-

65 630 135 670 ρίτου
163 631 328 672 πατριάρχου
362 634 440 670 κυροῦ
475 630 591 663 Ἀλεξίου
625 630 740 667 ἐξετέθη,
777 631 807 659 οὗ
842 641 889 667 μι-

65 678 135 714 κρῶς
163 674 405 716 καταϐλάπτεσθαι,
434 676 470 707 ὡς
495 682 557 706 ταῖς
592 675 737 713 μετέπειτα
772 674 889 713 γενομέ-

68 731 124 752 ναις
146 720 226 752 θείαις
251 721 296 748 καὶ
322 719 473 758 βασιλικαῖς
502 720 569 748 κατὰ
595 720 643 752 τὰς
664 720 752 753 πάσης
773 719 820 753 τῆς
848 719 889 747 οἷ-

67 763 198 802 κουμένης
226 764 317 796 πόλεις
345 764 520 792 ἐναντιοῦσθαι
565 763 702 796 δοκοῦντος
725 763 889 804 χρυσοϐούλ-

67 808 124 841 λοις
153 807 294 848 διαταγαϊς
319 817 326 824 '
364 810 479 842 παρόσον
513 809 544 837 τὸ
571 809 620 846 μὲν
660 808 794 838 συνοόικὸν
825 809 890 848 ὑπὲρ

68 858 218 892 κανονικοῦ,
235 854 354 892 νόμισμα
365 853 391 881 ἔν
420 857 533 893 χρυσοῦν
561 853 590 881 ἐκ
616 854 696 891 μόνου
726 858 773 883 τοῦ
800 853 888 893 ἱερέως

67 898 265 938 εἰσπράττεσθαι
304 897 457 938 διοριζεται,

67 942 195 970 διακόνων
224 941 307 980 μηδέν
336 954 361 970 τι
391 942 582 982 παρεχομένων
599 950 607 957 ·
637 943 681 970 καὶ
708 942 752 982 ἀφ’
781 942 890 970 ἑκάστου

66 990 119 1015 τῶν
148 986 401 1027 χειροτονουμένων,
430 988 452 1014 εἰ
481 987 529 1024 μὲν
557 987 726 1025 ἆναγνώστης
756 987 813 1024 ε’ίη,
843 987 890 1015 νό-

69 1042 155 1068 μισμα
169 1030 195 1059 ἕν
211 1032 326 1070 χροσοῦν
340 1039 348 1046 ⁶
365 1032 387 1059 sl
412 1030 439 1058 δὲ
480 1030 613 1068 διάκονος,
652 1032 799 1069 νομίσμανα
834 1031 891 1070 τρία

69 1074 150 1113 ὅμοια
167 1083 175 1091 ·
213 1076 235 1103 εἰ
269 1075 297 1102 δὲ
339 1074 523 1115 πρεσϐύτερος,
553 1074 628 1114 ἔτερα
657 1077 805 1113 νομίσματα
833 1076 890 1115 τρία

69 1120 161 1160 ὅμοια,
177 1121 223 1148 τὸν
243 1121 443 1160 χειροτονοῦντα
484 1120 548 1159 ὑπὲρ
578 1119 718 1160 διατροφῆς
748 1119 890 1158 λαμϐάνειν

68 1163 234 1192 διατάττεται
261 1172 267 1178 ³
285 1163 324 1192 ὅτι
346 1163 415 1202 μηδὲ
443 1163 584 1202 ἀδάπανον,
615 1163 663 1193 κὲν
692 1165 800 1202 ἂμισθον
836 1165 890 1193 ἐστὶ

67 1209 97 1236 τὸ
134 1208 308 1248 Εὖαγγέλιον.
341 1211 370 1238 οἱ
398 1208 425 1236 δὲ
460 1209 531 1248 παρὰ
558 1209 611 1237 τῶν
636 1208 748 1238 ειδσεϐὦν
773 1209 890 1241 τεθέντες

67 1252 259 1293 χρυσόϐουλλοι
288 1253 374 1292 λόγοι,
404 1254 557 1293 προσθήκην
591 1253 619 1282 τέ
646 1265 705 1282 τινα
736 1261 794 1287 τοῖς
820 1255 891 1294 παρὰ

68 1299 120 1326 τῶν
163 1298 404 1337 χειροτονούμενων
459 1298 653 1338 παρεχομένοις
696 1298 795 1338 ἐξεζρον
828 1299 892 1336 μέτ-

69 1342 173 1379 ἑπειτα,
190 1343 235 1370 καὶ
250 1342 296 1374 τὰς
311 1342 364 1370 ἀπὸ
379 1345 432 1371 τῶν
468 1341 572 1370 λαϊκῶν
600 1342 723 1382 ἀπαρχάς
751 1344 889 1372 κανονικὸν

69 1387 257 1424 ὀνομάσαντες,
272 1387 400 1426 ὡρίσαντο
431 1386 493 1426 παρ’
522 1386 631 1415 ἑκάστου
657 1388 756 1416 τούτων
791 1387 890 1416 ἀναλό-

68 1443 119 1471 γης
155 1434 191 1470 τῇ
233 1431 318 1460 αὐτῶν
358 1432 464 1471 εὐπορίᾳ
512 1432 715 1471 εἰσπρέττεσθαι,
752 1434 796 1461 καὶ
831 1433 892 1465 τοῖς

69 1475 269 1508 εὒλαϐεττάτοις
304 1476 398 1515 ἱερεῦσι
436 1476 607 1515 πσρέχεσθαι,
646 1475 729 1505 Ἀλλὰ
738 1476 892 1515 [συνοδικῶς

69 1521 264 1560 παραστάντες,
280 1521 324 1548 καὶ
351 1521 384 1550 τὰ
405 1520 529 1558 βασιλικὰ
563 1519 726 1560 διατάγματα
756 1522 791 1553 εἰς
814 1522 893 1559 μέσον

70 1565 238 1605 προθέμενοι,
261 1565 308 1593 καί
343 1565 402 1598 τοῦς
436 1564 624 1605 παλαιοτέρους
653 1564 800 1598 συνοδικοὺς
835 1568 893 1606 ὁρι-

71 1610 152 1647 σμοὺς
190 1609 388 1648 ἀναγνωσθῆναι
418 1611 481 1647 πρὸς
523 1610 624 1641 τούτοις
653 1611 892 1648 καθικετεύσαντες,

71 1654 206 1693 ἐφάνησαν
221 1652 283 1691 μηδ’
299 1654 384 1682 ὁτιοῦν
408 1653 521 1682 ἐντεῦθεν
536 1654 579 1682 ἐπὶ
605 1658 640 1692 τῇ
675 1655 728 1683 τῶν
749 1658 893 1684 κανονικῶν

71 1697 199 1738 εὶςπράξει
220 1697 353 1737 πρόκριμα
367 1698 546 1738 ὑφιστάμενοι.
585 1694 649 1727 ιὈτι
678 1700 710 1727 τὰ
739 1700 787 1737 μὲν
815 1711 893 1729 συνο-

72 1742 130 1771 δικὰ
167 1742 217 1776 τὴν
245 1741 275 1770 ἐκ
303 1743 356 1769 τῶν
383 1741 487 1770 λαίκῶν
520 1746 565 1771 του
586 1748 723 1773 κανονικοῦ
757 1743 893 1784 εἴσπραξιν

71 1787 229 1826 ἀπείργοντα
244 1786 378 1826 φαίνεται,
394 1786 427 1814 δι’
442 1787 456 1814 ὃ
472 1786 528 1816 οὐδὲ
565 1788 674 1825 μνήμην
709 1789 766 1816 τινὰ
794 1789 894 1816 τούτων

71 1833 106 1864 ὡς
127 1831 376 1870 ἀπαγορευομένων,
393 1831 420 1859 ἐν
455 1834 571 1872 Γραφατς
598 1833 705 1863 τίθεται,
736 1833 773 1862 Τὰ
798 1832 825 1861 δὲ
854 1834 892 1868 μὴ

71 1875 185 1904 κώλυσιν
212 1877 316 1903 ὁθενοῦν
356 1874 494 1913 δεξάμενοι,
529 1879 586 1908 πῶς
629 1876 799 1910 ἐναντιότητά
835 1888 895 1905 τινα

72 1920 167 1953 εἰσάξει
183 1920 308 1958 γινόμενα
332 1929 340 1959 ς
359 1921 389 1948 Ol.
405 1919 432 1947 δέ
459 1931 490 1959 γε
524 1921 652 1950 θειότατοι
671 1921 802 1959 ’βασιλεῖς
830 1923 895 1960 πρὸς

71 1966 115 1993 τὸν
136 1976 182 1993 και
197 1964 240 2004 ρὸν
255 1964 305 2003 (ὡς
333 1964 428 2003 ἔοικεν)
463 1964 677 2006 ἀποϐλέψαντας,
705 1967 747 1995 καὶ
775 1966 808 2004 τῇ
829 1968 894 2006 πρὸς

72 2010 130 2041 τοὺς
155 2009 292 2048 ἀρχιερεῖς
321 2012 400 2047 τιμῇ,
415 2008 457 2037 διὰ
484 2012 534 2042 τῆς
568 2012 620 2039 τῶν
646 2011 809 2050 πραγμάτων
838 2012 895 2039 εἷσ-

72 2057 153 2093 φορᾶς
169 2054 261 2093 χώραν
288 2053 463 2093 παρέχοντες,
494 2055 535 2082 χοὶ
564 2059 611 2083 τοῦ
639 2054 749 2087 λιϊκοὺς
776 2059 810 2093 τῇ
824 2067 893 2094 παρ-

73 2101 127 2139 οχῇ
161 2098 259 2131 ταύτης
288 2097 423 2134 ὑπέθεντο,
456 2093 552 2128 ’Ἔνθεν
568 2109 608 2127 τοι
643 2100 687 2128 καὶ
719 2099 895 2137 δικαιότατον,

73 2142 170 2182 ἔδοξεν,
194 2141 376 2182 ἀμφοτέρωθεν
392 2143 452 2175 τοὺς
474 2143 620 2183 ἀρχιερεῖς.
650 2143 678 2172 ἔκ
713 2155 740 2172 τε
768 2147 821 2172 τῶν
855 2146 896 2172 ἱε-

500 900 552 925 τῶν
595 897 722 926 διακόνων
749 898 792 925 καὶ
821 890 920 925 ὑπο-Β

722 161 1076 195 ϐΗιΕΟΟ-ΗΟΜΑΝΠΜ.

1692 158 1750 192 862

928 235 1001 257 noro
1028 227 1200 263 secretario,
1233 227 1433 258 assidentibus
1461 227 1488 258 ei
1518 225 1751 266 religiosissimis

929 271 1174 311 metropolitanis,
1191 271 1361 312 Ancyrano,
1383 271 1539 312 Cyziceno,
1553 269 1750 311 Claudiopoli-

929 318 1010 352 tano,
1028 315 1339 356 Christianopolitano,
1369 315 1478 352 Rosiae,
1503 320 1591 356 atque
1613 315 1684 345 item
1700 323 1751 344 ar-

929 359 1138 400 chiepiscopis,
1173 360 1428 401 Leontopolilano.
1471 359 1615 399 Sugdaiae,
1653 357 1750 396 Rosii,

929 403 1091 435 astantibus
1104 408 1135 436 et
1149 405 1308 436 dominicis
1323 404 1542 444 magistratibus
1556 406 1575 436 ι.

968 492 1183 525 Existimabam
1207 493 1329 535 quidem
1348 494 1483 525 nonnulli
1498 502 1552 534 per
1567 491 1748 533 provinciam

930 536 1145 576 religiosissimi
1158 538 1303 579 episcopi,
1330 547 1362 570 se
1378 548 1437 569 non
1453 547 1556 578 parum
1569 546 1604 568 ex
1619 535 1753 576 synodali

931 585 1091 622 precepto,
1121 583 1200 623 quod
1229 583 1299 614 olim
1332 584 1369 614 de
1403 581 1538 614 canonici
1564 579 1752 622 praestatione

930 625 986 656 sub
1010 626 1102 657 beata
1127 629 1278 659 memoriae
1293 628 1471 668 patriarcha,
1488 628 1608 658 domino
1634 623 1751 659 Alexio,

931 669 985 700 fuit
1000 672 1176 711 expositum,
1195 672 1295 703 damni
1325 673 1497 713 percipere;
1515 671 1606 702 veluti
1620 669 1697 710 quod
1712 669 1739 698 fa

932 715 987 745 ctis
998 715 1142 757 deinceps
1156 717 1248 748 sacris
1267 721 1297 748 et
1320 717 1520 758 imperatoriis
1534 716 1570 747 ad
1588 713 1667 745 orbis
1683 713 1751 743 uni-

931 759 1008 790 versi
1022 760 1155 792 civitates
1169 761 1383 800 sanctionibus,
1401 771 1454 802 per
1467 769 1573 792 aureas
1582 758 1679 790 bullas
1690 767 1752 788 mu-

932 805 1167 844 nitis,adversari
1178 807 1328 838 videretur
1340 817 1348 839 :
1359 812 1502 848 quatenus
1511 805 1584 837 illud
1600 804 1753 835 decretum

931 851 1071 890 synodale
1101 852 1236 882 canonici
1279 852 1400 882 nomine
1437 859 1592 883 nummum
1629 856 1752 879 aureum

933 904 1056 925 unuma
1082 897 1236 927 sacerdote
1261 897 1401 928 duntaxat
1437 895 1613 935 exigendum
1643 892 1753 932 statuit,

932 939 1065 970 diaconis
1094 945 1122 971 et
1151 941 1342 972 subdiaconis
1374 941 1448 972 nihil
1473 939 1701 981 praebentibus:
1726 940 1755 966 et

932 993 949 1014 a
972 984 1106 1024 quolibet
1134 994 1249 1024 eorum,
1276 987 1325 1026 qui
1353 985 1538 1022 ordinantur,
1555 984 1580 1014 si
1594 983 1686 1014 lector
1703 981 1752 1020 sit,

932 1037 1086 1059 nummum
1112 1038 1234 1060 aureum
1251 1030 1401 1068 uuum;si
1430 1030 1586 1066 diaconus,
1616 1034 1754 1057 nummos

934 1077 994 1103 tres
1004 1073 1118 1105 similes
1131 1084 1138 1114 ;
1157 1073 1180 1104 si
1193 1074 1358 1115 presbyter,
1375 1075 1448 1105 alios
1463 1078 1523 1104 tres
1535 1080 1670 1103 nummos
1684 1078 1750 1115 con-

932 1118 1048 1149 similes
1062 1114 1370 1157 sumendos,alimenti
1385 1119 1517 1159 nomine,
1533 1116 1667 1148 decernit
1677 1114 1753 1145 abeo

931 1163 982 1203 qui
990 1163 1123 1195 ordinat:
1136 1165 1374 1206 quandoquidem
1391 1164 1416 1194 si
1427 1163 1554 1194 maxime
1570 1159 1751 1206 mercedem,

931 1217 990 1238 non
1003 1212 1100 1239 tamen
1109 1213 1139 1239 et
1149 1204 1407 1249 vivendisumptus
1413 1208 1542 1239 excludit
1551 1204 1751 1245 Evangelium.

931 1252 1037 1283 Aurea;
1046 1262 1114 1284 vero
1142 1253 1229 1284 bullae
1247 1254 1303 1294 piis
1318 1264 1334 1284 ιι
1350 1252 1533 1294 principibus
1548 1249 1751 1294 promulgatae,

933 1300 993 1327 tum
1009 1297 1208 1337 appendicem
1223 1291 1381 1339 quamdam
1403 1291 1701 1334 invenereideinceps
1717 1291 1754 1322 ad

932 1350 977 1378 ea,
994 1351 1060 1382 quae
1071 1342 1108 1373 ab
1123 1342 1297 1374 ordinandi:
1319 1347 1511 1384 praestantur:
1531 1346 1593 1372 tum
1608 1339 1724 1370 debitas
1737 1345 1754 1366 a

932 1386 1015 1416 laicis
1027 1386 1321 1427 primitias,canonici
1333 1388 1453 1418 nomine
1467 1387 1503 1417 iis
1518 1385 1624 1422 indito,
1641 1387 1752 1414 statue-

933 1435 1002 1461 runt
1014 1431 1050 1461 ab
1063 1439 1166 1463 eorum
1193 1432 1326 1472 quolibet
1350 1431 1521 1471 exigendas,
1538 1439 1590 1471 pro
1605 1428 1693 1460 modo
1710 1428 1755 1457 fa-

935 1475 1076 1506 cultatum
1100 1476 1175 1516 ejus,
1203 1471 1238 1507 ac
1266 1475 1523 1508 reverendissimis
1552 1471 1756 1505 sacerdotibus

935 1520 1126 1559 praastandas.
1145 1519 1202 1551 Sed
1217 1530 1284 1551 cum
1300 1520 1330 1551 in
1347 1520 1457 1561 synodo
1473 1520 1504 1550 hi
1519 1518 1754 1559 comparuisse-nt

935 1568 964 1594 et
976 1564 1182 1605 imperatorias
1206 1566 1375 1596 sanctiones
1390 1566 1420 1596 in
1437 1565 1570 1596 medium
1587 1562 1756 1604 proposuis-

935 1613 1012 1646 sent,
1031 1613 1233 1650 praatereaque
1249 1610 1407 1640 vetustiora
1418 1610 1538 1640 decreta
1547 1607 1696 1649 synodalia
1712 1615 1756 1637 re-

934 1652 991 1692 legi
1006 1654 1183 1694 petiissent:
1213 1655 1326 1686 nullum
1357 1655 1400 1686 eis
1424 1654 1521 1694 paruit
1549 1654 1579 1684 in
1604 1651 1757 1683 exactione

934 1697 1144 1728 canonicorum
1159 1699 1362 1740 praejudicium
1374 1698 1447 1730 inde
1462 1698 1572 1730 afferri.
1584 1697 1697 1736 Quippe
1706 1705 1754 1735 sy—

935 1741 1052 1772 nodalia
1067 1743 1187 1783 quidem
1216 1744 1337 1775 decreta
1367 1744 1552 1775 exactionem
1577 1740 1712 1773 canonici
1740 1748 1757 1769 a

934 1786 1018 1816 laicis
1035 1787 1193 1827 prohibere
1209 1789 1358 1829 videntur,
1369 1789 1439 1819 dum
1457 1788 1636 1819 mentionem
1650 1786 1755 1816 horum

937 1831 1046 1861 nullam
1059 1831 1167 1863 faciunl
1175 1833 1273 1872 ,veluti
1285 1833 1377 1864 sacris
1388 1833 1506 1864 Litteris
1517 1830 1755 1862 interdictorum.

935 1875 1006 1911 Quae
1020 1881 1118 1907 autem
1134 1877 1214 1908 nulla
1238 1877 1437 1918 prohibitione
1463 1881 1609 1914 vetantur,
1626 1882 1756 1916 quonam

935 1925 1019 1960 pacto
1030 1921 1055 1951 si
1071 1922 1152 1960 ﬁant,
1166 1923 1361 1953 adversatiom
1387 1931 1505 1957 causam
1523 1921 1650 1961 aliquam
1679 1927 1757 1958 pra:-

937 1964 1076 1996 bebunt‘!
1100 1966 1136 1997 Αι
1151 1976 1221 1998 vero
1237 1967 1428 1998 sacratissimi
1450 1966 1600 2007 principes
1617 1965 1758 2005 temporis

935 2012 979 2047 (ut
1003 2010 1123 2050 quidem
1152 2016 1284 2052 apparet)
1321 2012 1435 2042 ratione
1460 2011 1569 2048 babita,
1597 2014 1626 2041 et
1653 2009 1760 2041 honori

938 2055 1125 2092 pontiﬁcibus
1151 2055 1330 2096 exhibendo,
1360 2065 1412 2095 per
1438 2055 1616 2086 oblationem
1643 2063 1754 2091 rerum,

937 2099 1124 2130 occasionem
1135 2100 1504 2140 praebentes,etiamlaicos
1516 2098 1694 2140 praestationi
1707 2099 1759 2128 hu-

934 2143 984 2182 jus
995 2143 1138 2174 obnoxios
1150 2154 1215 2175 esse
1227 2145 1393 2175 voluerunt.
1410 2144 1509 2184 anue
1519 2145 1555 2175 de
1566 2152 1654 2174 causa
1664 2142 1757 2173 visum

73 2187 150 2226 ρέων,
175 2187 284 2214 καὶτῶν
299 2186 411 2222 λαϊκῶν,
429 2188 462 2215 τὰ
477 2188 542 2227 ὑπὲρ
563 2191 608 2216 νοῦ
643 2192 781 2217 κανονικοῦ
808 2201 888 2217 τυπωι

968 2192 985 2218 at
1006 2188 1206 2229 aequissimum
1223 2199 1300 2226 esse,
1323 2193 1354 2220 ut
1369 2189 1505 2229 utrinque
1519 2189 1684 2229 pontiﬁces,
1701 2192 1759 2217 tam

73 2232 161 2265 θέντα,
179 2231 329 2268 κομίζεσθαι
348 2239 354 2245 “
386 2231 426 2259 ὅτι
455 2231 524 2269 μηδὲ
552 2233 718 2271 σνρατεύεταί
751 2245 803 2274 τις,
831 2234 898 2262 κατὰ

76 2277 120 2304 τὸν
133 2277 208 2304 θετον
223 2274 398 2312 Ἀπόστολον,
415 2276 541 2314 ὀψωνίοις
565 2275 650 2308 ἰδίοις,
675 2277 757 2305 ’Λλλὰ
777 2279 821 2306 καὶ
836 2279 898 2307 ποί-

78 2331 147 2358 μνην
163 2331 202 2351 τις
232 2321 391 2360 ποιμαίνων,
425 2320 455 2349 ἐκ
484 2325 529 2349 τοῦ
564 2321 696 2361 γάλακτος
731 2323 824 2351 ἐσθιειν
853 2325 899 2352 οὒκ

78 2364 275 2402 ἀππὲτραπται
300 2372 307 2380 ’
335 2365 378 2392 καὶ
430 2364 575 2402 ἀμπελῶνα
612 2366 728 2405 φυτεύων
777 2367 807 2396 ἐκ
854 2371 899 2396 τοὺ

75 2409 178 2448 καρποῦ
202 2407 340 2447 δρέπεσθαι
366 2411 396 2438 οὗ
417 2409 576 2441 κεκώλυται,
606 2411 655 2439 Καὶ
677 2412 691 2439 ὁ
725 2411 837 2444 παλαιὸς
873 2412 900 2440 δὲ

76 2454 168 2491 νόμος,
185 2451 312 2490 ἐμϐαλεῖν
347 2453 379 2480 ἐκ
399 2457 452 2482 τῶν
493 2458 601 2494 καρπῶν
637 2456 672 2487 εἷς
701 2456 750 2489 τὴν
776 2456 900 2496 κᾶρταλιν

76 2497 280 2538 παρακελεύεται
310 2498 354 2525 καὶ
375 2498 494 2526 εἰσοίσειν
510 2500 545 2530 εἰς
561 2500 605 2527 τὸν
626 2504 683 2536 του,
701 2503 767 2528 Θεοῦ
797 2501 873 2530 νῖκον
891 2511 897 2519 ·

76 2541 207 2579 λήψεσθαι
224 2552 251 2569 τε
266 2544 348 2569 ταῦτα
370 2541 399 2570 ἐκ
425 2546 477 2570 τῶν
505 2547 603 2583 χειρῶν
629 2547 675 2572 τοῦ
718 2546 899 2584 προσοίσοντος

78 2592 120 2615 τὸν
148 2585 230 2625 ἱερέα,
260 2586 303 2614 καὶ
338 2588 444 2620 τεθῆναι
487 2588 610 2616 ἀπέναντι
646 2593 691 2618 τοῦ
717 2591 899 2630 θυσιαστηρίου

78 2630 219 2670 εὖλογῆσαί
233 2639 263 2658 τε
277 2630 320 2658 καὶ
355 2629 483 2669 εὔξασθαι,
514 2633 558 2660 καί
599 2631 681 2664 οὕτως
721 2629 898 2673 εὖλογημένον

78 2675 148 2703 εἶναι
162 2675 206 2703 τὸν
241 2674 448 2714 προσενέγκανα,
479 2677 522 2705 καὶ
555 2677 600 2706 τὸν
630 2679 707 2705 οἶκον
737 2679 824 2716 αὐτοῦ,
854 2681 898 2709 καί

939 2241 955 2262 a
971 2233 1277 2273 sacerdotibus,quam
1288 2244 1305 2265 a
1316 2233 1547 2270 laicis,canonici
1558 2233 1677 2263 nomine
1688 2241 1759 2263 san-

940 2276 998 2307 cita
1026 2277 1140 2314 ferant;
1169 2277 1408 2318 quandoquidem
1436 2277 1592 2318 stipendiis
1619 2276 1760 2316 propriis,

939 2321 1103 2352 secundum
1121 2321 1252 2352 divinum
1265 2323 1346 2353 illum
1358 2323 1634 2362 Apostolum,nemo
1643 2321 1758 2358 militat,

940 2365 991 2396 sed
1009 2370 1038 2396 et
1054 2370 1153 2405 pastor
1180 2367 1298 2407 aliquis,
1332 2366 1516 2408 pastoriciam
1547 2366 1671 2402 faciens,
1687 2366 1762 2396 lacte

942 2410 1018 2440 vesci
1028 2419 1086 2441 non
1097 2414 1230 2441 vetatur:
1246 2415 1274 2442 et
1287 2412 1336 2452 qui
1348 2411 1461 2441 vineam
1475 2411 1594 2451 plantat,
1613 2411 1649 2441 de
1664 2410 1762 2447 fructu

941 2454 1105 2495 decerpere
1117 2456 1522 2496 non'prohibeturl’rwterea
1531 2455 1577 2486 lex
1585 2455 1671 2486 etiam
1680 2458 1763 2484 vetns

941 2499 1050 2539 conjici
1077 2500 1224 2531 fructuum
1243 2505 1354 2541 partem
1380 2501 1410 2530 in
1427 2510 1499 2538 quas
1513 2500 1595 2531 illum
1610 2499 1708 2539 jubet,
1735 2503 1764 2529 et

943 2545 970 2574 in
986 2545 1040 2575 Dei
1057 2545 1198 2585 templum
1212 2545 1362 2585 deportari
1380 2556 1385 2574 :
1414 2544 1465 2575 ubi
1479 2545 1516 2575 de
1532 2544 1671 2575 manibus
1687 2544 1761 2574 oile-

939 2589 1033 2620 reutis
1048 2599 1083 2620 ea
1105 2590 1245 2620 sacerdos
1268 2589 1406 2630 accipiat,
1424 2594 1453 2621 et
1472 2599 1507 2620 ex
1523 2590 1646 2620 adverso
1661 2588 1762 2620 altaris

939 2635 1074 2671 collocet,
1101 2634 1234 2675 votisque
1261 2635 1413 2674 conceptis
1441 2633 1599 2666 benedicat
1624 2643 1631 2665 :
1656 2633 1764 2674 quibus

938 2679 1079 2721 peractis,
1094 2678 1273 2710 benedictus
1288 2678 1340 2710 ille
1366 2679 1482 2711 futurus
1505 2679 1555 2721 sit,
1571 2678 1621 2720 qui
1645 2677 1761 2715 obtulit,

726 2761 856 2796 VARIE
879 2763 1039 2799 LEGTION
1044 2763 1102 2796 ES.

120 2822 128 2841 ι
144 2817 339 2859 Οπὶείαιίῡιιε.
