1922 3081
104 122 167 157 865

768 122 1114 157 ϐΚιΕὓΟ-ΒΟΜΑΝΗΜ

1733 129 1792 164 866

104 192 219 226 ζητήσει
236 191 431 230 συγκλητικῶν,
454 193 498 220 καὶ
525 194 574 225 τῆς
601 190 767 229 ἔνδημούσης
789 202 863 225 τηνικ

1031 190 1100 221 mini
1118 190 1255 222 destinati
1271 197 1365 234 erant,
1395 197 1423 224 et
1448 194 1571 235 synodo,
1588 204 1653 235 quae
1668 201 1738 228 tunc
1753 199 1790 229 ad

103 237 336 275 συναθροισθείσης
366 235 473 265 συνόδου
510 235 640 275 συνέδριον
674 236 776 275 γέγονε.
810 236 858 264 Καὶ
879 238 927 269 τῆς

102 279 249 313 ὶξετάσεως
272 281 359 321 ἀρχὴν
396 280 446 314 ἤδη
475 280 617 319 λαμϐάνειν
654 280 815 318 μελλούσης,
842 280 927 319 παρά-

103 324 179 358 δοξὸν
200 337 228 354 τε
243 327 313 366 παρὰ
354 326 510 365 προσδοκίαν
536 327 674 361 ἀπήντησε
692 337 698 343 ·
714 330 767 354 τῶν
794 328 927 364 κληρικῶν

101 373 153 403 τῆς
169 371 245 410 ἁγίας
258 372 303 399 καὶ
318 371 437 410 μεγάλης
472 372 518 399 τοῦ
542 374 606 399 Θεοῦ
641 370 799 404 Ἐκκλησίας
835 371 926 399 01601--

103 414 187 454 ρὲτως
223 415 331 448 ἐξάπινα
365 416 574 450 στασιασάντων,
605 416 640 448 ὡς
669 414 737 453 μηδὲ
765 415 927 454 ἀνασχέσθαι

101 461 214 495 ζήτησιν
230 459 299 493 ὅλως
314 462 372 494 περὶ
399 461 446 489 τοῦ
470 460 620 498 σκέμματος
651 461 814 499 προτεθῆναι
834 467 840 474 ”
867 458 926 487 ἀλλ’

102 503 145 543 ἐφ’
160 505 250 537 ἱκανὰς
279 505 348 544 ὥρας
377 506 517 533 κόπτεσθαι
554 506 584 532 τὸ
612 504 741 544 συνέδριον
757 505 855 542 μάτην,
888 504 925 541 μὴ

100 547 137 575 δι’
157 548 362 589 ὑποδεχομένων
383 553 436 577 τῶν
451 549 679 582 huiusne-11f”
703 549 752 582 τὴν
786 560 834 582 της
857 549 925 576 ὑπο-

99 593 199 625 θέσεως
221 593 337 632 ἀγωνίαν
388 595 456 629 μήτε
522 593 576 631 μὴν
617 593 833 633 ἀποκρτομένων,
877 590 925 620 Ἤν

101 635 220 674 ὃὲμόνον
248 637 322 677 φωνὴ
358 638 511 677 παμμιγὴς,
561 638 612 665 ὑπὸ
641 637 687 665 τοῦ
722 637 780 665 λίαν
814 637 925 677 ἐνηχετν

100 688 165 714 ταῖς
195 682 303 719 ἆκοατς,
351 682 509 722 ἀδιάκριτος,
550 677 595 714 Ὠς
637 683 681 710 καὶ
723 683 924 721 κατασιγάζουσι

101 732 163 758 τοῖς
192 726 334 766 ἷεροκήρυξι
360 727 411 760 τὴν
459 726 564 764 ἄσημον
592 727 720 766 κραυγὴν,
764 726 821 766 καὶ⁶
845 727 923 765 σιγὴν

100 761 343 809 παραγγέλλουσιν,
359 761 532 811 ἐπισχεθῆναι
553 770 585 795 ‘9
610 761 670 802 I‘Ei;v
687 761 786 810 φωνάς.
809 761 834 800 ’ὸ
861 761 923 799 συν-

100 815 236 848 νενοηκὼς
252 815 306 854 ὲγὼ
321 816 387 852 μετὰ
408 817 461 843 τῶν
489 815 613 844 δοθέντων
643 827 688 853 μοι
718 818 848 855 συνεργῶν
875 818 924 849 τῆς

99 859 233 897 σκέψεως,
264 861 307 888 καὶ
334 859 469 893 τηνάλλως
505 860 634 899 τρίϐεσθαι
668 861 714 888 τὸν
742 862 832 899 καιρὸν
879 862 925 889 οὒκ

100 902 239 941 ἐθελήσας,
263 903 342 932 ἔλυσα
364 905 413 938 τὴν
428 904 579 942 ἐκκλησίαν,
610 905 653 933 καὶ
678 906 713 936 εἰς
744 904 834 944 ἑτέραν
852 906 924 938 ἥκειν

101 947 283 988 παρήγγειλα,
331 949 590 988 παρεσκευασμένους
627 949 715 984 ὄντας,
750 951 793 977 καὶ
822 949 922 988 ἐπαγο-

101 991 196 1029 μένους
211 993 244 1020 τὰ
266 992 322 1030 μεθ’
338 994 375 1021 ὧν
391 993 491 1022 οἴονται
520 997 604 1031 νικᾷν,
641 994 798 1032 βοηθήματα
823 1005 831 1011 '
869 993 924 1021 ἐπι-

100 1037 203 1074 τιμίοι>
230 1038 274 1065 καὶ
307 1037 486 1075 παλαμναίαις
522 1039 600 1078 ἀραῖς
629 1039 673 1066 καὶ
701 1038 923 1078 φρικωδεστᾶταις

103 1079 153 1120 (ὡς
181 1081 288 1122 ᾠόμην)
310 1081 521 1122 ἀσφαλισάμενος
554 1083 614 1114 τοὺς
636 1084 671 1114 εἷς
699 1084 748 1116 τὴν
777 1082 923 1121 μέλλουσαν

99 1124 254 1164 Θορυϐήσειν
311 1127 545 1167 ἐπιχειρήσοντας,
573 1127 591 1161 ἢ
615 1126 769 1167 φθέγξασθαί
805 1138 828 1155 τι
855 1128 922 1155 κατὰ

98 1170 202 1209 γρείαν,
259 1171 350 1211 χὰριν,
366 1171 384 1205 ἢ
402 1172 482 1199 πάθω
494 1171 592 1211 ἕτερον,
617 1175 712 1203 κοινῶς
749 1172 766 1205 ἢ
802 1171 852 1208 ἰδίᾳ
867 1171 922 1200 δια-

99 1214 180 1254 φέρον
221 1215 313 1247 αὒτοτς
351 1219 404 1243 τῶν
450 1216 579 1244 τενόντων
621 1217 656 1248 εἷς
694 1215 842 1255 παράϐασιν
869 1219 921 1244 τῶν

97 1259 175 1299 gelum
188 1260 232 1287 καὶ
245 1261 382 1299 παρακοὴν
403 1261 531 1296 κανόνων,
568 1262 611 1289 καὶ
647 1261 768 1288 σύστασιν
798 1259 918 1298 ψεύδους,

96 1296 180 1331 Ἠκεν
217 1304 253 1335 εἷς
281 1296 385 1344 δευτέρα
414 1303 456 1335 50,
485 1306 532 1333 Καὶ
558 1304 637 1333 πάλιν
664 1305 788 1344 ἀφίκοντο
806 1296 843 1332 Ἲοὶ
869 1307 918 1338 τῆς

98 1346 241 1380 ἐκκλησίας
257 1347 388 1384 ἐνστάναι,
420 1349 462 1376 καὶ
485 1349 650 1388 ἐναγόμενοι,
689 1348 722 1377 Οἵ
751 1348 808 1377 οὑδὲ
843 1360 918 1388 περι-

98 1392 206 1428 έμειναν
234 1393 334 1431 πεῦσιν,
365 1391 425 1420 ἀλλ’
455 1392 526 1425 εὖθὺς
569 1393 733 1431 ἐπίμπλαντο
773 1393 806 1421 τὰ
833 1394 918 1423 πάντα

99 1435 232 1473 ἀκοσμίας
246 1436 290 1463 καὶ
312 1439 445 1476 ταραχῆς,
477 1438 521 1465 καὶ
555 1442 601 1466 τοῦ
628 1437 756 1477 προτέρου
789 1436 919 1471 συνεδρίου

970 234 1074 264 urbem
1089 239 1163 273 erat,
1176 242 1355 277 congregata
1373 248 1381 275 ;
1406 239 1566 270 concilium
1583 234 1628 271 est
1642 245 1789 275 coactum.

970 280 1102 320 Cumque
1127 281 1249 320 jamjam
1279 281 1415 313 habitura
1444 282 1620 323 principium
1649 292 1728 317 esset
1741 287 1790 318 in-

970 324 1095 363 dagatio,
1114 324 1254 370 quiddam
1272 325 1454 365 inopinatum
1471 332 1578 367 praeter
1592 331 1789 370 exspectatio-

971 377 1038 398 nem
1056 368 1178 414 contigit
1195 378 1202 405 ;
1219 379 1285 399 cum
1304 370 1402 400 clerici
1418 376 1527 402 sanctae
1543 368 1714 414 magnaeque
1736 375 1789 406 Dei

969 412 1110 442 Ecclesiae
1125 418 1230 452 sponte
1244 423 1296 444 sua
1310 414 1407 444 subito
1423 415 1597 446 seditionem
1609 412 1789 450 commovis-

967 461 1034 487 sent
1049 461 1171 497 tantam,
1188 461 1218 487 ut
1233 467 1270 488 ne
1285 459 1406 498 quidem
1432 463 1601 499 poterentur
1615 462 1735 493 omnino
1751 463 1789 494 de

967 510 1000 531 re
1030 501 1244 532 consideranda
1283 503 1538 542 investigationem
1569 507 1704 546 proponi,
1735 509 1787 538 sed

968 545 1100 585 plnribus
1117 546 1198 576 horis
1229 547 1389 578 concilium
1416 548 1528 579 frustra
1557 548 1716 588 laboraret,
1733 561 1788 582 nec

967 590 1181 630 accipientibus
1194 591 1403 622 ecclesiasticis
1419 602 1513 623 causae
1529 593 1784 634 disceptationem,

967 643 1023 664 nec
1038 634 1125 664 etiam
1142 634 1360 674 rejicientit-us.
1390 636 1516 668 Tantum
1543 638 1654 669 clamor
1667 639 1786 680 quidam

967 679 1154 718 promiscuus
1164 684 1238 717 erat,
1256 682 1366 720 etquod
1376 681 1676 714 vehementerl'eriret
1686 692 1786 721 aures,

965 722 1145 753 indiscretus
1172 724 1246 755 adeo
1274 725 1405 764 quidem,
1435 731 1467 757 ut
1497 727 1584 758 etiam
1603 728 1787 767 praeconibus

966 768 1058 798 sacris
1070 767 1232 798 obscurum
1246 769 1404 800 clamorem
1417 772 1690 810 compescentihus,
1705 777 1733 802 et
1743 772 1786 803 si-

966 811 1088 841 lentium
1108 812 1316 853 indicantibus,
1337 814 1460 845 minime
1472 824 1559 846 voces
1574 815 1712 847 cohibitae
1725 817 1786 847 fue-

966 855 1036 891 rint,
1055 855 1117 891 Quo
1133 866 1187 895 ego
1202 857 1407 888 animadverso
1423 868 1489 889 cum
1505 858 1552 899 iis,
1570 860 1620 900 qui
1636 860 1709 891 mihi
1725 860 1785 891 dati

966 903 1050 930 erant
1064 899 1278 940 investigandae
1290 901 1333 932 rei
1355 902 1438 942 socii,
1454 904 1530 943 quod
1549 899 1664 944 tempus
1678 904 1787 936 frustra

967 943 1080 975 conteri
1096 945 1216 984 nollem,
1234 946 1409 976 concionem
1431 947 1542 985 dimisi,
1572 943 1645 979 etin
1660 949 1784 980 alterum

965 990 1044 1019 diem
1060 990 1162 1021 Venire
1172 990 1384 1036 jussiparatos,
1401 1000 1494 1031 eaque
1504 1001 1605 1023 secum
1615 993 1783 1036 afferentes,

964 1034 1146 1074 adjumenla,
1163 1034 1270 1074 quibus
1293 1044 1324 1064 se
1351 1036 1519 1075 superiores
1544 1045 1682 1068 evasuros
1697 1034 1784 1078 puta;

964 1084 1030 1110 rent
1046 1091 1053 1110 :
1087 1078 1182 1119 poenis
1199 1083 1227 1109 et
1242 1079 1496 1111 exsecrationibus
1511 1080 1584 1110 diris
1599 1081 1787 1122 maximeque

964 1123 1122 1154 horrendis
1137 1125 1180 1162 (ul
1195 1123 1331 1163 equidem
1356 1123 1532 1161 arbitrabar)
1548 1125 1704 1164 imj-licans
1720 1135 1784 1163 eos,

963 1167 1012 1208 qui
1029 1172 1103 1208 post:
1114 1167 1173 1198 idie
1189 1167 1288 1198 ausuri
1306 1172 1405 1198 essent
1433 1169 1616 1206 tumultuari,
1632 1173 1683 1200 aut
1696 1170 1784 1211 quid-

962 1221 1049 1252 quam
1067 1212 1213 1252 proloqui,
1230 1212 1274 1242 vel
1291 1220 1327 1242 ex
1344 1221 1409 1250 usu,
1427 1213 1472 1243 vel
1497 1221 1532 1244 ex
1546 1213 1650 1252 gratia,
1667 1215 1711 1244 vel
1726 1214 1784 1245 alio

962 1257 1082 1297 affectu,
1100 1257 1176 1297 quod
1195 1255 1312 1295 publice
1341 1257 1384 1287 vel
1412 1257 1546 1296 privatim
1564 1267 1615 1289 eos
1641 1263 1783 1298 tangeret,

961 1306 1050 1340 atque
1061 1301 1097 1332 ad
1107 1301 1293 1331 violationem
1304 1306 1565 1342 contemptumque
1576 1311 1726 1334 sacrorum
1739 1312 1784 1334 ca-

961 1354 1085 1382 nonum,
1102 1349 1131 1376 et
1146 1344 1300 1376 mendacio
1326 1345 1503 1376 stabiliendo
1518 1346 1637 1377 faceret.
1656 1347 1783 1378 Ventum

961 1398 1030 1428 ergo
1047 1389 1199 1430 postridie,
1210 1389 1334 1429 jamque
1343 1399 1444 1420 rursus
1460 1390 1785 1422 ecclesiasticiaderant

960 1434 995 1463 ad
1011 1433 1195 1471 instandum,
1213 1433 1299 1464 etiam
1316 1443 1382 1464 cum
1398 1434 1442 1464 rei
1472 1438 1580 1465 essent.
1598 1435 1661 1465 Nec
1673 1435 1736 1474 jam
1753 1441 1783 1466 ut

97 1479 186 1517 μείξον
215 1480 304 1513 ἀταξία
329 1482 445 1521 κατέσχε
489 1483 520 1509 τὸ
555 1481 682 1522 δεύτερον,
712 1482 810 1511 Λοιπὸν
839 1478 1581 1519 ἔλυσαοὶηιοιτοεοτθιιιυν,εχερεειαδδηι,εει]ῐηοι
1596 1480 1783 1510 omniacom-

97 1525 144 1552 καί
158 1523 238 1552 πάλιν
251 1525 300 1558 τὴν
315 1524 468 1562 ἐκκλησίαν,
485 1527 529 1554 καὶ
556 1527 606 1560 τὴν
641 1527 752 1562 ζήτησιν
768 1527 917 1567 ἀνήρτησα,

96 1568 315 1608 προχειρίσασθαι
330 1570 519 1609 παραγγείλας,
553 1572 589 1603 εἰς
617 1570 762 1610 ἀπολογίαν
786 1571 830 1609 ἀφ’
859 1572 918 1600 ἐκά-

96 1623 162 1640 στου
201 1613 254 1641 τῶν
282 1613 509 1647 ἐκκλησιαπικῶν
537 1617 693 1654 ταγμάτων,
723 1615 767 1644 δύο
798 1617 881 1656 τυχὸν
900 1616 917 1650 ἢ

97 1657 143 1685 καὶ
171 1663 257 1697 τρεῖς,
285 1658 346 1690 τοὺς
391 1658 471 1698 λόγον
508 1659 662 1699 στρογγύλει
703 1659 854 1698 εἰδήμονας,
876 1662 920 1690 καὶ

96 1702 183 1733 εἷπεειν
195 1703 238 1729 καὶ
252 1701 362 1731 ἀκοῦσαι
392 1702 587 1741 δοκιμωτάτους
605 1713 612 1720 ·
643 1704 784 1743 Eri-{saliat
816 1716 843 1733 τε
870 1717 918 1734 κε-

95 1745 193 1777 λεύσας
205 1746 249 1774 καὶ
263 1746 343 1779 θείους
364 1747 489 1785 κανόνας,
513 1750 534 1776 εί
563 1747 670 1788 ἔχουσιν
697 1748 825 1780 ἐναντίους
855 1752 919 1790 πρὸς

93 1791 168 1828 παρὰ
182 1793 235 1817 τῶν
262 1790 419 1823 ἀπεναντίας
453 1793 669 1833 προφερομένοις,
704 1793 721 1828 ἢ
761 1793 837 1834 ἕτερά
862 1806 920 1823 τινα

93 1833 272 1872 δικαιώματα,
309 1835 452 1876 Ἐπισχεϊν
472 1836 500 1865 δὲ
527 1838 557 1865 τὸ
580 1837 680 1871 πλῆθος
707 1838 754 1866 καὶ
782 1839 827 1866 τὸν
855 1840 919 1879 σύρ-

93 1889 167 1918 φακα
181 1877 276 1918 ὄχλον,
292 1879 321 1907 οὔ
335 1881 381 1908 σὺν
396 1884 434 1918 τῷ
449 1880 551 1919 δικαίῷ,
575 1882 620 1909 σὺν
644 1882 686 1920 βίᾳ
712 1882 739 1910 δὲ
774 1886 823 1917 τῆς
845 1877 919 1918 δίκης

93 1923 323 1963 ἀποπειρώμενον,
371 1925 414 1953 καὶ
455 1926 613 1966 συγχέοντα,
661 1928 705 1955 καὶ
733 1926 853 1956 θλίϐοντα
887 1929 917 1957 τὸ

92 1968 280 2008 ἀκροατήριον.
311 1969 480 2009 Ἐὐτρεπίσθη
502 1971 547 1999 καί
567 1971 646 1999 πάλιν
674 1971 802 2006 ἐκκλησία
830 1973 914 2013 τρίτη,

94 2013 146 2056 καὶ
161 2015 335 2053 συμπαρῆσαν
366 2013 479 2046 ἅπαντες
507 2016 530 2044 οἱ
563 2016 780 2056 προτεταγμένοι,
810 2017 916 2056 ἠνεῳγ-

91 2055 176 2093 μένας
198 2056 308 2096 ἔχοντες
343 2059 387 2086 καὶ
419 2059 537 2092 ἑστώσας
565 2061 602 2092 ὡς
636 2062 701 2100 πρὸς
736 2061 843 2101 ἆκρόσιν
870 2055 916 2094 τὰς

90 2101 193 2129 ἑαυτῶν
213 2101 304 2135 ἀκοὰς,
335 2103 377 2131 καὶ
399 2104 514 2142 οἱόμενσι
550 2105 704 2134 ἀκούσεσθαί
738 2116 763 2134 τι
795 2105 916 2145 λαμπρὸν

961 1522 1119 1562 plebantur
1133 1523 1274 1553 indecora
1289 1523 1362 1554 facie
1386 1532 1486 1553 rerum
1498 1532 1532 1554 ac
1547 1523 1781 1563 perturbatione,

960 1567 1115 1607 majorque
1131 1567 1266 1598 confusio
1281 1572 1343 1598 erat
1358 1567 1387 1598 in
1412 1567 1516 1608 altero,
1535 1577 1622 1608 quam
1637 1568 1667 1599 in
1684 1568 1783 1609 priore

960 1611 1096 1642 concilio.
1117 1611 1315 1647 Quamobrem
1332 1611 1430 1642 denuo
1457 1612 1633 1643 concionem
1653 1613 1737 1649 solvi,
1754 1618 1783 1643 et

961 1664 1083 1686 examen
1097 1656 1225 1696 sustuli;
1256 1666 1322 1687 cum
1347 1655 1515 1696 jussissem,
1547 1661 1578 1687 ut
1601 1658 1783 1697 exponenda:

961 1709 1057 1731 causae
1072 1700 1129 1731 duo
1144 1701 1192 1732 vel
1209 1705 1267 1731 tres
1283 1710 1298 1731 e
1311 1700 1718 1741 quolibetecclesiasticorum
1730 1711 1782 1733 or—

961 1744 1065 1776 dinum
1082 1745 1289 1784 seligerentur,
1317 1745 1367 1785 qui
1392 1745 1519 1776 rotunde
1534 1754 1597 1775 rem
1614 1754 1781 1786 proponere

961 1794 1093 1826 nossent,
1111 1799 1144 1820 ac
1160 1794 1220 1820 tum
1235 1789 1387 1829 loquendi,
1405 1793 1466 1819 tum
1495 1789 1636 1820 audiendi
1661 1791 1779 1821 modum

960 1839 1040 1863 recte
1054 1838 1200 1865 tenerent.
1216 1833 1309 1865 Simul
1321 1833 1412 1871 edixi,
1429 1843 1529 1864 sacros
1539 1834 1721 1865 adducerent
1734 1845 1780 1866 ca-

961 1887 1067 1915 nones,
1084 1878 1109 1908 si
1134 1887 1207 1918 quos
1235 1878 1381 1909 haberent
1402 1878 1567 1908 contrarios
1590 1878 1637 1919 iis,
1667 1879 1718 1919 qui
1742 1879 1778 1910 ab

960 1922 1084 1953 adversa
1101 1928 1182 1963 parte
1199 1923 1395 1963 proferentur,
1408 1926 1458 1955 aut
1472 1923 1644 1963 aliajurium
1655 1924 1780 1954 admini-

959 1967 1025 1997 cula
1034 1976 1040 1998 :
1049 1967 1394 2007 multitudineminterim
1401 1967 1657 2008 promiscuamque
1664 1968 1778 1999 turbam

959 2011 1145 2052 cohibentes,
1160 2022 1225 2053 quae
1240 2022 1300 2043 non
1316 2021 1354 2043 ex
1369 2012 1445 2052 aequi
1460 2016 1490 2043 et
1504 2012 1575 2043 boni
1589 2013 1713 2051 ratione,
1726 2013 1779 2044 sed

959 2056 986 2086 vi
1002 2066 1119 2087 causam
1136 2057 1292 2097 disceptet,
1309 2057 1465 2098 ipsumque
1480 2057 1657 2088 auditorium
1682 2057 1781 2089 turbet

959 2110 992 2132 ac
1008 2105 1101 2132 velet.
1130 2101 1231 2142 Itaque
1246 2111 1350 2132 rursus
1369 2101 1503 2132 instituta
1518 2102 1662 2132 concione
1677 2102 1776 2140 tertio,

89 2146 136 2174 καὶ
156 2153 290 2185 γενναῖον,
307 2145 382 2175 Ἀλλ’
398 2148 430 2182 ἦν
445 2148 518 2177 οὗδὲν
544 2148 657 2188 οὖδαμοῦ
672 2153 789 2179 τοιοῦτον
802 2159 809 2166 ·
833 2151 847 2179 ὅ

1019 2155 1157 2177 venerunt
1175 2146 1306 2178 universi
1322 2147 1360 2178 de
1374 2146 1483 2186 quibus
1510 2146 1634 2184 dictum,
1655 2147 1778 2188 jamque

90 2189 137 2234 δὲ,
162 2191 206 2218 καὶ
234 2192 319 2231 θρώς,
363 2193 407 2221 καὶ
455 2192 626 2228 ἐνθουσιώδης
660 2196 740 2234 ὁρμὴ,
770 2189 916 2233 καὶδῆμος

89 2233 173 2263 πάλιν
187 2234 358 2275 παρέῦακχόν
379 2248 404 2265 τι
425 2237 530 2276 βλέπων
564 2239 607 2267 καὶ
629 2233 749 2276 μανικὸν,
787 2240 830 2268 καὶ
845 2239 914 2269 πολ-

89 2278 147 2307 λων
161 2278 248 2319 λόγων
267 2281 366 2317 ματαία
387 2281 474 2321 τριϐή,
492 2283 529 2315 ὡς
550 2283 719 2323 τοπρότερον.
756 2284 914 2313 Τελευτατον

90 2322 118 2351 δὲ
135 2324 203 2361 μετὰ
223 2323 324 2357 πολλὰς
347 2326 396 2359 τῆς
422 2326 523 2366 ἡμέρας
557 2322 638 2367 ὥρας,
665 2322 718 2356 καὶ
747 2330 804 2368 περὶ
825 2327 912 2363 δείλην

90 2368 247 2413 ὀψίαν,ῗῆὂη
269 2368 344 2402 δόξαν
358 2370 441 2403 οὕτως
462 2374 566 2410 αὐτοῖς,
597 2373 633 2404 εἷς
658 2373 737 2410 μέσον
765 2374 911 2413 προετέθη-

91 2412 290 2453 χρυσόὸουλλον
334 2416 516 2455 προσκυνῃτὸν
559 2417 605 2445 τοῦ
631 2417 764 2447 Θειοτάτου
787 2412 914 2454 κράτους

90 2469 150 2495 σου,
179 2461 213 2497 τῇ
241 2458 345 2498 μεγάλῃ
372 2459 544 2499 φιλοτιμηθὶν
601 2456 755 2502 Ἐκκλησίᾳ,
785 2462 828 2491 ἐπί
862 2474 914 2495 τισι

92 2503 141 2541 μὲν
175 2503 220 2531 καὶ
248 2502 338 2535 ἄλλοις
366 2504 515 2544 θεφαλαίοις
543 2505 687 2546 διαφόροις,
727 2506 853 2547 περιέχον
887 2507 914 2536 δὲ

91 2547 208 2590 καί-περὶ
242 2547 289 2581 τῆς
310 2549 473 2587 ζητουμένης
501 2550 609 2587 ταύτης,
647 2551 778 2590 προσέπος
805 2555 887 2580 ταῦτα
905 2559 911 2567 '

95 2586 211 2636 [Ποσαι
227 2590 254 2619 δὲ
275 2586 397 2632 ἀρχῆθεν
427 2593 567 2623 ἐπισκοπαὶ
594 2595 631 2626 εἷς
659 2586 726 2633 ἷίψος
756 2595 913 2636 ἀνήχθησαν

92 2634 143 2669 ἤδη
156 2636 356 2676 μητροπόλεων,
386 2637 404 2672 ἢ
428 2639 472 2666 καὶ
501 2638 643 2668 ἐπισκοπαὶ
670 2641 707 2672 εἷς
737 2634 912 2680 ἀρχιεπισκο-

958 2194 1075 2230 apertas
1090 2195 1119 2221 et
1134 2195 1248 2222 erectas
1263 2191 1300 2222 ad
1315 2191 1541 2222 auscultandum
1570 2199 1657 2222 aures
1685 2191 1778 2223 habe-

958 2234 1038 2271 bant,
1056 2235 1133 2275 quod
1148 2235 1259 2275 aliquid
1276 2236 1320 2267 rei
1335 2235 1500 2275 splendidae
1515 2244 1548 2266 ac
1573 2235 1721 2275 praeclara
1746 2245 1778 2267 se

956 2279 1107 2310 audituros
1123 2284 1272 2319 putarent.
1291 2279 1400 2311 Verum
1416 2279 1490 2310 nihil
1501 2289 1622 2319 usquam
1635 2284 1698 2311 erat
1707 2280 1776 2318 tale,

955 2324 1007 2354 sed
1024 2334 1123 2355 merus
1138 2324 1257 2355 omnino
1269 2324 1455 2362 tumultus,et
1464 2325 1616 2364 strepitus,
1634 2324 1778 2356 etincita-

957 2373 1004 2399 tus
1018 2369 1186 2400 animorum
1204 2370 1343 2409 impetus,
1374 2374 1403 2400 et
1431 2370 1556 2409 populus
1571 2369 1678 2400 iterum
1696 2379 1779 2401 more

956 2413 1162 2444 bacchantium
1179 2413 1313 2444 furentes
1342 2416 1495 2444 ostentans
1521 2412 1634 2451 oculos,
1657 2418 1686 2444 et
1700 2414 1778 2444 mul-

957 2464 1054 2489 torum
1069 2458 1226 2489 verborum
1243 2467 1297 2489 ceu
1311 2457 1393 2498 prius
1408 2457 1494 2488 etiam
1522 2457 1680 2496 acciderat,
1705 2467 1779 2489 vana

957 2503 1155 2543 consumptio.
1166 2502 1297 2534 Tandem
1310 2507 1375 2543 post
1386 2502 1491 2532 multas
1502 2501 1561 2532 diei
1573 2503 1778 2539 lioras,etsero

950 2549 1012 2589 jam
1029 2557 1165 2588 vespero,
1181 2548 1259 2588 quod
1277 2547 1321 2578 eis
1336 2547 1377 2578 ita
1391 2547 1484 2577 visum
1502 2551 1591 2583 esset,
1608 2547 1722 2587 prolata
1734 2551 1778 2578 est

953 2594 1131 2624 inmedium
1147 2591 1324 2624 venerabilis
1351 2601 1442 2622 aurea
1468 2591 1548 2622 bulla
1572 2591 1778 2622 sacratissima)

955 2638 1118 2680 majestatis
1134 2643 1202 2679 tuae,
1219 2638 1324 2680 majori
1338 2647 1482 2670 concessa
1495 2637 1648 2676 Ecclesiae,
1663 2647 1729 2668 cum
1740 2637 1778 2668 de

753 2723 885 2758 VARLE
904 2723 1127 2759 LECTIONES.

132 2782 163 2809 49
177 2772 224 2812 ουκ
240 2783 424 2823 ὶπισχεθῆναι,
466 2783 498 2810 50
518 2785 585 2818 ἧκον
600 2787 636 2819 εἰς
653 2785 781 2826 δευτέραν.
