1922 3081
185 112 243 146 867

185 179 253 209 aliis
268 178 443 219 quibusdam
460 179 594 210 diversus
620 177 765 219 capitulis,
798 181 858 209 tum
874 177 911 208 de
927 185 1008 217 quae-

185 223 282 255 stione
299 223 449 264 proposita
469 223 671 263 complectens
700 223 764 253 haec
793 222 829 253 ad
856 220 978 252 verbum
997 229 1004 251 :

187 281 200 296 ι
217 268 393 308 Quicunque
409 277 478 299 vero
507 269 694 308 episcopatus
720 267 896 307 jamdudum
914 265 1006 296 evecti

186 312 294 344 suntad
309 312 516 352 melropolium
525 311 745 348 sublimitatem,
759 312 803 342 vel
815 311 839 341 si
855 311 1007 351 episcopa-

183 361 230 388 tus
257 356 294 387 ad
310 356 629 396 archiepiscopatuum,
653 360 702 386 aut
730 355 937 394 metropolium
959 353 1004 383 di-

183 401 324 440 gnitatem
341 400 564 431 ascenderunt:
599 399 760 431 manebunt
785 404 814 431 et
829 399 885 439 ipsi
901 398 1004 429 eadem

181 445 212 476 in
229 444 371 484 dignitate
385 453 419 475 ac
432 444 537 485 gradu,
561 453 616 475 nec
632 453 684 475 eos
698 443 854 484 quisquam
871 443 907 473 ad
926 442 1004 473 infe-

864 111 929 143 JUS
949 109 1171 143 CANONICUM

1021 180 1108 205 Απῶν
1130 176 1148 210 ἢ
1183 175 1373 216 μητροπόλεων
1395 175 1497 213 ἀξίωμα
1525 174 1742 212 ἁνεϐιϐάσθησαν,
1767 174 1869 203 ἔσονται

1048 222 1091 249 καὶ
1106 221 1181 249 αὗται
1204 221 1247 250 ἐπὶ
1261 223 1308 255 τῆς
1326 221 1407 254 αὐτῆς
1443 220 1514 253 ἀξίας
1529 220 1642 248 ἑστῶσαι
1677 220 1721 248 καὶ
1752 220 1867 257 βάσεως,

1048 267 1092 293 καὶ
1106 264 1187 298 οὒδεὶς
1216 266 1312 297 ταύτας
1340 264 1504 295 ὑποϐιϐάσει,
1540 265 1571 293 τὸ
1598 264 1792 302 ἀμετακίνητον
1827 263 1869 290 καὶ

1048 309 1126 338 πάλιν
1141 309 1294 350 ὀφειλούσας
1308 311 1462 346 κεκτῆσθαι,
1500 309 1588 345 ὥσπερ
1615 309 1646 342 δὴ
1677 309 1722 336 καὶ
1744 308 1866 336 τετύπω-

1046 365 1101 391 ται,
1118 356 1162 382 καὶ
1187 355 1325 394 γεγόνασιν
1342 362 1350 369 ·
1368 355 1389 382 εἰ
1418 355 1456 392 μή
1484 365 1535 382 που
1571 354 1694 393 χρονικὸν
1725 352 1807 391 ἴσως,
1829 350 1869 379 καὶ

1047 399 1200 437 προσώποις
1237 399 1414 439 περιγραπτὸν
1442 400 1472 426 τὸ
1498 399 1620 427 τοσοῦτον
1656 396 1802 437 δεδώρηται
1824 408 1867 436 φι-

1047 442 1184 480 λοτίμημα
1199 444 1268 482 παρά
1283 455 1353 475 τινος
1367 442 1508 481 βασιλέως.
1535 453 1547 472 ι

181 490 292 520 riorem
308 489 423 528 rediget
441 490 549 529 locum,
566 489 619 519 sed
636 488 745 520 habere
761 487 910 519 debebunt
934 487 989 518 hoc
1001 487 1063 526 jus,
1087 491 1119 517 ut
1144 487 1277 518 innovari
1299 491 1458 527 nequeant,
1480 485 1730 528 quemadmodum
1748 489 1778 517 et
1793 494 1864 516 san-

183 535 275 565 citum
293 538 337 564 est
353 538 382 564 et
395 533 573 570 obtinuere;
597 533 654 564 nisi
679 533 754 564 forte
778 532 957 563 beneﬁcium
983 531 1129 571 ejusmodi
1153 542 1208 563 ceu
1238 533 1462 573 temporarium,
1480 535 1509 563 et
1523 531 1660 572 personis
1674 530 1865 562 circumscri-

182 583 277 619 ptum,
302 577 338 609 ab
353 578 452 618 aliquo
469 580 512 609 eis
527 578 706 618 imperatore
722 586 894 608 concessum
913 576 961 606 sit.
981 588 992 604 υ

226 624 334 654 Praeter
349 623 426 653 hanc
444 631 513 653 vero
525 631 638 653 sacram
654 622 763 652 bullam
775 630 907 658 auream,
926 620 1000 651 insi-

181 671 304 699 nuatum
320 671 365 697 est
392 667 481 697 etiam
511 666 652 706 scriptum
683 666 848 696 constituta;
862 665 1003 696 divinitus

182 711 344 752 majestatis
359 715 426 751 tuae,
440 712 490 751 jus
518 710 645 741 dicentis
659 719 738 751 inter
752 711 912 741 indicatum
929 709 1002 740 reli-

180 757 295 796 giosum
317 755 576 795 metropolitanum
590 755 722 795 Ancyrae,
736 764 769 785 ac
788 753 1002 785 reverendissi-

180 809 262 831 mum
290 800 516 840 chartularium,
529 803 616 839 atque
627 799 786 830 nonnullos
801 809 817 830 e
834 799 945 838 majore
953 797 1005 829 Dei

179 844 323 882 Ecclesia,
341 844 507 875 decessoris
522 846 613 875 nostri
622 845 719 884 jussu,
729 844 834 874 missos
844 843 880 873 ob
887 851 1003 874 causam

180 889 370 930 propositam,
399 889 477 929 quod
507 888 627 928 quidem
666 888 830 919 secundum
860 888 1004 927 majorem

180 934 344 965 Ecclesiam
360 933 545 974 pronuntiat.

219 982 352 1021 Cumque
364 985 424 1010 tum
437 981 499 1010 haec
511 980 584 1020 ipsa,
598 984 658 1011 tum
672 979 750 1019 longi
759 978 900 1019 temporis
911 977 1003 1008 dura-

179 1025 304 1062 tionem,
322 1025 416 1055 instar
430 1025 555 1064 alicujus
571 1025 621 1055 teli
647 1024 831 1064 objicerent:
858 1022 1004 1062 negabant

182 1069 380 1109 abrogandam
398 1078 459 1100 rem
476 1078 541 1109 quae
566 1072 646 1099 tanto
672 1069 733 1108 jam
751 1068 892 1108 temporis
907 1068 1003 1098 inter-

180 1113 259 1144 vallo
272 1123 307 1144 ex
323 1114 409 1153 longa
424 1113 606 1153 minimeque
630 1112 825 1143 interturl-ata
841 1115 1003 1143 consuetu-

180 1158 250 1189 dine
265 1157 453 1189 obtinuisset.
471 1157 542 1194 Qum
566 1167 633 1188 cum
658 1157 693 1188 ad
712 1157 859 1188 tollendos
873 1164 1003 1187 canones

180 1202 266 1233 nobis
280 1202 357 1233 haud
373 1202 512 1233 sufﬁcere
523 1202 585 1232 visa
599 1201 733 1238 fuissent,
758 1201 873 1242 ipsique
888 1205 1002 1232 metro—

180 1246 303 1287 politani
327 1246 504 1287 permoleste
531 1247 642 1277 ferrent
658 1251 715 1277 tam
731 1246 843 1277 alienas
857 1255 872 1277 a
887 1246 1002 1276 ratione

180 1290 430 1322 contradictiones
445 1291 714 1321 ecclesiasticarum
731 1301 738 1330 ;
756 1299 790 1321 ac
804 1290 932 1321 vicissim
948 1299 1000 1320 ac-

180 1336 345 1366 clamarent
360 1335 566 1376 ecclesiastici,
597 1339 628 1366 et
654 1335 689 1366 ad
706 1345 823 1366 sacrum
841 1335 1001 1375 imperato-

180 1379 257 1410 rium
273 1379 401 1410 tribnnal
419 1385 622 1420 provocarent,
655 1389 709 1410 nec
739 1380 820 1420 prius
835 1389 867 1410 se
882 1389 1000 1410 causam

178 1433 262 1455 suam
274 1428 390 1454 acturos
401 1428 615 1464 asseverarent,
635 1424 691 1454 nisi
706 1424 767 1454 haec
779 1424 917 1463 abrogata
927 1424 1001 1454 fuis-

179 1473 244 1499 sent
263 1478 269 1499 τ
299 1477 443 1508 suspensa
471 1468 568 1499 denuo
586 1468 641 1499 fuit
656 1469 790 1508 quaastio,
807 1473 922 1509 tuaeque
937 1478 1001 1499 ma-

1084 622 1151 661 Ιῐρὸς
1166 625 1204 658 τῷ
1221 621 1329 661 θείῳξδὲ
1357 622 1441 658 τούτῳ
1472 620 1682 662 χρυσοϐουλλίῳ,
1712 618 1866 660 ἐνεφανίσθη

1043 667 1087 694 καὶ
1121 667 1151 694 τὸ
1192 667 1333 704 σημείωμα
1371 671 1417 696 τοῦ
1450 665 1644 706 θεοπροῦλήτου
1670 665 1780 704 κράτους
1811 674 1867 698 σου,
1911 687 1912 706 γ

1045 710 1141 747 μεταξὺ
1164 710 1315 744 δικάσαντος
1345 716 1391 741 τοῦ
1424 722 1452 739 τε
1487 710 1609 749 ῥηθέντος
1638 709 1775 748 Θεοφίλοῦς
1812 719 1867 745 μη-

1047 755 1200 794 τροπολίτου
1228 755 1369 796 Ἀγκύρας,
1417 756 1461 784 καὶ
1495 759 1540 783 τοῦ
1567 753 1761 784 εὖλαϐεστάτου
1798 763 1867 792 χαρ-

1047 799 1203 840 τοφύλακος,
1219 802 1264 829 καί
1287 812 1365 829 τινων
1392 803 1441 834 τῆς
1469 805 1516 829 τοῦ
1542 803 1606 827 Θεοῦ
1628 798 1748 837 μεγάλης
1770 796 1867 829 ἔκκλη-

1047 844 1102 877 clx:
1117 844 1147 873 ἐκ
1174 845 1338 884 προστάξεως
1366 850 1413 875 τοῦ
1447 845 1496 883 πρὸ
1523 845 1599 882 ἡμῶν
1614 843 1646 871 τὰ
1674 845 1722 876 τῆς
1747 841 1866 874 Ἐκκλη-

1046 889 1101 920 aia;
1118 890 1275 925 οἰακίζοντος
1297 889 1496 930 ἐκπεμφθέντων
1525 889 1584 927 περὶ
1612 889 1660 921 τῆς
1690 886 1866 927 προκειμένης

1044 933 1202 975 ὑποθέσεως,
1219 933 1332 963 δικαιοῦν
1354 935 1402 968 τήν
1425 933 1543 973 μεγάλην
1559 932 1730 965 Ἐκκλησίαν,

1087 975 1142 1011 ’Ὡς
1157 991 1181 1008 τι
1216 979 1243 1008 δὲ
1271 980 1353 1008 ὅπλον
1368 978 1579 1019 προϐαλλόμενοι
1594 976 1748 1017 προϐλημα,
1788 978 1866 1004 ταῦτά

1045 1036 1072 1053 τε
1094 1025 1137 1052 καὶ
1152 1025 1197 1052 τὸν
1212 1026 1311 1064 μακρὸν
1334 1024 1441 1064 χρόνον,
1459 1024 1505 1060 μὴρ
1527 1022 1583 1050 δεῖν
1608 1022 1657 1056 τὴν
1684 1022 1728 1049 ἒπὶ
1743 1024 1865 1049 τοσοῦτον

1045 1069 1141 1109 χρόνον
1176 1063 1353 1108 κρατήσασαν
1388 1069 1419 1096 ἐκ
1447 1070 1548 1106 μακρᾶς
1582 1067 1625 1094 καὶ
1654 1063 1865 1105 ἀπαραποδίστου

1044 1108 1179 1146 συνηθείας
1201 1112 1292 1152 πρᾶξιν
1327 1113 1485 1146 eameam
1521 1111 1623 1150 ἓλεγον.
1655 1108 1701 1137 Ὧν
1724 1111 1776 1148 οὔχ
1805 1110 1863 1136 ἱκα-

1043 1161 1094 1185 vim
1128 1159 1196 1195 ἡμῖν
1236 1159 1271 1189 εἷς
1313 1157 1429 1185 κανόνων
1470 1156 1618 1195 καθαίρεσιν
1666 1153 1864 1194 ἂναφανέντων,

1043 1203 1261 1242 άγακακτούντων
1277 1201 1303 1229 δὲ
1325 1204 1376 1229 τῶν
1392 1199 1594 1240 μητροπολιτῶν
1620 1199 1662 1227 ἐπὶ
1677 1205 1738 1230 ταῖς
1775 1198 1864 1226 τοιαύ-

1042 1259 1100 1280 ταις
1115 1247 1224 1286 ἀλόγοις
1251 1250 1303 1275 τῶν
1338 1245 1566 1279 ἐκκλησιαπικῶν
1594 1243 1789 1282 ὰντιῤῥήσεσιν,
1805 1242 1864 1270 ἑπι-

1043 1291 1184 1329 ϐοωμένων
1205 1290 1232 1318 δὲ
1254 1291 1297 1319 καὶ
1312 1294 1364 1318 τῶν
1399 1289 1637 1325 ἒχκλησιαστικῶν,
1667 1288 1710 1315 καὶ
1731 1288 1779 1314 τὸν
1795 1288 1863 1315 θεῖον

1042 1337 1178 1376 βασιλικὸν
1212 1335 1425 1373 ἐπικαλουμένων
1466 1334 1552 1372 βῆμα,
1589 1334 1633 1360 καὶ
1668 1332 1706 1369 μὴ
1737 1333 1864 1371 πρότερον

1043 1381 1258 1421 ἀπολογήσασθαι
1286 1379 1490 1418 βεβαιουμένων,
1527 1379 1548 1405 εὶ
1578 1378 1617 1415 μὴ
1646 1377 1728 1405 ταῦτα
1765 1377 1862 1409 ἇθετη-

1042 1429 1123 1464 θεῖεν,
1140 1425 1300 1464 μετεωρίσθη
1335 1424 1413 1452 πάλιν
1443 1424 1476 1451 τὰ
1504 1425 1553 1456 τῆς
1581 1422 1743 1464 ζητήσεως,Δ
1769 1422 1864 1464 καὶ

1043 1472 1089 1505 τῆς
1171 1460 1376 1509 μεγαλειότητος
1401 1467 1517 1500 ἐξενάσει
1547 1466 1698 1505 ἒταμιεύθη,
1737 1460 1806 1493 "iv:
1839 1463 1863 1491 δὲ

1018 827 1036 851 Β

175 1512 292 1552 jestatis
307 1513 436 1544 examini
448 1517 607 1544 reservata.
620 1512 656 1544 Ut
666 1517 763 1543 autem
789 1522 873 1544 sacra
885 1522 1001 1553 quoque

1085 1516 1131 1543 ,ca
1147 1514 1220 1553 ἅγιόν
1253 1524 1300 1542 σου
1327 1513 1422 1552 κράτος
1450 1515 1516 1551 γνῷ,
1552 1512 1590 1542 ὡς
1621 1511 1651 1539 ἐκ
1679 1510 1705 1538 ἐν
1741 1509 1864 1549 παρέργῳ

178 1558 317 1597 majestas
334 1564 383 1588 tua
398 1561 566 1597 cognoscat,
598 1567 656 1588 non
686 1557 722 1588 ob
739 1558 851 1588 nullum
869 1559 996 1597 pretium

177 1611 274 1641 opera.1
287 1601 372 1632 nobis
383 1602 440 1632 hoc
450 1603 548 1632 datum
564 1602 654 1632 fuisse
667 1601 849 1639 mandatum,
867 1611 920 1632 nec
931 1601 995 1632 obi~

176 1650 221 1677 ter
235 1651 282 1677 aut
306 1646 490 1686 negligenter
505 1650 670 1683 tractatum,
701 1646 795 1676 visum
823 1651 867 1677 est
883 1647 998 1677 medio-

178 1691 273 1721 critati
289 1695 409 1731 nostra},
427 1700 546 1722 omnem
557 1691 663 1721 librum
675 1700 792 1721 sacrum
808 1691 841 1729 (si
857 1691 922 1722 ﬁeri
935 1700 999 1731 pos-

176 1736 232 1776 set)
245 1736 391 1776 evolvere,
404 1745 563 1776 sacrosque
578 1744 710 1766 canones
721 1737 872 1767 universos
882 1735 1001 1767 curiose

177 1780 364 1820 perquirere.
379 1780 475 1820 deque
491 1780 536 1810 his
559 1781 634 1820 ejus,
661 1789 720 1820 quo
736 1780 772 1811 de
788 1781 891 1820 rgitur,
909 1781 998 1811 intel-

176 1824 327 1863 ligentiam
355 1825 519 1865 percipere,
545 1829 667 1865 postque
696 1825 893 1864 cognitionem
911 1825 996 1863 hanc,

175 1868 285 1908 scripto
303 1869 445 1899 exhibere
461 1869 535 1899 divae
552 1869 702 1908 majestati
730 1874 787 1900 ture
802 1879 867 1910 quae
882 1869 999 1900 inventa

175 1917 286 1944 essent.
305 1912 375 1948 Quae
393 1922 464 1943 sane
481 1914 650 1944 recensenti
662 1923 678 1944 a
695 1914 841 1954 principio
857 1914 892 1944 ad
909 1914 997 1945 ﬁnem

172 1966 335 1998 usque.....
352 1961 421 1988 utet
432 1958 578 1996 singuluis
591 1962 620 1989 et
630 1958 824 1998 particulatim
839 1958 999 1999 propositis

169 2001 290 2041 juribus
320 2003 463 2042 cujusque
493 2002 583 2041 partis
611 2002 754 2033 instructa
786 2006 835 2033 tua
860 2003 998 2042 majestas

174 2046 342 2086 aequissima
358 2050 386 2077 et
401 2046 582 2086 incorrupta,
610 2052 689 2077 certo
703 2051 861 2087 cognoscat
876 2048 997 2087 religio-

172 2098 221 2120 sos
237 2090 492 2129 metropolitanos,
509 2091 559 2131 qui
575 2091 612 2122 de
627 2091 673 2121 his
689 2091 815 2130 litigant,
828 2101 885 2122 non
899 2093 937 2123 de
948 2101 998 2123 re-

172 2133 228 2164 bus
243 2134 354 2174 iniquis
369 2135 564 2166 contendere.
581 2135 770 2176 Quapropter
788 2136 868 2173 audi,
884 2146 994 2176 quaeso,

170 2178 363 2209 serenissime
377 2178 551 2219 imperator.
569 2179 642 2216 Qum
659 2179 743 2210 mulli
757 2189 887 2211 canones
898 2181 996 2211 inme-

170 2221 251 2252 dium
268 2222 349 2253 allati
381 2223 505 2254 fuissent
535 2224 681 2264 mullique
702 2223 770 2254 libri
799 2224 874 2255 sacri
890 2233 995 2265 reper-

173 2271 232 2298 tum
249 2276 284 2298 ex
301 2267 344 2298 eis
359 2272 414 2308 est,
442 2268 484 2298 uti
511 2268 653 2308 deinceps
681 2268 871 2306 indicabitur,
889 2270 997 2300 multos

170 2320 270 2342 sacros
285 2321 319 2342 ac
335 2312 451 2344 divinos
467 2322 608 2351 canones,
624 2313 761 2354 legesque
772 2313 882 2350 civiles,
896 2318 997 2345 etacta

169 2360 338 2387 sanctarum
355 2357 566 2388 universalium
582 2357 760 2397 synodorum
775 2362 884 2395 vetare,
904 2367 941 2389 ne
956 2358 992 2388 ad

169 2401 377 2441 metropolium
390 2401 600 2432 sublimitatem
608 2402 795 2442 episcopatus
806 2403 968 2433 evehantur
983 2411 990 2434 :

167 2453 234 2475 cum
247 2446 384 2476 ordinem
396 2446 521 2485 singulis
532 2446 711 2487 modumpue
723 2450 862 2487 statuant,
874 2456 928 2478 nec
941 2447 993 2478 ulli

164 2497 264 2520 rerum
282 2491 357 2521 lines
374 2491 534 2528 transilire,
547 2491 737 2531 velappetere
744 2502 803 2522 non
811 2491 993 2522 convenien-

167 2533 218 2574 tia,
249 2535 431 2574 permittant.
461 2535 557 2576 Atque
586 2535 628 2565 uti
652 2536 775 2567 minime
801 2536 992 2576 producentis

166 2579 306 2610 omnibns
318 2580 483 2610 orationem
499 2580 690 2620 prolixiorem
702 2581 825 2617 facie-ns,
840 2581 932 2612 sacris
943 2591 979 2612 au

164 2623 247 2654 ribus
260 2624 316 2655 tuis
330 2625 472 2656 molestus
482 2625 551 2663 sim,
564 2625 669 2656 saltem
682 2625 804 2665 prolatis
815 2626 846 2656 in
862 2626 992 2657 medium

166 2668 288 2708 majoris
300 2671 441 2700 momenti
456 2670 621 2702 canonibus
632 2673 662 2700 et
674 2679 708 2701 ex
721 2670 828 2711 quibus
839 2671 912 2701 solis
927 2671 993 2702 elu-

165 2716 287 2745 cescere
302 2713 414 2746 veritas
425 2713 545 2755 poterit,
562 2718 686 2746 caeteros
703 2715 847 2746 omittam.
862 2717 933 2747 Cum
947 2726 994 2757 pa-

163 2757 294 2790 triarcha
309 2758 430 2799 quidam
447 2759 657 2791 Antiochenus
681 2760 752 2791 olim
777 2760 993 2794 ordinationem

1037 1564 1104 1599 ἡμῖν
1132 1560 1208 1593 ἐδόθη
1241 1570 1273 1587 τα
1314 1561 1362 1592 τῆς
1401 1556 1577 1597 προστάξεως,
1627 1555 1684 1584 οὐδὲ
1725 1555 1863 1594 παρέργως

1038 1608 1056 1641 ἢ
1072 1605 1177 1644 ἀμελῶς
1201 1603 1341 1640 ἐξητάσθη,
1378 1601 1433 1630 δεῖν
1470 1601 1538 1641 ἔγνω
1571 1602 1589 1635 ἡ
1615 1600 1758 1640 μετριότης
1787 1602 1862 1637 ἡμῶν

1039 1655 1126 1680 πᾶσαν
1155 1649 1226 1688 ἱερὰν
1253 1646 1342 1686 βιϐλον
1365 1648 1395 1683 (εἰ
1424 1646 1483 1675 οἶόν
1517 1647 1559 1683 τε)
1585 1644 1795 1683 ἆνατιτυξασθαι,
1823 1644 1863 1670 καὶ

1041 1696 1126 1724 πάντα
1141 1696 1213 1722 θεῖον
1247 1692 1344 1720 κανόνα
1372 1690 1638 1730 πολυπραγμονῆσαι,
1672 1690 1716 1718 καὶ
1741 1688 1769 1721 ἐξ
1781 1689 1864 1717 αὐτῶν

1041 1739 1134 1769 λαϐεῖν
1149 1741 1194 1766 τοῦ
1208 1735 1368 1774 ζητουμένου
1385 1735 1536 1772 κατάληψιν
1551 1743 1558 1750 ⁸
1595 1736 1634 1763 κεὶ
1656 1735 1723 1772 μετὰ
1752 1735 1861 1772 γνῶσιν,

1040 1785 1177 1825 γράμματι
1205 1783 1372 1820 παραστῆσαι
1400 1783 1437 1817 τῷ
1480 1779 1609 1816 θεσπεσίῳ
1632 1779 1722 1818 κράτει
1751 1788 1801 1806 σου
1833 1777 1863 1804 τὰ

1040 1819 1173 1867 έύρεθέντα
1209 1819 1296 1854 πᾶσιν.
1328 1819 1419 1863 1Ἀτιερ
1447 1824 1575 1856 ἐπεξιόντι
1602 1830 1661 1855 τοῖς
1696 1822 1743 1850 ἀπ’
1776 1823 1863 1861 ἀρχῆς

1041 1874 1120 1914 μέχρι
1136 1871 1293 1902 τέλους.....
1310 1869 1381 1902 ὅπως
1397 1869 1449 1897 ἀπὸ
1463 1872 1516 1897 τῶν
1546 1869 1695 1897 καθέκαστα
1723 1868 1768 1895 καὶ
1798 1867 1863 1894 κατᾶ

1040 1910 1117 1958 μέρἓ
1132 1915 1314 1954 δικαιολογίων
1329 1914 1450 1958 ἐλάττου,
1467 1916 1520 1942 τῶν
1544 1917 1631 1958 μερῷν
1658 1911 1775 1941 λαϐοῦσι
1791 1910 1863 1958 εἴλδη,

1040 1956 1112 1996 σιν-ἡ
1149 1960 1301 1992 δικαιοτάτη
1329 1959 1371 1986 καὶ
1407 1957 1522 1997 ἆρῤεπής
1548 1957 1669 1996 βασιλεία
1697 1968 1755 1995 σου,
1786 1956 1861 1994 μάθοι
1911 1976 1912 1991 1

1039 2008 1082 2035 καὶ
1103 2005 1281 2045 πληροφορίαν
1303 2001 1389 2042 λάϐοι,
1406 2003 1442 2035 ὡς
1464 2003 1510 2030 οὒκ
1544 2001 1586 2030 ἐπ’
1622 2001 1723 2033 ἀδίκοις
1753 2002 1777 2029 οἱ
1805 2000 1861 2039 περὶ

1039 2052 1139 2079 τούτων
1168 2050 1319 2087 μαγόμενοι
1349 2046 1481 2087 θεοφιλεῖς
1519 2045 1714 2086 μητροπολῖται
1743 2045 1860 2085 φιλονει-

1040 2099 1139 2125 κοῦσιν,
1171 2094 1268 2123 Οὔκοῦν
1298 2093 1341 2120 καὶ
1384 2091 1506 2127 ἄκουσον,
1539 2091 1705 2130 γαληνότατε
1740 2089 1859 2128 βασιλεῦ,

1042 2139 1150 2168 Πολλῶν
1164 2140 1282 2166 κανόνων
1311 2137 1345 2169 εἰς
1367 2136 1447 2174 μέσον
1476 2136 1601 2164 τεθέντων
1628 2136 1671 2164 καὶ
1706 2137 1784 2174 ἱερῶν
1818 2133 1859 2162 ει-

1039 2183 1121 2221 ϐλῷν,
1139 2182 1228 2223 εὑρέθη
1259 2181 1289 2209 ἐκ
1303 2181 1415 2218 τούτων,
1446 2182 1481 2212 ὡς
1498 2180 1558 2214 ἑξῆς
1593 2179 1789 2219 δηλωθήσεται,
1825 2180 1860 2209 ὡς

1036 2230 1067 2257 τὸ
1088 2229 1134 2259 τὰς
1151 2227 1295 2258 ἐπισκοπὰς
1324 2227 1359 2258 εἷς
1395 2225 1586 2265 μητροπόλεων
1613 2225 1679 2262 ὕψος
1707 2224 1858 2263 ἀνάγεσθαι,

1037 2273 1130 2302 πολλοὶ
1166 2273 1210 2300 καὶ
1237 2272 1300 2310 ἱεροὶ
1327 2271 1371 2298 καὶ
1398 2272 1466 2298 θεῖοι
1493 2271 1616 2306 κανόνες,
1657 2271 1701 2298 καὶ
1730 2269 1859 2298 πολιτικοί

1038 2317 1186 2356 νόμοιλκαὶ
1211 2315 1317 2355 πράξεις
1352 2314 1498 2343 καθολικῶν
1542 2315 1624 2354 ἆγίων
1655 2313 1769 2343 συνόδων
1811 2326 1860 2342 κω-

1035 2362 1133 2399 λύουσι,
1158 2361 1228 2394 τάξιν
1246 2360 1349 2397 ἑκάστῳ
1370 2361 1414 2388 καὶ
1437 2360 1520 2388 τόπον
1555 2360 1725 2397 ἒπιτιθέντες,
1749 2360 1793 2388 καὶ
1822 2361 1857 2397 μὴ

1034 2407 1119 2443 πηδῷ
1143 2406 1276 2445 ὑπερόρια,
1302 2403 1364 2443 μηδ’
1393 2405 1508 2445 ἐφίεσθαι
1535 2405 1722 2444 επιτρέπονττς
1742 2409 1796 2432 τῶν
1829 2405 1856 2432 οὖ

1034 2451 1233 2491 προσηκόντων.
1253 2450 1301 2478 Καὶ
1316 2449 1361 2478 ἴνα
1377 2450 1415 2487 μὴ
1445 2450 1569 2487 μηκύνων
1604 2453 1637 2488 τῇ
1665 2453 1717 2478 τῶν
1754 2449 1856 2477 πάντων

1034 2499 1195 2536 παραγωγῇ,
1231 2501 1292 2526 ταῖς
1314 2500 1376 2525 τατς
1411 2495 1496 2533 ἁγίαις
1523 2493 1629 2534 ἐνοχλῶ
1678 2495 1784 2532 ἀκοαῖς,
1800 2495 1855 2526 τοὺς

1033 2540 1219 2581 καιριωτέρους
1243 2539 1345 2578 προθεὶς
1372 2539 1408 2570 εἰς
1446 2539 1538 2577 μέσον,
1574 2540 1618 2567 καὶ
1646 2538 1673 2566 ἐν
1707 2540 1745 2567 ὤν
1780 2539 1855 2577 μόνον

1034 2585 1141 2614 δυνατόν
1157 2584 1211 2612 ἐστι
1236 2583 1286 2617 τὴν
1321 2582 1445 2617 ἀλήθειαν
1472 2583 1647 2623 ἀναφανῆναι,
1678 2583 1737 2616 τοὺς
1766 2583 1856 2618 ἄλλους

1034 2629 1239 2667 καταλιμπάνω,
1272 2627 1440 2667 Πατριάρχου
1474 2628 1524 2667 γάρ
1565 2639 1634 2660 τινος
1680 2627 1854 2669 Ἀντιοχείας,

1035 2679 1088 2704 τῶν
1123 2673 1151 2702 ἔν
1181 2674 1276 2712 Κύπρῳ
1304 2671 1471 2705 Ἐκκλησιῶν
1500 2675 1550 2706 τῆς
1577 2673 1743 2713 χειροτονίας
1776 2672 1854 2702 πάλαι

1035 2718 1226 2759 ἀντεχομένου.
1241 2717 1285 2745 καὶ
1312 2717 1448 2752 ζητήσεως
1476 2719 1537 2757 περὶ
1556 2718 1651 2747 τούτου
1671 2717 1699 2746 ἐν
1734 2722 1768 2756 τῇ
1797 2718 1854 2756 ἁγίᾳ

1036 2766 1079 2794 καὶ
1106 2763 1232 2801 καθολικῇ
1260 2763 1334 2802 τρίτῇ
1370 2761 1468 2798 συνόδῳ
1513 2762 1670 2803 γενομένης,
1727 2763 1853 2803 ἀπόφασις
