1922 3081
190 143 249 175 875
883 143 899 174 ,Ι
904 143 949 174 US
969 142 1014 173 CA

1100 140 1194 173 [CUM
1825 137 1880 169 876

194 221 206 237 α
224 210 269 240 vel
285 210 363 242 aliud
380 210 540 251 quodpiam
567 210 753 251 privilegium
791 209 906 251 adimit,
929 209 1014 240 etiam

1098 207 1209 246 δίκαιον,
1226 208 1244 242 ἢ
1260 208 1346 247 ἕτερόν
1361 219 1386 235 τι
1408 206 1564 247 προνόμιον,
1587 206 1636 251 κᾷν
1661 205 1714 234 ἀπὸ
1743 205 1879 244 βασιλικῆς

193 266 206 281 σ
223 250 413 294 imperatorio
425 250 602 294 permissum
612 253 733 284 infamia
743 250 1014 285 notathaacconsti-

1098 252 1252 292 ἐπιτρρτιῆς,
1275 253 1369 290 ἀτιμοῖ
1383 253 1426 281 καὶ
1441 251 1549 290 δημεύει
1570 252 1587 286 ἡ
1603 250 1729 289 διάταξις,
1753 251 1879 291 ἂκυροῦσα

195 310 205 326 ι
225 299 311 336 tutio,
329 298 535 339 bonorumque
558 298 759 339 publicatione
787 299 902 336 multat,
918 299 1014 338 ipsum

1098 298 1140 325 καὶ
1154 298 1204 331 τὴν
1217 297 1383 337 ἐγχείρησιν,
1402 309 1416 324 n

195 354 208 370 α
228 343 468 374 etiam~conatum
487 342 671 382 improbans.
690 355 703 370 η

230 387 346 428 Excipit
371 391 469 419 autem
506 381 577 418 sitas
609 389 638 418 in
657 387 777 428 Scythia
793 387 959 428 provincias
988 392 1014 419 et

1099 381 1247 425 ’Υπεξαιρεῖ
1261 385 1287 414 δὲ
1302 387 1346 414 καὶ
1360 387 1408 428 τὰς
1416 386 1455 428 λέν
1476 386 1572 422 Σκυθίᾳ
1586 385 1728 425 ἐπαρχίας,
1745 386 1789 413 καὶ
1805 388 1879 413 Λεον-

191 425 397 472 Leontopolim
420 432 550 462 Isauriae.
571 433 627 462 Lex
650 425 720 463 item
739 425 833 463 exstat
847 432 915 471 alia,
932 431 1014 472 cujus

1098 429 1164 458 τολιν
1180 433 1229 464 τῆς
1245 431 1383 470 Ἰσαυρίας,
1403 425 1483 460 ’Ἐστι
1498 430 1584 463 δὲκαὶ
1595 430 1682 470 ἕτερος
1705 430 1796 468 νόμος,
1815 428 1878 458 05:19

189 477 253 507 hac
268 476 360 508 verba
375 481 443 508 sunt
461 487 468 506 :

234 533 243 549 ι
265 521 365 551 Firma
381 521 440 551 sint
458 520 661 552 ecclesiastica
677 520 831 560 privilegia
846 521 1013 552 universa.)

230 566 365 606 Itemque
375 574 478 596 rursus
488 565 556 596 alia.

236 623 249 638 α
268 609 373 641 Sacros
390 619 520 640 canones
539 618 597 640 non
614 609 723 648 minus,
742 619 830 650 quam
843 610 922 650 ipsas
937 610 1016 649 leges

194 667 207 682 α
223 654 418 694 valere,leges
432 654 546 685 volunt.
559 654 594 684 Et
606 654 684 694 quod
701 664 830 685 canones
842 653 1012 695 prohibent,

193 711 206 726 α
224 699 254 729 id
267 699 355 729 etiam
372 698 532 739 prohibent
548 698 638 738 leges.
659 710 669 726 ι

227 743 263 773 Et
278 743 341 773 haec
356 742 477 783 quidem
507 742 656 773 sufﬁciunt
677 743 712 773 ad
739 742 937 782 probandum,
955 752 1014 774 non

191 787 267 818 duos
282 787 527 827 metropolitanos
538 787 568 818 in
577 796 706 818 unaesse
717 787 932 828 provincia,sed
940 791 1014 818 tem-

189 841 260 872 pore
276 832 552 872 priorem,itemque
566 832 627 871 jam
645 838 746 871 pactos
759 831 1012 872 metropolitanos,

187 877 302 907 honore
317 876 457 906 duntaxat
472 876 538 907 aliis
554 875 703 916 episcopis
721 880 872 916 prmstare,
890 881 1014 907 caeteros

190 921 240 960 qui
256 921 389 951 subditos
415 921 454 961 ei,
483 921 532 961 qui
560 929 664 960 reapse
689 921 935 960 metropolitanus
948 924 1010 955 est;

189 965 331 1006 deinceps
349 975 429 1003 vero,
447 975 516 996 cum
530 965 594 1005 ipse
610 965 654 995 rei
668 969 791 996 conatus
805 965 891 995 etiam
909 965 1012 1005 prohi-

190 1009 482 1050 beatur,episcopum
499 1009 529 1040 id
546 1018 649 1040 ausum
665 1009 775 1049 facere,
786 1009 877 1048 gradu
890 1019 943 1039 suo
957 1009 1012 1039 de-

186 1053 239 1094 jici
257 1064 263 1084 :
281 1054 393 1084 nullum
412 1053 540 1093 denique
556 1054 744 1094 privilegium
761 1063 795 1084 ex
808 1054 1014 1094 iis,qua:prius

187 1098 276 1129 alicui
292 1097 704 1138 adhaeseruntepiscopatui,a
720 1108 866 1138 quoquam
876 1098 1012 1128 adimen-

188 1143 270 1174 dum.
283 1142 365 1178 Quod
381 1146 479 1173 autem
504 1152 563 1173 non
577 1143 620 1172 fas
635 1143 673 1172 sit
688 1152 733 1180 ea,
751 1152 814 1182 quze
830 1146 1014 1173 concernunt

187 1189 353 1228 episcopos,
367 1188 532 1218 secundum
549 1197 665 1218 sacram
682 1188 864 1218 sanctionem
875 1196 1012 1228 pragma-

189 1232 276 1264 ticam
293 1232 470 1272 procedere,
489 1232 541 1263 sed
555 1233 638 1272 juxta
663 1231 783 1263 Patrum
800 1231 942 1263 duntaxat
958 1232 1012 1262 de-

187 1277 421 1313 terminationes,
458 1286 532 1316 quos
561 1280 590 1306 et
621 1285 751 1307 canones
780 1276 952 1307 vocantzid
978 1285 1012 1307 ex

186 1321 454 1360 aliasanctaehujus
466 1321 646 1351 universalis
656 1324 766 1360 quarta:
778 1321 883 1360 synodi
897 1321 1013 1352 actione

187 1365 299 1406 percipi
317 1366 499 1405 potest.Nam
512 1374 578 1395 cum
589 1364 692 1395 civitas
702 1364 825 1404 Berytus
842 1363 1014 1404 metropoli-

185 1410 276 1440 ticum
303 1414 353 1449 jus
379 1409 567 1448 impetrasset
594 1409 629 1439 ab
657 1418 692 1439 eo
730 1408 899 1440 Theodosio
929 1408 1012 1448 prin-

185 1454 250 1494 cipe
263 1454 314 1493 (24
328 1453 449 1493 95),qui
461 1453 495 1483 ad
513 1452 676 1483 discrimen
688 1452 769 1483 illius
779 1452 1014 1492 majoris,minor

1057 472 1157 507 διεξιών
1175 483 1183 492 ⁸

1100 528 1112 545 ιι
1132 517 1295 547 Βεϐαιούσθω
1308 519 1342 547 τὰ
1363 518 1569 553 ἐκκλησιαστικᾰ
1590 519 1675 547 πάντα
1703 518 1844 558 προνόμια.
1863 530 1874 547 ι

1098 563 1146 592 Καὶ
1161 562 1241 592 πάλιν
1255 563 1348 596 ἄλλος.

1100 620 1112 634 α
1132 607 1195 640 Τοὺς
1209 609 1292 640 θείους
1305 609 1417 641 κανόνας
1428 610 1476 638 οὐκ
1486 608 1594 638 ἔλαττον
1602 611 1655 636 τῶν
1666 608 1754 646 νόμων
1765 608 1876 648 ἰσχύειν,

1059 662 1074 682 ε
1096 654 1118 681 οἱ
1141 653 1216 690 νόμοι
1230 653 1379 691 βούλονται,
1404 655 1452 683 Καὶ
1480 653 1544 694 ὅπερ
1566 656 1589 682 οἱ
1613 653 1720 685 κανόνες
1735 652 1878 689 κωλύουσι,

1058 708 1071 726 ι
1096 697 1173 726 τοῦτο
1187 698 1231 725 καὶ
1247 699 1270 726 οἱ
1292 698 1380 736 νόμοι.
1403 709 1414 727 ι

1095 743 1144 771 Καὶ
1171 747 1252 771 ταῦτα
1281 754 1328 780 μεν
1357 743 1466 784 ἀπόχρη
1495 744 1560 783 πρὸς
1586 743 1617 770 τὸ
1646 742 1743 780 δεῖξαι,
1777 743 1809 770 οὗ
1838 741 1879 769 δύο

1056 785 1251 826 μητροπολίτας
1275 787 1346 815 εἶναι
1375 788 1402 815 ἐν
1430 791 1479 826 μιᾷ
1504 787 1633 828 ἐπαρχίᾳ,
1665 786 1735 815 ἀλλὰ
1763 787 1810 815 τὸν
1835 786 1878 826 ἅρ-

1055 831 1207 869 γαιότερον.
1225 833 1273 860 Καὶ
1288 833 1329 868 τὸ,
1346 832 1405 864 τοὺς
1421 832 1568 872 φθάσαντας
1597 831 1726 871 γενὲτθαι,
1752 834 1788 869 τῇ
1817 835 1881 869 τιμῇ

1056 874 1136 912 μόνον
1149 877 1202 902 τῶν
1217 874 1304 903 ἄλλων
1319 876 1470 904 ἐπισκόπων
1497 876 1635 916 ὑπερέχειν
1653 885 1661 892 ·
1690 875 1883 913 ὑποκειμένους

1056 919 1176 957 μέντοιγε
1197 923 1235 956 τῷ
1261 921 1328 949 κατὰ
1349 920 1474 955 ἀλήθειαν
1496 920 1678 960 μητροπολίτῃ
1697 930 1704 937 ·
1728 921 1766 952 εἷς
1788 920 1882 953 τοεΞῆς

1055 962 1082 991 δὲ
1098 965 1141 991 καὶ
1156 964 1237 998 αύτῆς
1261 968 1310 998 τῆς
1340 965 1522 1005 ἐγχειρήσεως
1550 964 1732 1003 κωλυομένης,
1763 966 1809 993 καὶ
1838 966 1882 992 τὸν

1054 1013 1132 1037 τοῦτο
1179 1007 1350 1046 τολμήσαντα
1390 1011 1501 1043 ποιῆσαι
1545 1009 1697 1046 ἐπίσκοπον,
1749 1009 1882 1038 ἔκπτωσιν

1054 1054 1169 1093 πάσχειν
1191 1053 1236 1081 τοῦ
1252 1055 1348 1083 οἰκείου
1369 1055 1471 1093 βαθμοῦ
1489 1064 1496 1071 ·
1523 1056 1613 1083 καὶτὸ
1635 1053 1718 1092 μηδὲν
1745 1056 1798 1082 τῶν
1813 1057 1882 1094 φθα-

1055 1098 1156 1126 σάντων
1207 1101 1391 1138 πρωπαγῆναι
1442 1099 1576 1137 ἐπισκοπῇ
1623 1111 1673 1128 τινι
1715 1100 1879 1139 προνομίων,

1055 1142 1220 1182 ἀφαιρεῖσθαι
1243 1142 1304 1182 παρ’
1333 1142 1503 1179 οἱουδήτινος.
1526 1143 1587 1172 "Ott
1619 1143 1646 1172 δὲ
1668 1147 1697 1173 οὗ
1724 1145 1794 1172 κατὰ
1808 1155 1879 1183 πρα-

1054 1187 1183 1225 γματικὸν
1200 1189 1272 1216 θεῖον
1287 1187 1369 1220 ἔξεστι
1385 1189 1465 1216 τύπον
1487 1189 1520 1216 τὰ
1546 1192 1598 1217 τῶν
1627 1189 1780 1217 ἐπισκόπων
1809 1199 1881 1226 προ-

1054 1229 1163 1267 ϐαίνειν,
1191 1232 1260 1260 κατὰ
1287 1233 1382 1269 μόνους
1403 1232 1430 1260 δὲ
1457 1233 1518 1265 τοὺς
1541 1234 1685 1272 Πατρικοὺς
1714 1233 1802 1273 ὅρους,
1819 1234 1880 1264 τούς

1053 1276 1098 1304 καὶ
1118 1278 1242 1316 κανόνας,
1258 1276 1284 1310 ἐξ
1313 1277 1401 1317 ἐειέρας
1429 1277 1547 1317 πράξεως
1569 1281 1618 1312 τῆς
1648 1279 1772 1311 τοιαύτης
1802 1278 1880 1316 ἁγίας

1053 1321 1238 1358 οἰκουμενικῆς
1272 1322 1400 1361 τετάρτης
1429 1321 1535 1350 συνόδου
1565 1324 1728 1360 καταμαθεῖν
1758 1321 1880 1353 δυνατόν,

1054 1367 1107 1397 τῆς
1132 1365 1180 1404 γὰρ
1204 1365 1306 1398 πόλεως
1338 1370 1465 1406 Βηρυτοῦ,
1489 1366 1679 1406 μητροπόλεως
1709 1365 1809 1395 δίκαιον
1842 1368 1882 1394 εἱ·

1053 1408 1164 1449 ληφυίας
1194 1410 1264 1450 παρὰ
1306 1409 1444 1440 Θεοδοσίου
1476 1415 1522 1439 τοῦ
1556 1411 1698 1451 βασιλέως,
1731 1414 1777 1439 τοῦ
1815 1412 1882 1450 πρὸς

1053 1453 1252 1488 ἆντιδιαστολὴν
1279 1458 1326 1482 τοῦ
1354 1455 1481 1494 μεγάλου,
1511 1454 1656 1494 λεγομένου
1688 1459 1797 1495 μικροῦ.
1829 1456 1885 1484 Εὗ-

187 1498 307 1535 dicitur,
324 1497 577 1536 Eustathius,ejus
592 1496 676 1528 urbis
692 1497 862 1536 episcopus,
877 1496 926 1527 illa
941 1505 1013 1527 con-

1098 1498 1159 1530 ἱθιος
1181 1500 1195 1526 ὁ
1216 1499 1315 1532 ταύτης
1341 1500 1390 1532 τῆς
1412 1499 1516 1529 πόλεω)
1542 1501 1686 1532 ὲπίσκοπος
1714 1503 1752 1537 τῷ
1766 1501 1885 1536 τοιούτῳ

189 1542 326 1574 sessione
343 1541 552 1581 metropolitici
565 1542 642 1580 juris
657 1541 763 1577 elatus,
782 1540 922 1571 adversus
934 1541 1013 1571 Pho—

190 1587 262 1618 tium
280 1586 541 1626 metropolitanum
557 1585 636 1626 Tyri,
648 1595 714 1626 quae
724 1585 894 1616 Phornicum
906 1590 1015 1616 metro-

189 1631 264 1672 polis
290 1635 344 1669 est,
372 1630 533 1661 insurrexit
550 1640 556 1660 :
575 1639 703 1669 cumque
728 1630 802 1659 duos
828 1629 970 1670 quosdam
988 1631 1013 1661 ei

187 1675 336 1715 subjecios
352 1675 521 1715 episcopos,
540 1675 628 1705 veluti
658 1674 903 1713 metropolitanus
919 1674 1014 1713 depo-

187 1721 305 1760 suisset,
320 1724 349 1750 et
363 1719 399 1750 ad
429 1719 668 1759 presbyterorum
684 1718 810 1759 gradum
827 1718 1013 1756 detrusisset,

187 1765 261 1795 alios
277 1763 434 1795 ordinavit.
451 1763 535 1799 Quod
564 1763 688 1793 minime
712 1763 811 1793 ferens
827 1763 962 1800 Photius,
980 1764 1016 1794 ad

191 1814 324 1840 sanctam
354 1808 497 1848 synodum
528 1817 594 1838 sese
617 1807 751 1838 contulit.
783 1809 826 1837 Ac
849 1807 899 1838 lite
926 1811 1014 1844 mota,

187 1853 366 1884 sententiam
383 1852 548 1883 secundum
566 1861 598 1882 se
614 1852 835 1891 pronuntiatam
854 1851 930 1888 tulit,
949 1861 1016 1882 cum

188 1898 263 1928 nihil
280 1897 433 1928 Eustathio
447 1896 602 1936 Berytensi
613 1896 865 1936 profuisset,quod
883 1897 1013 1935 impera-

188 1943 272 1973 toriis
288 1952 319 1973 se
332 1941 438 1972 litteris
468 1941 614 1971 munitum
630 1940 754 1977 diceret,
786 1949 851 1980 quae
877 1940 933 1970 sibi
960 1950 1013 1980 po-

189 1990 324 2017 testatem
342 1986 406 2026 ejus
431 1985 476 2016 rei
505 1985 648 2015 facerent.
667 1984 730 2015 Non
748 1985 828 2015 enim
844 1984 1015 2016 attendebat

186 2031 223 2062 iis
230 2031 440 2071 synodus,quae
451 2028 487 2059 ab
499 2029 562 2069 ipso
574 2029 762 2066 dicebantur;
774 2030 827 2059 sed
838 2029 868 2059 in
878 2029 1014 2061 examine

189 2084 367 2113 causa),cum
385 2073 538 2114 praesides,
556 2073 698 2113 synodum
714 2074 796 2113 prius
805 2073 1015 2105 disertishisce

187 2119 287 2150 verbis
304 2119 536 2158 interrogassent
553 2127 560 2149 ί
582 2117 802 2148 oPlacuitorbis
814 2118 1015 2149 sacratissimo

191 2177 204 2192 α
223 2164 398 2204 domino,ne
415 2164 580 2201 secundum
597 2172 696 2193 sacras
713 2162 865 2203 epistolas,
878 2167 928 2193 aut
945 2172 1016 2193 san-
1027 2183 1049 2209 Β

191 2220 204 2240 ε
224 2209 339 2240 ctiones
350 2208 772 2249 pragmaticas,episcoporum
789 2208 905 2247 negotia
915 2217 1018 2248 proce-

192 2265 203 2282 α
224 2253 363 2291 dant,sed
373 2253 456 2292 juxta
465 2254 583 2283 Patrum
595 2261 735 2282 canones.
750 2251 910 2292 Dicatergo
918 2257 1018 2284 sancta

193 2309 207 2328 α
225 2298 406 2338 synodus,an
413 2297 455 2328 fas
463 2297 547 2333 sit,ut
558 2306 612 2337 per
618 2305 731 2327 sacram
740 2297 947 2336 pragmaticam
955 2307 1019 2328 san-

191 2355 205 2372 α
222 2343 350 2374 ctionem
358 2342 478 2373 alterius
482 2341 692 2381 juraEcclesiaa
698 2340 748 2371 alii
754 2340 1019 2382 rapiantepiscopi?

194 2398 207 2417 ι
224 2389 331 2418 Sancta
341 2386 472 2427 synodus
480 2385 695 2425 respondit.Ad
701 2393 764 2415 vers
770 2395 801 2415 us
808 2395 937 2417 canones
944 2387 1018 2417 nihil

193 2443 207 2462 α
224 2431 436 2472 pragmaticum
444 2430 563 2460 valebit.
577 2429 712 2461 Canoncs
720 2431 838 2460 Patrum
853 2430 910 2460 rati
919 2435 1016 2463 sunto.

193 2490 206 2505 σι
224 2477 358 2516 Cumque
369 2475 512 2516 praesides
527 2475 635 2505 iterum
646 2474 790 2505 dixissent
805 2485 811 2504 :
824 2474 889 2506 Jam
902 2479 1018 2516 tempus

195 2532 206 2550 α
225 2524 279 2559 est,
297 2524 328 2550 ut
343 2530 360 2550 a
377 2518 489 2560 synodo
502 2519 726 2558 erudiamur,an
742 2518 784 2549 fas
799 2517 850 2555 sit,
864 2522 895 2549 ut
907 2527 1016 2550 secun-

1056 1541 1249 1582 φιλοτιμῆματι
1284 1543 1332 1577 τῆς
1368 1543 1558 1584 μητροπόλεως
1586 1545 1771 1584 κατεπαρθεὶς,
1810 1555 1884 1572 κατ-

1056 1586 1180 1620 εξανέστη
1202 1589 1303 1616 Φωτίου
1324 1592 1369 1616 τοῦ
1405 1588 1599 1628 μητροπολίτου
1627 1592 1677 1623 τῆς
1706 1589 1800 1629 Τύρου,
1834 1592 1885 1622 τῆς

1055 1633 1108 1658 τῶν
1127 1632 1255 1660 Φοινίκων
1273 1632 1464 1672 μητροπόλεως
1480 1642 1486 1650 ’
1517 1633 1561 1661 καὶ
1595 1632 1638 1662 δύο
1673 1634 1746 1665 τινὰς
1768 1634 1885 1662 ὑποκει-

1056 1675 1148 1712 μένους
1173 1676 1243 1713 αύτῷ
1268 1677 1426 1709 ἐπισκόπους
1451 1676 1580 1715 καθελὼν,
1611 1679 1648 1709 ὡς
1671 1676 1746 1711 δῆθεν
1775 1689 1884 1717 μητρο-

1056 1718 1179 1757 πολίτης,
1209 1731 1252 1748 και
1288 1721 1324 1752 εἰς
1351 1720 1532 1761 πρεσϐυτέρων
1559 1722 1660 1760 βαθμὸν
1694 1723 1884 1758 κατασπάσας,

1058 1763 1159 1802 ἐτέρους
1173 1758 1403 1804 κεχειροτόνηκεν.
1433 1758 1464 1795 r‘0
1481 1758 1524 1803 psit
1552 1758 1637 1806 ιρέρων
1667 1767 1680 1794 ὁ
1701 1767 1820 1804 Φώτιος,
1851 1770 1886 1804 τῇ

1057 1808 1118 1846 ἁγίᾳ
1150 1808 1311 1848 προσέδραμε
1353 1809 1462 1847 συνόδῳ.
1505 1812 1554 1840 Καὶ
1589 1810 1663 1844 δίκης
1693 1811 1884 1850 κροτηθείσης,

1057 1852 1105 1885 τὴν
1144 1851 1293 1882 δικαιοῦσαν
1322 1854 1463 1895 ἀπείληφε,
1498 1855 1580 1893 μηδὲν
1608 1855 1791 1895 ὠφεληθέντος
1830 1857 1886 1884 Εὑ-

1054 1896 1156 1925 σταθίου
1184 1897 1231 1926 105
1263 1900 1313 1932 τῆς
1350 1903 1476 1938 Βηρυτοῦ,
1512 1899 1542 1928 ἐκ
1575 1905 1622 1930 τοῦ
1642 1899 1793 1938 βασιλικοῖς
1810 1901 1887 1940 ὠχυ-

1055 1942 1151 1981 ρῶσθαι
1189 1942 1326 1980 γράμμαοι
1355 1942 1454 1983 λέγειν,
1492 1951 1550 1976 τοῖς
1586 1944 1754 1984 ἐπιτρέπουσι
1790 1949 1884 1974 τοῦτο.

1056 1986 1092 2014 Οὔ
1106 1986 1155 2025 γὰρ
1169 1986 1318 2026 πρόσεσχεν
1342 1988 1359 2021 ἡ
1382 1986 1487 2020 σύνοδος
1515 1995 1574 2021 τοῖς
1602 1988 1665 2029 παρ’
1694 1989 1774 2018 cit-5:06
1799 1988 1885 2029 λεγο-

1056 2029 1155 2067 μένοις,
1195 2030 1262 2073 ἂλλὰ
1300 2032 1349 2065 τῆς
1385 2032 1531 2065 ὑποθέσεως
1566 2032 1790 2073 δοκιμαζομένης,
1831 2037 1886 2062 τῶν

1056 2073 1194 2114 ἀρχόντων
1215 2076 1339 2116 πρότερον
1355 2076 1545 2116 ἑρωτήσαντων
1566 2078 1616 2112 τὴν
1643 2077 1750 2106 σύνοδον
1768 2086 1774 2093 ·
1794 2078 1887 2117 ῥητῶς

1056 2118 1138 2150 οὕτως
1156 2127 1163 2134 ·
1213 2131 1227 2147 ι
1257 2123 1300 2157 Τῷ
1339 2122 1466 2158 θειοτάτῳ
1500 2121 1615 2161 δεσπότῃ
1641 2123 1691 2156 τῆς
1721 2123 1885 2161 οἰκουμένης

1062 2173 1074 2190 α
1098 2163 1187 2203 ἤρεσε,
1213 2165 1252 2202 μὴ
1276 2166 1343 2194 κατὰ
1372 2167 1432 2194 θεῖα
1459 2167 1614 2208 γράμματα,
1632 2167 1650 2201 ἢ
1671 2168 1740 2196 κατὰ
1752 2178 1886 2207 πραγμα-

1061 2219 1076 2235 σ
1098 2209 1186 2241 τικοὺς
1221 2209 1329 2246 τύπους,
1375 2211 1408 2239 τὰ
1444 2214 1496 2239 τῶν
1533 2210 1685 2240 ἐπισκόπων
1719 2211 1884 2252 προϐαίνειν,

1061 2263 1075 2279 ι
1099 2252 1167 2281 ἀλλὰ
1206 2255 1249 2282 καὶ
1285 2255 1345 2287 τοὺς
1377 2255 1487 2288 κανόνας
1516 2259 1571 2284 τῶν
1603 2257 1739 2296 Πατέρων,
1777 2257 1888 2285 Εῐπάτω
1921 2288 1922 2291 η

1062 2309 1076 2325 ι
1099 2298 1143 2326 οὖν
1164 2299 1181 2332 ἡ
1203 2299 1263 2338 ἁγία
1286 2298 1402 2336 σύνοδος,
1427 2301 1448 2328 εἰ
1472 2299 1555 2333 ἔξεστι
1577 2301 1644 2330 κατὰ
1659 2301 1733 2330 θεῖον
1754 2312 1887 2342 πραγμα-

1062 2352 1078 2371 ¢
1099 2343 1172 2370 τικὸν
1199 2344 1279 2372 τύπον
1308 2343 1447 2384 ἀλλοτρίας
1475 2344 1617 2379 ἐκκλησίας
1653 2345 1740 2374 δίκαια
1780 2346 1888 2385 ἑτέρους

1062 2398 1076 2415 ι
1099 2386 1257 2421 ἐπισκόπους
1284 2391 1492 2430 παραιρεῖσθαι,
1536 2391 1553 2424 ἡ
1582 2390 1643 2430 ἁγία
1680 2389 1785 2423 σύνοδος
1828 2391 1887 2419 ἃπ-

1064 2443 1077 2459 ι
1101 2431 1228 2471 εκρίνατο.
1253 2435 1326 2461 Κατὰ
1351 2433 1410 2465 τοὺς
1431 2434 1543 2467 κανόνας
1558 2434 1589 2460 53
1615 2436 1800 2474 πραγματικὸν
1824 2447 1888 2473 μη-

1063 2488 1077 2504 (
1100 2476 1141 2504 δὲν
1163 2477 1292 2516 ἰσχύσειν.
1316 2478 1346 2506 Οἱ
1373 2478 1481 2511 κανόνες
1502 2482 1555 2508 τῶν
1585 2479 1707 2519 Πατέρων
1737 2480 1887 2519 κρατείτω-

1065 2531 1076 2549 a
1101 2532 1160 2552 σαν.
1176 2522 1225 2550 Καὶ
1239 2522 1310 2554 αὖθις
1326 2525 1379 2551 τῶν
1403 2523 1542 2563 ἀρχόντων
1563 2524 1692 2553 εἰπόντων
1708 2531 1715 2540 ·
1747 2524 1798 2554 Νῦν
1824 2536 1887 2553 και-

862 2597 989 2633 νΑΒΙΑῑ
1012 2601 1230 2636 LEGTIONES.

230 2670 262 2695 55
274 2673 327 2698 τῶν
342 2669 471 2698 κανόνων.

975 2731 1100 2766 NOTAE.

234 2796 353 2838 (24-25)
367 2795 467 2827 Exstat
483 2795 609 2826 edictum
627 2794 646 2824 l.
665 2803 716 2826 un.
732 2795 766 2826 C.
784 2792 830 2825 De
845 2798 972 2836 metrop.
993 2794 1119 2834 Beryto,
1135 2793 1185 2825 lib.
1209 2802 1259 2826 XL.
