1922 3081
1 158 54 190 377
675 155 1020 191 GR/ECO-ROMANUM
1637 159 1697 193 878

1 239 14 255 ι
37 228 82 266 ρός
111 228 165 256 ἔστι
193 227 349 268 διδαχθῆναι
385 228 457 266 ἡμᾶς
489 227 559 266 παρᾶ
593 227 641 261 τῆς
672 225 760 255 συνόδο

935 232 974 253 im
986 233 1099 254 sacram
1106 224 1291 256 sanctionem
1304 226 1512 266 pragmaticam
1521 227 1589 266 jura
1601 226 1694 259 eccle-

2 284 16 300 σ
41 272 129 305 ἔξεστι
152 273 220 301 κατὰ
243 267 314 301 θετον
342 273 526 312 πραγματικὸν
553 271 691 312 ἀλλοτρίας
719 271 761 305 Ἐν

938 268 1151 305 tealterius,alii
1160 269 1278 310 rapiant
1288 270 1438 312 episcopi:
1453 275 1556 302 sancta
1568 272 1697 312 synodus

4 329 17 344 ε
43 317 103 349 σίας
132 315 220 345 δίκαια
252 317 356 357 ἑτέρους
386 317 544 348 ἐπισκόπους
576 317 783 356 παραιρεῖσθαι·
814 315 831 348 ἡ

5 373 17 388 ο
44 361 108 401 ἁγία
137 360 243 393 σύνοδος
264 360 408 396 ἀνεϐόησεν
424 371 430 378 ·
456 363 508 391 Οὔκ
530 360 624 394 ἔξεστι.
655 364 736 390 Τοῦτο
762 359 833 398 παρὰ

5 418 17 433 α
42 406 105 439 τοὺς
127 406 240 439 κανόνας
270 406 335 437 ἐστί.
372 401 454 435 ⁷Ἐστι
483 405 510 434 δὲ
538 406 581 434 καὶ
609 405 689 443 νόμος
724 406 738 433 ὁ
758 409 833 434 τοῦτο

6 464 16 478 ι
43 451 217 489 βουλόμενος,
249 450 316 479 οὕτω
344 450 444 484 διεξιών
463 460 470 469 ⁸
490 452 520 480 Οἱ
540 457 599 482 τοῖς
624 449 730 478 κανόσιν
755 448 833 477 ἐναν-

1 506 16 526 (
43 496 178 533 τιούμενοι
199 497 381 535 πραγματικαὶ
408 495 494 533 τύποι,
526 494 616 534 ἄκυροί
643 495 703 523 εἰσι.
728 506 743 522 ι
782 493 830 522 Καὶ

1 540 62 579 δρα,
78 540 187 580 μέγιστε
213 539 333 578 βασιλεῦ,
355 539 429 572 ὅπως
454 539 496 567 δια
525 540 630 567 πάντων
651 539 750 566 τούτων
766 538 831 566 απο-

1 584 130 614 δέδεικται
152 583 304 624 τηλαυγῶς,
328 586 358 613 τὺ
381 585 419 623 μὴ
441 583 497 612 δεῖν
518 585 652 612 αὐθεντεῖν
681 584 726 610 τὸν
751 583 830 621 βασι-

2 630 52 657 λέα
67 629 94 657 ἐν
109 636 168 661 τοῖς
183 629 324 669 τοιούτοις,
353 631 498 661 κανονικώς
523 627 550 656 δὲ
577 628 610 656 τὰ
625 627 832 661 ἒκκλησιαστικὰ

7 673 184 713 διεξάγεσθαι.
215 675 271 702 Εἰσὶ
292 674 341 712 μὲν
362 673 406 702 οὖν
434 674 478 702 καὶ
500 672 574 701 ἄλλοι
603 671 696 701 πολλοὶ
724 672 832 704 κανόνες

8 721 63 746 τῶν
98 718 261 746 θεοστὲπτων
288 717 455 755 ἀποστόλων,
477 718 522 746 καὶ
549 718 686 756 ὑπηρετῶν
716 720 762 745 τοῦ
789 715 833 743 λό-

6 774 67 803 γου,
95 764 138 791 καὶ
166 763 219 790 τῶν
243 763 338 803 ἑφεξῆς
376 763 457 802 ἁγίων
493 761 619 799 συνόδων,
653 762 719 790 αὐτὰ
754 764 836 788 ταῦτα

7 807 216 847 διατρανοῦντες,
248 808 292 840 οὓς
329 809 484 847 παραθεῖναι
521 805 586 844 τῷδε
621 809 659 843 τῷ
687 806 834 845 γράμματι,

876 322 887 340 α
906 313 1102 344 exclamavit:
1119 313 1183 344 Non
1199 314 1278 345 licet.
1297 316 1359 346 Hoc
1376 319 1482 355 praeter
1494 325 1623 348 canones
1638 317 1695 349 ad—

877 366 888 383 α
909 357 1042 401 mittitur.
1074 360 1124 389 Est
1148 358 1239 389 etiam
1264 358 1321 397 lex,
1352 369 1417 400 quae
1444 360 1500 392 hoc
1525 360 1621 401 ipsum
1637 361 1699 393 vult

878 412 891 427 ι
908 400 954 431 his
962 402 1062 433 verbis
1073 402 1206 442 exposita
1219 412 1225 434 :
1237 404 1431 442 Pragmaticae
1442 400 1623 443 sanctiones,
1632 416 1699 447 quas

879 455 889 472 ι
909 446 1072 477 canonibus
1087 447 1293 489 adversantur,
1307 447 1398 479 irritae
1413 453 1491 480 sunt.
1508 462 1519 479 ι
1538 449 1625 488 Vide,
1642 446 1698 482 ob-

874 498 972 527 secro,
990 491 1117 522 maxime
1127 492 1166 522 im
1171 494 1452 533 perator,quomodo
1464 503 1518 534 per
1528 494 1591 526 haec
1599 495 1701 526 omnia

872 535 1036 580 clarissime
1051 537 1288 568 demonstratum
1300 537 1412 578 sit,non
1428 537 1540 570 debere
1555 539 1700 580 principis

873 579 902 610 in
919 579 1089 619 hujusmodi
1104 581 1195 612 rebus
1209 582 1414 614 auctoritatem
1429 582 1594 622 valere,sed
1605 579 1702 616 eccle-

873 623 993 655 siastica
1006 625 1169 656 secundum
1193 635 1322 657 canones
1346 627 1458 668 peragi.
1487 628 1530 659 Ac
1547 633 1616 660 sunt
1631 629 1700 670 qui-

874 668 940 698 dem
956 672 984 699 et
1002 669 1051 700 alii
1067 669 1153 700 mulli
1181 679 1311 701 canones
1335 675 1544 703 coronatorum
1560 668 1702 705 divinitus

877 713 1075 752 apostolorum
1091 714 1358 756 ministrorumque
1380 716 1475 756 verbi,
1488 721 1518 748 et
1532 722 1700 749 secutarnm

877 756 1020 798 deinceps
1035 763 1203 790 sanctarum
1228 761 1418 800 synodorum,
1437 761 1500 792 haec
1520 761 1584 802 ipsa
1599 762 1702 794 decla—

877 806 978 833 rantes
991 814 998 837 ;
1012 813 1086 843 quos
1097 803 1165 834 huic
1174 804 1285 844 scripto
1296 804 1459 845 adjungere
1472 806 1701 843 velle,stolidum

7 851 99 885 εἴγηθες
135 851 216 889 ἔδοξε,
242 853 286 890 καὶ
307 853 345 890 μὴ
373 851 461 890 πόρρω
487 851 637 891 φιλοτιμίας
670 849 766 890 ἆνωφελ

941 856 969 878 m
986 847 1107 886 fuit,nec
1119 848 1154 878 ab
1165 848 1261 879 inutili
1272 848 1531 891 ambitionelonge
1542 855 1700 884 remotum.

9 891 117 924 Ἰκανῶν
138 896 188 935 γὰρ
216 899 268 924 τῶν
298 894 498 936 προϐληθέντων
520 897 555 928 εἷς
578 894 708 927 ἀπόδειξιν
736 894 768 922 ὃν

944 904 946 921 ι
963 902 1031 922 cum
1049 902 1095 933 ea,
1113 902 1178 933 quae
1190 893 1335 933 producta
1361 898 1443 933 sunt,
1460 890 1703 928 ad'demonstra-

7 943 32 968 τί
65 939 108 969 δεῖ
128 941 172 969 καὶ
200 940 506 980 προσεπεξεργάζεσθαι;
543 941 586 968 καὶ
627 942 676 973 τῆς
710 938 766 971 ἆληι

947 946 983 967 2m
1007 938 1049 968 rei
1077 937 1240 976 sufﬁciant,
1256 947 1310 969 cur
1338 938 1466 979 amplius
1489 939 1706 974 laboreturlet

7 984 159 1023 όυναμένης
174 984 340 1023 ἀναλάμψαι,
357 986 401 1014 καὶ
415 991 473 1016 νοτς
496 988 560 1014 πᾶσι
589 983 707 1023 γενέσθαι
736 982 766 1018 δή

955 981 1064 1012 veritas
1079 982 1199 1013 elucere
1221 982 1325 1023 possit,
1353 987 1441 1024 atque
1456 984 1597 1015 omnibus
1614 985 1703 1016 inno-

8 1030 63 1058 τῶν
99 1029 207 1058 πολλῶν
245 1029 364 1068 οὖδαμιῖκ
400 1032 488 1069 χρεία.
530 1029 665 1068 Αὐτάρκης
706 1028 755 1067 γὰρ

948 1035 1013 1057 ere:
1032 1035 1090 1057 non
1117 1026 1218 1057 multis
1242 1036 1317 1068 opus
1334 1032 1379 1058 est
1393 1027 1504 1060 verbis.
1525 1028 1642 1070 Quippe
1657 1039 1707 1061 ve-

10 1074 169 1113 συνηγορίαν
198 1073 293 1108 ἑαυτῆς
321 1075 338 1108 ἡ
370 1073 489 1107 ἀληθεία.
514 1078 600 1110 Κοινῳ
629 1073 677 1111 μὲν
708 1072 750 1101 οὖν
766 1071 839 1111 λόγῳ

11 1119 56 1146 καὶ
70 1117 218 1150 καθολικῶς
240 1117 338 1158 ἐλέχθη
360 1121 451 1149 ταῦτα,
477 1117 541 1154 ἰδίᾳ
561 1117 599 1158 δὲ,
622 1118 665 1146 καὶ
692 1118 760 1145 κατὰ
786 1116 837 1154 μέ-

10 1174 69 1202 ρος,
106 1163 150 1190 καὶ
183 1163 281 1202 ὶτὲροις
310 1162 420 1194 ἕκαστος
463 1163 607 1203 φράγνυται
649 1161 837 1199 δικαιώμασιν.

12 1209 96 1240 Αὐτὸς
111 1208 160 1246 μὲν
189 1208 237 1247 γὰρ
267 1209 280 1236 ὁ
301 1209 345 1236 καὶ
369 1211 421 1236 τῶν
450 1209 508 1248 περὶ
538 1211 589 1236 τῶν
617 1206 686 1235 ὅλων
707 1207 839 1241 συστήσας

12 1252 116 1291 ἀγῶνα,
131 1252 175 1280 καὶ
191 1253 222 1280 τὸ
236 1254 336 1289 σμῆνος
364 1253 416 1280 τῶν
445 1251 532 1291 λόγων
557 1252 681 1290 κινήσας,
710 1252 756 1279 τὸν
783 1251 841 1278 θεο-

13 1296 78 1336 οιλῆ
101 1295 128 1324 δὲ
160 1295 232 1335 λέγω
262 1295 460 1335 μητροπολίτην
498 1295 636 1335 Ἀγκύρας,
671 1295 842 1332 ὑπομνήματί

13 1352 41 1370 τε
70 1341 217 1381 πέφρακται
248 1340 293 1368 τοῦ
329 1341 471 1380 μακαρίτου
506 1339 636 1378 βασιλέως
668 1343 713 1368 τοῦ
743 1339 839 1379 Δούκα,

14 1386 87 1418 ὅστις
109 1385 158 1419 τὴν
179 1388 224 1413 τοῦ
252 1384 386 1423 βασιλείου
414 1384 562 1417 ἐπισκοπὴν
593 1385 628 1416 είς
645 1382 840 1423 μητροπολιτι-

14 1431 61 1458 κον
90 1430 208 1468 ὄιν-ἤγαγε
240 1428 350 1469 ’δίκαιον²
380 1428 562 1468 διοριζομένῳ,
593 1431 632 1465 τῷ
659 1429 763 1465 θανάτῳ
796 1431 842 1456 τοῦ

15 1474 171 1512 τιμηθέντος
187 1473 393 1512 μητροπολίτο),
424 1475 460 1505 εἷς
488 1474 639 1506 ὶπισκοπὴν
664 1473 841 1501 κατεσπάσθαι

15 1520 64 1552 τὴν
86 1518 229 1558 εἰρημένην
257 1517 399 1552 ἐκκλησίαν
415 1527 423 1534 ·
461 1518 499 1556 μὴ
529 1516 749 1556 ἐπαισχυνθέντος
784 1516 842 1544 λίαν

17 1564 150 1602 νουνεχῶς
165 1566 212 1590 τοῦ
236 1562 365 1601 βασιλέως
393 1563 423 1590 τὸ
451 1563 549 1590 οἰκεῖον
571 1561 702 1599 ὀλίσθημα
729 1562 773 1590 καὶ
793 1560 843 1594 τὴν

17 1607 125 1647 ἄγνοιαν
161 1608 205 1635 καὶ
242 1606 423 1646 θριαμϐεῦσαι,
453 1607 497 1635 καὶ
526 1605 710 1646 διορθώσασθαι
729 1615 737 1624 ⁸
775 1604 843 1633 ἀλλὰ

18 1653 84 1680 κατὰ
105 1653 135 1679 τὸ
164 1651 294 1680 Θετταλὸν
330 1652 506 1691 μειρακίσνον,
537 1652 581 1679 καὶ
615 1651 775 1689 τρώσαντος,
800 1650 844 1678 καὶ

19 1698 160 1734 συμπαθῶς
194 1697 238 1724 καὶ
266 1695 456 1736 φιλανθρώπως
478 1695 659 1735 ἐπεγνωκότος
688 1696 738 1728 τὴν
757 1694 841 1724 ἴασιν.

20 1742 69 1770 Καὶ
95 1741 161 1780 πρὸς
189 1741 274 1777 τούτῳ
308 1739 498 1781 χρυσοϐούλλῳ
533 1740 663 1768 ὥπλισται
691 1739 764 1777 ἄλλῷ
797 1739 843 1768 τοῦ

19 1787 74 1815 υἱοῦ
86 1788 180 1814 τούτου
204 1786 248 1814 καὶ
269 1785 409 1825 βασιλέως,
432 1786 462 1813 τὸ
491 1786 589 1826 φθάσαν
617 1785 815 1824 ὒποστηρίζοντι
834 1793 841 1802 ⁸

20 1831 62 1858 καὶ
90 1830 260 1868 ὑπομνήματι
282 1829 420 1869 συνοδικῷ,
450 1833 503 1858 τῶν
524 1830 584 1857 τότε
613 1829 718 1865 ζώντων
746 1840 844 1868 μητρο-

20 1874 149 1914 πολιτῶν,
166 1873 260 1913 ὀλίγων
277 1873 303 1901 ’δὲ
318 1874 400 1902 ὅντων
417 1873 459 1910 54,
489 1881 545 1906 ταῖς
571 1874 745 1913 αὖτοχειρίοις
774 1875 841 1902 ὑπο-

21 1919 164 1952 σηιιασίαις
183 1920 214 1947 τὸ
235 1917 347 1956 ἔμπεδον
374 1918 543 1959 ἀποφέροντι,
567 1920 604 1946 ὧν
632 1919 675 1946 καὶ
697 1920 720 1946 οἱ
741 1918 845 1950 πλείους

20 1964 143 2004 περίεισι,
169 1963 372 2003 στοιχησάντων
408 1963 530 1992 ἁπάντων
558 1966 593 2001 τῇ
620 1966 749 2002 κανονικῇ
776 1963 845 1991 ἀπο-

20 2002 111 2048 φάσει.
141 2002 255 2047 ’Ἀτερος
284 2006 311 2035 δὲ
341 2008 355 2035 ὁ
381 2002 536 2047 Ἡρακλείας
565 2007 630 2046 πρὸς
652 2013 711 2038 τοῖς
745 2014 845 2039 κοινοῖς

21 2052 210 2090 δικαιώμασιν,
226 2052 290 2081 αὗτό
304 2062 333 2080 τε
347 2052 378 2080 τὸ
406 2050 540 2080 συνοδικὸν
567 2050 713 2089 ὑπόμνημα
728 2050 846 2091 προϐάλ-

23 2097 94 2126 λεται
125 2097 162 2128 εἷς
190 2097 382 2134 συνασπισμὸν,
415 2097 459 2125 καὶ
487 2094 675 2136 χρυσοὸούλλῳ
702 2096 846 2136 τεθωράκι-

26 2154 94 2179 σται,
116 2143 147 2170 οὗ
174 2140 333 2181 δημιουργὸς
363 2142 378 2169 ὁ
400 2141 546 2180 μακαρίτης
567 2139 690 2179 βασιλεὺς
720 2142 734 2169 ὁ
762 2145 849 2169 Βοτα-

26 2188 142 2225 νειάτης,
165 2185 335 2234 διοριζομενῳ
361 2188 395 2224 τῇ
429 2185 548 2234 τελεμτῇ.
566 2188 613 2214 τοῦ
641 2187 694 2215 νυνὶ
721 2186 882 2234 ἆρςχειερα-Ῑ)

27 2232 144 2263 τεύοντος
173 2229 200 2258 ἒν
228 2229 350 2269 Μαδύτῳ,
379 2231 410 2258 τὸ
448 2229 492 2258 ὑπ’
522 2230 592 2267 αὒτῷ
627 2229 850 2269 μητροπολιτικὸν

28 2277 151 2304 παύεσθαι
184 2273 294 2311 δίκαιον,
329 2275 373 2303 καὶ
405 2275 454 2302 ὑπὸ
483 2274 532 2308 τὴν
558 2269 713 2313 Ἡράκλειαν
749 2274 850 2303 ἐπανα-

29 2320 144 2360 στρέφειν
171 2319 221 2352 τὴν
246 2319 388 2358 εἰρημένην
420 2317 594 2355 Ἐκκλησίαν,
623 2319 660 2350 ὡς
681 2318 848 2358 τοπρότερον.

29 2364 244 2404 Προσεπιτούτοις
272 2364 315 2391 καὶ
357 2364 371 2392 ὁ
414 2362 614 2403 θεοφιλέστατος
655 2362 851 2403 μητροπολίτης

29 2412 146 2449 Πατρῶν,
169 2407 282 2440 πολλοῖς
304 2409 347 2436 καὶ
361 2407 493 2447 διαφόροις
515 2409 680 2448 τετείχισται
705 2407 850 2446 δικαιώμα-

31 2464 76 2495 σιν,
93 2455 130 2486 εἷς
151 2453 183 2481 τὸ
205 2458 348 2492 συμφυεῖς,
377 2452 420 2480 καὶ
444 2451 591 2490 ἀτμήτους,
620 2453 664 2480 καὶ
691 2452 849 2482 ἀναποσπά-

31 2509 102 2530 στους
122 2498 198 2538 ἔχειν
219 2498 266 2529 τὰς
295 2500 329 2535 τῇ
356 2495 414 2525 κατ’
437 2497 515 2524 αὺτὸν
540 2496 667 2533 ἐκκλησίᾳ
692 2496 850 2536 δωρηθείσας

34 2542 187 2582 imor/.0113“,
230 2542 301 2581 παρὰ
343 2541 492 2582 Νικηφόρου
533 2540 663 2579 βασιλέως
704 2546 750 2571 τοῦ
799 2542 852 2570 ἀπὸ

34 2591 152 2628 γενικῶν,
181 2586 223 2615 διὰ
257 2587 288 2615 τὸ
315 2586 342 2614 ἓν
377 2589 413 2624 τῇ
441 2589 610 2626 καταστροφῇ
644 2588 696 2614 τῶν
734 2585 853 2626 Ἀϐάρων

35 2633 101 2672 παρὰ
128 2635 175 2661 τοῦ
198 2631 338 2671 κορυφαίου
365 2633 419 2658 τῶν
447 2629 600 2659 ἀποστόλων
625 2631 669 2659 καὶ
698 2631 853 2668 πρωτοκλή-

878 1070 949 1101 ritas
964 1070 1000 1101 ad
1030 1072 1075 1102 sui
1101 1071 1296 1111 patrocinium
1323 1072 1451 1112 ipsamet
1467 1073 1585 1104 sufﬁcit.
1603 1073 1706 1115 Itaque

877 1115 994 1146 ratione
1009 1115 1173 1155 communi,
1203 1119 1232 1146 et
1255 1117 1437 1156 generaliter
1451 1117 1515 1148 haec
1531 1118 1609 1149 dicta
1624 1123 1704 1150 sunt.

880 1160 1021 1191 Scorsum
1035 1169 1116 1197 vero,
1133 1164 1163 1190 et
1181 1160 1389 1200 particulatim,
1401 1161 1490 1192 etiam
1501 1162 1568 1194 aliis
1582 1163 1708 1204 quisque

883 1203 1015 1236 munitus
1029 1208 1073 1234 est
1085 1204 1214 1243 juribus.
1232 1204 1304 1235 Nam
1323 1209 1351 1236 et
1367 1205 1392 1236 is
1417 1206 1481 1246 ipse
1492 1207 1543 1248 qui
1556 1203 1709 1240 certamen

881 1248 938 1279 hoc
953 1248 1122 1279 universum
1156 1249 1282 1290 accepit,
1307 1255 1336 1280 et
1350 1250 1508 1282 verborum
1524 1252 1580 1283 hoc
1592 1253 1709 1283 alveare

882 1294 1050 1331 commovit,
1068 1293 1235 1332 religiosus,
1247 1293 1380 1334 inquam,
1398 1296 1644 1336 metropolitanus
1658 1296 1710 1328 ille

883 1337 1068 1377 Ancyranus,
1096 1337 1291 1369 instrumento
1319 1339 1452 1370 munitus
1481 1345 1525 1371 est
1538 1341 1634 1372 felicis
1649 1350 1711 1372 me-

884 1382 986 1412 morize
1002 1381 1145 1422 principis
1167 1382 1255 1413 Duczn
1271 1400 1293 1420 ν,
1312 1384 1362 1424 qui
1374 1385 1577 1425 episcopatum
1592 1385 1711 1417 Basilaei

884 1426 1101 1466 metropolitico
1111 1427 1179 1466 jure
1192 1427 1321 1468 donavit,
1337 1428 1415 1468 quod
1428 1429 1623 1461 instrumento
1638 1439 1710 1461 san-

884 1470 1157 1508 cilur,uthonorem
1165 1471 1262 1512 adepti
1274 1473 1609 1513 metropolitanimorte,
1617 1474 1708 1506 dicta:

852 1531 872 1557 c
884 1514 1018 1547 Ecclesia
1030 1516 1133 1547 redeat
1147 1516 1182 1547 ad
1206 1521 1315 1548 statum
1331 1517 1505 1548 inferiorem
1524 1519 1713 1560 episcopatus

884 1569 950 1590 cum
961 1560 1047 1591 valde
1061 1561 1222 1600 prudenter
1231 1562 1309 1592 hunc
1317 1561 1482 1603 principem
1493 1573 1552 1594 non
1575 1563 1714 1604 puduerit

884 1604 998 1643 lapsum
1006 1609 1034 1634 et
1042 1605 1235 1644 ignorantiam
1246 1615 1328 1636 suam
1340 1610 1400 1637 tum
1413 1607 1509 1647 palam
1519 1608 1710 1648 spectandam

885 1648 1102 1687 exliibere,tum
1119 1650 1268 1689 corrigere
1282 1662 1289 1688 ;
1307 1651 1447 1691 idemque
1457 1651 1594 1684 Thessali
1607 1652 1711 1684 adole-

884 1693 995 1724 scentis
1010 1695 1160 1734 exemplo,
1177 1699 1205 1726 et
1219 1695 1323 1725 vulnus
1340 1696 1501 1735 inﬂixerit;
1529 1700 1559 1728 et
1583 1696 1712 1736 benigue

885 1738 1115 1779 humaniterque
1131 1741 1314 1771 sanationem
1330 1741 1493 1779 agnoverit.
1510 1740 1624 1773 Praeter
1637 1742 1713 1772 hanc

885 1782 995 1813 bullam
1025 1793 1156 1821 auream,
1186 1784 1318 1815 munitus
1343 1789 1388 1816 est
1418 1785 1474 1816 alia
1514 1795 1632 1826 quoque
1659 1785 1713 1816 ﬁlii

885 1827 973 1867 hujus
988 1834 1009 1865 ι,
1029 1833 1058 1858 ιιι
1073 1828 1272 1868 imperatoris,
1290 1839 1354 1869 quae
1380 1829 1511 1869 priorem
1528 1830 1686 1860 conﬁrmat
1703 1840 1710 1861 :

886 1871 1017 1912 itemque
1033 1877 1225 1903 monumento
1255 1873 1399 1913 synodali,
1417 1874 1495 1914 quod
1511 1873 1596 1904 factis
1623 1883 1712 1905 manu

888 1916 1006 1956 propria
1018 1916 1287 1956 subscriptionibus
1298 1921 1343 1947 est
1353 1918 1559 1949 conﬁrmatum
1570 1917 1607 1949 ab
1621 1919 1717 1949 omni-

888 1959 943 1991 bus
958 1965 1027 1992 tunc
1037 1960 1202 1992 viventibus
1219 1961 1466 2002 metropolitanis,
1483 1962 1508 1993 si
1528 1972 1638 2003 paucos
1658 1963 1714 1994 de-

889 2014 962 2044 mas,
979 2015 1104 2046 quorum
1121 2009 1150 2036 et
1168 2006 1262 2045 major
1275 2015 1341 2046 pars
1355 2010 1507 2046 superstes
1522 2012 1577 2045 est,
1592 2008 1715 2039 univer-

887 2050 928 2080 sis
945 2050 1122 2081 sententiam
1153 2050 1325 2081 canonicam
1348 2050 1471 2082 secutis.
1502 2051 1585 2082 Alter
1614 2055 1714 2083 autem

888 2094 938 2124 ille
954 2094 1083 2134 pontifex
1111 2094 1273 2132 Heracleae,
1305 2099 1412 2135 praeter
1433 2095 1501 2135 jura
1524 2096 1714 2135 communia;

891 2138 1002 2179 profert
1015 2139 1051 2169 ad
1074 2139 1120 2170 sui
1149 2139 1354 2170 defensionem
1369 2139 1443 2170 illud
1459 2139 1556 2180 ipsum
1574 2140 1715 2180 synodale

891 2187 1127 2221 monumentum,
1153 2188 1182 2215 et
1206 2184 1337 2214 munitus
1362 2188 1404 2214 est
1420 2193 1509 2215 aurea
1523 2183 1616 2222 bulla,
1632 2185 1717 2224 cujus

891 2231 994 2259 auctor
1006 2232 1050 2258 est
1060 2228 1154 2259 felicis
1163 2228 1379 2259 recordationis
1398 2228 1562 2269 imperator
1575 2228 1716 2259 Botania-

892 2277 947 2310 tes,
965 2284 1023 2314 qua
1039 2275 1179 2312 sancitur,
1196 2278 1230 2305 ut
1244 2274 1323 2305 illius
1337 2275 1497 2314 morte,qui
1513 2284 1592 2305 nunc
1606 2275 1717 2315 Madyti

892 2319 1092 2358 pontiﬁcatum
1109 2319 1244 2359 gerit,jus
1260 2319 1323 2359 ejus
1345 2318 1595 2358 metropoliticum
1612 2319 1716 2360 exspi—

891 2368 946 2401 ret,
964 2373 998 2395 ac
1013 2363 1089 2394 dicta
1097 2363 1224 2394 ecclesia
1237 2363 1363 2404 pristino
1374 2372 1456 2393 more
1473 2362 1528 2394 sub
1543 2362 1718 2394 Heracleam

890 2409 1003 2439 redeat.
1021 2407 1133 2439 Praeter
1146 2408 1220 2445 hzec,
1250 2407 1494 2447 religiosissimus
1519 2416 1637 2448 quoque
1652 2417 1718 2438 me-

892 2453 1086 2493 tropolitanus
1123 2452 1272 2483 Patrensis
1312 2451 1518 2492 compluribus
1558 2461 1592 2483 ac
1630 2452 1720 2483 variis

894 2497 1025 2528 munitus
1047 2497 1223 2537 estjuribus
1248 2496 1279 2527 in
1294 2496 1361 2533 hoc,
1380 2501 1413 2527 ut
1433 2495 1490 2526 sibi
1505 2496 1673 2536 abjunctos,
1691 2501 1721 2528 et

895 2541 1016 2572 minime
1029 2545 1192 2581 separatos,
1209 2540 1431 2580 indivulsosque
1448 2540 1720 2581 babeatepiscopa-

894 2590 951 2623 tus,
969 2587 1102 2617 ecclesiae
1117 2596 1178 2618 suae
1193 2596 1209 2616 a
1222 2585 1390 2626 Nicephoro
1401 2585 1548 2626 principe,
1561 2585 1612 2625 qui
1621 2594 1656 2616 ex
1667 2593 1720 2624 ge-

895 2630 988 2662 nerali
1005 2635 1196 2672 procuratore
1216 2631 1310 2661 factus
1324 2633 1369 2661 est
1385 2628 1723 2670 imperator,attributos

690 2713 816 2747 VARIIE
837 2714 1063 2748 LECTIONES.

73 2770 105 2796 54
124 2770 248 2801 δεόντων.

77 2857 88 2873 ν
105 2837 309 2871 Constantini.
352 2858 364 2874 ι
378 2835 535 2869 Michaelis
549 2837 649 2871 Duco.
