1922 3081
203 123 262 156 879

893 125 958 156 JUS
979 123 1202 157 CANONICUM

1837 126 1888 159 880

206 192 269 232 ejus
291 191 425 222 miraculi
452 191 555 230 gratia,
585 190 663 232 quod
686 191 843 222 oculariter
857 192 965 222 factum
980 191 1027 221 fuil

1111 196 1120 220 3
1155 191 1276 232 Ἀνδρέου
1310 191 1519 233 ὀφθαλμοφανῶς
1549 194 1692 233 γενόμενον
1719 196 1817 232 θαῦμα,
1854 194 1889 222 ἐπὶ

204 237 240 267 ab
255 235 306 266 illo
324 235 431 266 eximio
447 235 603 276 primoque
633 240 733 266 vocato
749 236 882 276 apostolo
897 236 1027 272 Andrea,

204 281 233 312 in
250 280 382 311 Abarum
398 280 619 320 eversione,qui
635 279 702 312 totis
717 289 825 312 ccxvm
839 281 926 311 annis
940 279 1028 311 Pelo—

204 334 369 366 ponnesum
382 325 679 365 obtinuerant,usque
694 325 768 356 adeo
780 325 817 355 ab
828 325 953 365 imperio
968 324 1028 355 Ro-

205 379 294 400 mano
311 369 413 406 avulsi,
430 374 461 399 ut
476 378 563 400 nemo
581 370 732 400 Romanus
743 370 774 400 in
790 369 1026 409 Peloponnesum

204 414 249 445 vel
266 413 371 454 pedem
387 414 497 445 inferre
517 418 631 454 posset;
650 417 718 444 tunc
732 418 828 444 autem
846 414 933 444 unius
948 413 1027 444 hora:

204 459 300 499 spatio
313 458 433 490 fuerunt
440 458 626 490 exterminati
635 468 688 499 per
704 459 797 490 solam
814 458 1027 499 apparitionem

204 503 293 542 hujus
310 502 407 543 primo
417 503 512 534 vocati
528 503 664 542 apostoli,
680 507 709 534 et
719 503 783 543 ipsa
797 503 878 541 regio
895 506 954 533 tota
968 501 1028 533 Ro-

205 547 301 578 manis
315 547 450 577 restituta
465 547 602 586 sceptris.

244 593 289 622 Ac
304 592 430 631 primum
447 591 568 631 quidem
585 592 694 631 profert
712 600 833 622 auream
850 591 962 622 bullam
979 590 1027 620 in-

205 636 292 667 dicati
309 636 463 676 principis,
480 637 529 676 qui
557 640 586 667 et
601 637 678 667 hanc
702 636 796 676 ipsam
812 635 1028 667 sanctissimam

203 680 544 712 PatrensemEcclesiam
555 690 589 711 ex
600 680 857 720 archiepiscopatu
863 681 898 710 ad
914 684 1024 710 metro-

204 725 280 766 polis
291 725 412 764 gloriam
425 725 520 756 evexit
529 725 655 755 obillius
667 725 768 755 eximii
781 725 947 765 prodigium
957 734 1028 764 apo-

204 769 352 809 stoli,quae
373 769 519 809 diximus;
543 773 572 799 et
587 774 645 800 tres
661 769 847 810 episcopatus
864 769 892 800 ei
907 769 1026 808 largitus

204 818 258 852 est,
273 814 507 854 Methonensem,
521 814 789 851 Lacedaemonium,
807 818 836 845 et
847 813 1024 844 Sarsocoro-

204 868 329 890 nensem
347 869 353 890 :
371 859 478 889 deinde
503 858 625 890 alteram
648 858 716 890 huic
731 868 902 893 consonam,
920 858 1026 889 Leonis

205 910 234 934 et
260 903 422 934 Alexandri
445 908 634 943 augustorum
653 914 661 933 :
685 912 719 933 ac
744 903 858 933 tertiam
873 902 1024 942 ,Romani,

204 949 421 990 Christophori,
440 955 469 981 et
483 949 678 989 Constantini,
704 949 883 989 reliquarum
896 949 1027 988 vestigiis

204 995 396 1025 inhaerentem
411 1005 418 1033 ;
430 995 561 1035 itemque
579 998 683 1035 praeter
694 994 745 1024 has
759 993 1025 1034 aliam,Nicephori

204 1038 310 1070 Phocea
333 1039 490 1079 :quintam
518 1039 648 1079 denique
672 1039 832 1070 Botaniata:
860 1039 949 1076 illius,
975 1037 1026 1078 qui

205 1084 291 1124 paulo
302 1087 370 1114 ante
381 1093 480 1114 rerum
493 1084 601 1124 potitus
609 1083 742 1124 fuit,qum
754 1084 910 1114 recensita
921 1092 1026 1113 omnes

204 1127 409 1167 obsignantur.
420 1128 670 1159 Neocaesariensis
681 1137 798 1169 quoque
809 1127 947 1158 similiter
960 1136 1026 1157 mo-

204 1176 346 1204 numento
371 1173 484 1203 domini
494 1172 634 1204 Michaelis
651 1173 836 1212 patriarchae,
854 1171 947 1203 beatae
963 1180 1028 1202 me-

204 1217 306 1248 morite
317 1217 420 1248 nititur
433 1227 440 1255 ;
454 1222 482 1248 et
492 1226 583 1248 aurea
594 1217 673 1249 bulla
682 1217 795 1248 domini
805 1216 957 1247 Michaelis
966 1215 1028 1246 Du-

205 1271 256 1293 caz.
274 1261 469 1292 Inveniuntur
481 1266 509 1292 et
527 1265 602 1299 acta,
612 1271 678 1302 quae
694 1261 900 1301 traduntquod
910 1260 1028 1300 episco-

205 1306 474 1346 patus,quicunqne
489 1306 525 1337 ad
542 1306 753 1346 metropolium
770 1305 941 1344 dignitatem
958 1314 1029 1344 pro—

205 1351 333 1381 vehendi
349 1355 445 1389 erant,
462 1360 521 1381 non
543 1350 628 1381 aliter
649 1350 678 1380 id
701 1349 954 1390 assequebantur;
971 1349 1030 1379 nisi

206 1395 333 1435 publicae
360 1395 494 1426 utilitatis
517 1395 546 1426 id
575 1395 712 1426 suaderet
740 1395 826 1432 ratio,
843 1399 877 1424 ‘et
902 1393 1029 1433 synodus

205 1439 412 1476 assentiretur,
438 1444 466 1470 et
482 1439 615 1470 ecclesize
630 1439 773 1469 honorem
790 1442 954 1478 accepturae
971 1446 1030 1467 me-

206 1483 400 1523 tropolitanus
415 1483 670 1514 remunerationes
686 1492 718 1513 se
735 1483 838 1522 dignas
854 1482 1028 1522 eximpera-

207 1528 280 1558 toris
307 1537 395 1559 manu
420 1533 609 1568 consecutus,
638 1537 672 1559 ea
687 1537 751 1568 quae
771 1531 956 1567 gererentur,
974 1536 1028 1566 ap-

208 1571 357 1612 probaret.
389 1573 445 1604 Tot
461 1573 550 1613 igitur
565 1577 652 1613 atque
679 1572 746 1603 talia
761 1582 828 1603 cum
850 1571 1031 1602 adminicula

208 1616 278 1655 sint,
296 1621 354 1648 tam
370 1617 516 1648 universis
530 1617 709 1655 communia,
732 1626 818 1656 quam
834 1615 959 1655 singulis
977 1626 1030 1656 pe-

207 1661 355 1692 culiaria:
375 1662 448 1693 mihi
476 1672 558 1699 sane,
587 1662 704 1701 meique
730 1661 876 1692 similibus
905 1660 1026 1692 videtur.

206 1706 420 1737 humanissime
447 1707 597 1747 princeps,
631 1715 696 1736 esse
726 1706 831 1736 factum
846 1706 933 1745 hujus
950 1705 1028 1735 modi

207 1755 236 1781 et
250 1751 384 1791 iniquum
401 1755 429 1781 et
445 1760 579 1787 enorme,
598 1754 759 1790 contraque
774 1760 873 1780 sacros
888 1759 1026 1786 canones,

207 1800 236 1826 et
264 1796 393 1827 decretis
422 1795 626 1836 spiritualibns
655 1804 688 1825 ac
718 1794 833 1834 legibus
847 1794 1026 1825 adversum:

205 1850 262 1872 nec
274 1842 344 1871 satis
360 1840 470 1872 habere
488 1840 606 1877 virium,
623 1849 687 1879 quae
713 1839 748 1870 ab
762 1839 931 1870 adversaria
946 1842 1029 1878 parte

206 1889 384 1925 opponatur.
402 1884 474 1915 Nam
497 1894 593 1924 neque
609 1893 694 1914 sacra
710 1883 890 1924 pragmatica
904 1883 1028 1923 sanatio,

206 1929 296 1960 veluti
308 1929 444 1969 superius
474 1933 519 1960 est
546 1929 743 1966 declaratum,
761 1929 900 1958 adversus
914 1927 1029 1957 divinos

206 1983 336 2005 canones
360 1973 467 2004 valebit
484 1982 490 2004 :
518 1982 614 2013 neque
640 1972 860 2009 condemnatio,
876 1981 941 2012 quae
956 1981 1030 2002 con-

206 2022 249 2048 tra
275 2019 355 2057 leges
370 2027 499 2048 canones
522 2018 627 2058 tendit,
657 2016 814 2048 laudabilis
828 2026 893 2047 esse
910 2017 1027 2056 poterit.

206 2061 343 2098 Quamvis
372 2062 452 2093 enim
481 2061 626 2101 scriptum
655 2071 671 2091 a
700 2062 861 2091 constituta
890 2060 1030 2090 divinitus

206 2106 359 2146 majestate
384 2110 434 2137 tua
463 2106 664 2139 subnotatum,
689 2105 849 2136 artiﬁciose
865 2110 952 2144 atque
966 2113 1029 2135 ora-

1037 839 1057 863 Β

1038 1516 1058 1545 C

1071 235 1211 269 διακοσίοις
1230 236 1363 265 δεκαοκτὼ
1384 238 1491 277 χρόνοις
1520 238 1591 271 ὅλοις
1618 239 1813 279 κατασχόντων
1847 239 1890 272 τήν

1071 281 1285 320 Πελοπόννησον,
1320 283 1364 310 καὶ
1392 283 1441 315 τῆς
1465 278 1620 320 Ῥωμαϊκῆς
1640 283 1728 323 ἀρχῆς
1757 283 1891 321 ἀποτεμο-

1070 325 1169 363 μένων,
1206 327 1243 358 ὡς
1279 325 1348 364 μηδὲ
1375 325 1442 355 πόδα
1471 327 1566 366 βαλεῖν
1601 327 1669 359 ὅλως
1706 327 1830 356 δύνασθαι
1869 329 1892 355 ἓν

1070 371 1136 408 αὐτῇ
1164 366 1296 408 Ῥωμαῖον
1323 370 1402 410 ἄνδρα
1419 379 1425 386 ⁸
1455 371 1482 400 ἐν
1511 376 1559 410 μιᾷ
1587 371 1614 400 δὲ
1642 372 1697 411 ὥρᾳ
1722 372 1826 400 τούτων
1850 373 1891 409 μὲν

1068 414 1261 454 ἀφανισθέντων
1286 415 1316 444 ἐκ
1341 415 1424 452 μόνης
1447 415 1599 455 ἐπιφανείας
1622 422 1669 446 τοῦ
1691 416 1890 456 πρωτοκλήτου,

1069 462 1117 492 τῆς
1149 458 1176 487 δὲ
1213 460 1303 500 χώρας
1332 459 1437 493 ἁπάσης
1464 468 1523 493 τοῖς
1554 457 1717 499 Ῥωμαϊκοῖς
1750 461 1892 500 σκήπτροις

1069 503 1263 538 ἐπανελθούσης
1268 529 1274 536 ,

1111 593 1159 622 Καὶ
1180 593 1283 633 πρῶτον
1307 595 1356 631 μὲν
1379 593 1554 634 προϐάλλεται
1577 595 1608 622 το
1629 598 1676 622 τοῦ
1697 593 1825 632 ῥηθέντος
1847 594 1892 632 βα-

1070 637 1163 669 σιλέως
1188 637 1396 678 χρυσόϐουλλον,
1420 642 1466 667 τοῦ
1493 640 1536 667 καὶ
1567 639 1616 672 τὴν
1639 639 1719 672 αδτὴν
1743 639 1894 678 ἁγιωτάτῃ-δ

1070 682 1212 716 ἐκκλησίαν
1241 686 1362 723 Πατρῶν,
1389 683 1415 716 ἐξ
1444 684 1660 724 ἆρχιεπισκοπῆς
1689 685 1724 715 εἷς
1754 685 1893 723 μητροπό-

1067 728 1134 760 λεως
1164 728 1239 761 δόξαν
1278 729 1469 768 ἀναγαγόντος,
1507 729 1548 758 διὰ
1587 731 1618 758 τὸ
1652 730 1729 768 ῥηθὲν
1758 731 1893 769 τεράστιον

1067 773 1112 801 τοῦ
1133 774 1284 813 κορυφαίου,
1316 775 1359 801 καὶ
1382 774 1468 813 τρισίν
1503 774 1663 806 ἐπισκοπαϊς
1693 774 1777 807 αὐτὴν
1807 773 1892 813 δωρη-

1069 817 1192 856 σαμένου,
1215 821 1249 856 τῇ
1277 818 1397 858 Μεθώνῃ,
1427 822 1461 856 τῇ
1489 818 1674 858 Λακεδαίμονι,
1706 820 1750 846 καὶ
1771 822 1808 856 τῇ
1830 822 1894 856 Σαρ-

1104 849 1108 855 .
1182 849 1192 856 .
1237 849 1248 856 ,η
1375 849 1396 858 ..,
1449 849 1461 856 ..
1603 849 1607 856 .
1667 849 1674 858 ι
1795 849 1808 856 .-
1871 849 1875 856 .

1068 863 1203 901 σοκορώνῃ
1221 872 1227 879 ·
1256 864 1300 891 καὶ
1328 863 1415 903 ἕτερον
1452 864 1536 901 τούτῷ
1565 863 1684 900 συνᾷδον,
1715 863 1833 895 Δλέοντος
1854 864 1893 891 καὶ

1068 906 1239 946 Ἀλεξάνδρου
1264 910 1317 935 τῶν
1346 906 1478 945 βασιλέων
1493 915 1499 922 '
1543 909 1587 935 καὶ
1629 909 1714 947 τρίτον
1745 903 1893 946 ιΡωιιανοῦ,
1918 943 1919 946 η

1068 951 1256 990 Χριστοφόρου,
1285 952 1328 979 καὶ
1369 953 1576 989 Κωνσταντίνου,
1617 952 1676 980 κατ’
1716 951 1799 992 ἴχνος
1835 953 1894 982 τοῖς

1067 994 1157 1027 ἄλλοις
1174 996 1268 1033 βαῖνον
1285 1004 1292 1011 ·
1323 997 1367 1024 καὶ
1392 995 1456 1024 ἄλλο
1472 996 1514 1025 ἐπὶ
1528 997 1644 1028 τούτοις.
1674 997 1828 1036 Νικηφόρον
1852 999 1894 1024 τοῦ

1067 1043 1148 1067 Φωκᾶ
1164 1049 1172 1056 ·
1209 1041 1252 1068 καὶ
1278 1040 1398 1078 πέμπτον
1432 1040 1473 1069 ἐπὶ
1509 1041 1623 1078 τούτοις,
1652 1046 1698 1070 τοῦ
1727 1042 1779 1080 πρὸ
1801 1042 1894 1080 μικροῦ

1068 1082 1282 1121 βεϐασιλευκότος
1323 1084 1369 1112 τοῦ
1409 1086 1594 1122 Βοτανειάτοο,
1638 1086 1699 1118 τοὺς
1737 1086 1893 1125 εἰρημένους

1068 1129 1168 1161 πάντας
1198 1129 1441 1168 ἐπισφραγίζοντος.
1485 1131 1533 1158 Καὶ
1568 1131 1582 1158 ὁ
1621 1130 1825 1169 Νεοκαισαρείας
1870 1129 1895 1156 δὲ

1069 1173 1220 1212 ἐστήρικται
1249 1173 1348 1211 ὁμοίως
1372 1174 1543 1211 ὑπομνήματι
1576 1179 1623 1203 τοῦ
1655 1174 1682 1202 ἐν
1711 1175 1829 1213 μακαρίᾳ
1865 1177 1897 1211 τῇ

1069 1216 1136 1250 λέξει
1172 1219 1348 1258 πατριάρχου,
1372 1218 1451 1258 κυροῦ
1475 1218 1599 1258 Μιχαὴλ,
1634 1220 1676 1247 καὶ
1704 1217 1898 1258 χῳσοὸούλλῳ

1071 1265 1149 1302 κυροῦ
1173 1262 1286 1302 Μιχαὴλ
1307 1266 1354 1292 τοῦ
1379 1262 1477 1292 Λούκα.
1509 1264 1675 1302 Εὑρίσκονται
1698 1262 1725 1291 δὲ
1752 1264 1798 1291 καὶ
1826 1263 1896 1302 πρα-

1072 1305 1122 1339 ξεις
1151 1305 1356 1346 διαγορεύουσαι,
1381 1306 1420 1335 ὅτι
1450 1318 1499 1346 περ
1521 1307 1579 1336 ὅσαι
1601 1311 1655 1336 τῶν
1675 1307 1832 1336 ἐπισκοπῶν
1862 1308 1896 1339 εἰς

1071 1351 1262 1391 μητροπόλεων
1291 1351 1401 1389 ἔμελλον
1429 1350 1634 1386 ἀναϐιϐασθῆναι
1656 1352 1746 1389 κλέος,
1767 1353 1817 1380 οὒκ
1847 1351 1896 1380 ἂλ-

1071 1395 1124 1427 λως
1148 1397 1240 1424 τούτου
1271 1395 1410 1436 ἐπέτυχον,
1443 1397 1465 1424 εἶ
1493 1396 1532 1434 μὴ
1567 1397 1732 1437 κοινωφελὴς
1753 1396 1896 1436 προῦκειτο

1071 1441 1216 1480 οἰκονομία,
1238 1441 1281 1468 καὶ
1306 1441 1324 1474 ἡ
1354 1439 1458 1473 σύνοδος
1487 1439 1654 1478 κατεδέξατο,
1683 1442 1727 1470 καὶ
1754 1443 1768 1469 ὁ
1791 1453 1896 1480 μητρο-

1070 1484 1180 1518 πολίτης
1194 1487 1243 1518 τῆς
1269 1484 1416 1522 μελλούσης
1443 1486 1587 1523 τιμηθῆναι
1615 1485 1757 1519 ἐκκλησίας
1787 1486 1897 1514 ἀντιδό-

1071 1540 1125 1561 σεις
1148 1529 1220 1562 ἀξίας
1241 1530 1356 1567 εἰληφὼς
1381 1532 1432 1563 τῆς
1460 1529 1600 1567 βασιλικῆς
1616 1529 1712 1571 δεξιᾶς,
1729 1537 1789 1563 τοῖς
1806 1542 1897 1570 πρατ-

1070 1574 1191 1612 τομένοις
1220 1575 1356 1612 συνῄνεσε.
1394 1574 1531 1603 Τοσούτων
1562 1575 1648 1603 τοίνυν
1677 1576 1758 1604 ὄντων
1788 1576 1899 1614 βοηθη-

1071 1619 1173 1657 μάτων,
1199 1619 1243 1646 καὶ
1276 1622 1371 1647 κοινῶν
1399 1625 1457 1650 τοῖς
1485 1622 1562 1658 πᾶσι,
1592 1619 1637 1647 καὶ
1664 1622 1718 1647 τῶν
1732 1619 1901 1648 καθέκαστον

1070 1661 1153 1699 ἰδίων,
1179 1662 1237 1690 ἐμοί
1264 1673 1292 1690 τε
1317 1663 1362 1690 καὶ
1389 1669 1447 1694 τοῖς
1476 1664 1577 1700 ὁμοίοις
1598 1662 1684 1704 δοκεῖ,
1709 1663 1901 1704 φιλανθρωπό-

1070 1718 1133 1735 τατε
1168 1706 1286 1747 βασιλεῦ,
1315 1707 1470 1746 παράνομον
1496 1707 1568 1736 εἶναι
1608 1708 1653 1736 καὶ
1686 1707 1815 1747 ἄρρυθμον
1850 1711 1900 1742 τὴν

1070 1753 1194 1785 τοιαύτην
1214 1752 1318 1792 πρᾶξιν,
1344 1753 1388 1780 καὶ
1408 1755 1462 1780 τῶν
1490 1753 1566 1792 ἱερῶν
1592 1753 1710 1781 κανόνων
1724 1753 1889 1782 ἆπεναντίαν

1070 1797 1113 1824 καὶ
1141 1803 1200 1828 τοῖς
1228 1804 1418 1835 πνευματικοῖς
1453 1797 1523 1836 ὅροις
1557 1798 1601 1825 καὶ
1629 1797 1719 1835 νόμοις
1748 1798 1919 1839 ἀντίθετον,ἶ

1070 1842 1114 1870 καὶ
1129 1842 1180 1881 οὔχ
1207 1842 1283 1869 ἱκανὰ
1311 1842 1343 1869 τὰ
1364 1842 1435 1881 παρὰ
1456 1846 1503 1871 τοῦ
1531 1841 1688 1881 ὰντιῤῥόπου
1718 1842 1815 1881 μέρους
1849 1833 1919 1872 ἂνζῑ

1894 1779 1901 1795 ἳ

1070 1886 1228 1924 τιτιθέμενα.
1246 1886 1311 1914 Οὔτε
1333 1886 1382 1925 γὰρ
1411 1887 1596 1925 πραγματικὸς
1624 1888 1695 1918 θεῖος
1718 1887 1800 1919 τύαιος
1828 1891 1901 1917 κατὰ

1070 1933 1122 1958 τῶν
1135 1931 1211 1958 θείων
1230 1930 1348 1958 κανόνων
1382 1931 1497 1970 ἰσχύσει,
1525 1931 1562 1962 ὡς
1590 1930 1688 1959 ἄνωθεν
1715 1930 1901 1972 διατετράνω-

1070 1986 1126 2015 ται,
1144 1976 1203 2002 οὒτε
1225 1975 1279 2013 μὴν
1307 1974 1447 2010 καταδίκη,
1475 1974 1556 2012 ὁμόσε
1588 1974 1678 2013 νόμων
1702 1977 1745 2004 καὶ
1774 1978 1902 2006 κανόνων

1070 2022 1206 2059 χωροῦσα,
1223 2019 1360 2053 ἐπαινετή.
1383 2020 1412 2047 Εἰ
1435 2019 1484 2058 γὰρ
1505 2019 1549 2047 καὶ
1567 2020 1598 2047 τὸ
1620 2019 1761 2057 σημείωμα
1784 2023 1837 2054 τῆς
1873 2023 1903 2050 ἐκ

1072 2067 1138 2092 Θεοῦ
1171 2062 1306 2102 βασιλείας
1333 2074 1390 2099 σου,
1418 2065 1550 2103 τεχνικῶς
1581 2063 1625 2091 καὶ
1650 2063 1796 2102 ῥητορικῶς
1824 2075 1904 2094 κατ-

1071 2109 1236 2149 εσκεύασται,
1264 2110 1309 2137 καὶ
1336 2109 1448 2137 πιθανὸν
1478 2107 1553 2137 δοκεῖ
1580 2114 1640 2140 τοῖς
1664 2108 1777 2142 πολλοῖς
1795 2117 1802 2125 ·
1834 2111 1903 2140 ἀλλ’

206 2150 282 2181 torie
314 2151 420 2182 factum
437 2155 491 2189 est,
509 2160 545 2182 ac
561 2150 644 2190 Vulgo
657 2150 746 2180 ﬁdem
763 2150 872 2181 mereri
887 2149 1003 2180 videtur
1019 2157 1026 2180 ε

1111 2165 1142 2181 ιω
1156 2154 1199 2182 καὶ
1228 2153 1347 2193 δυνατὸν,
1376 2153 1472 2191 νόμους
1494 2152 1598 2182 ἀνελεῖν
1625 2154 1670 2181 καὶ
1696 2154 1821 2191 κανόνας,
1857 2159 1906 2185 ut

205 2205 263 2226 non
279 2200 377 2227 tamen
387 2199 416 2227 et
426 2195 506 2235 leges
520 2199 608 2235 atque
625 2204 753 2226 canones
776 2199 908 2225 evertere
921 2198 1026 2234 potest,

204 2243 232 2270 at
249 2241 401 2272 veritatem
426 2244 593 2271 succutere.
619 2239 692 2270 Nam
718 2241 863 2279 argutatio
893 2243 923 2270 et
937 2239 1028 2269 ratio—

205 2284 383 2322 cinationes,
402 2295 437 2316 ex
451 2285 488 2315 iis
504 2288 710 2325 sumptaa,qum
724 2284 877 2315 hominum
895 2283 1028 2324 opinioni

205 2332 414 2360 consentanea
427 2329 647 2366 videntur,cum
664 2338 723 2359 non
735 2328 812 2365 sint;
826 2328 912 2368 longe
921 2328 1028 2359 absnnt

205 2383 222 2404 ιι
235 2383 305 2404 vero
321 2381 409 2414 atque
421 2373 554 2405 scientia.
572 2375 634 2405 Nec
661 2374 748 2412 longa
763 2373 945 2404 consuetudo
960 2374 1027 2404 efﬁ-

205 2418 262 2449 ciet
277 2423 455 2459 unquam,ut
480 2418 605 2459 id,quod
634 2418 670 2449 ab
694 2418 778 2448 initio
793 2417 954 2449 subsistere
969 2427 1028 2448 non

205 2464 308 2503 potuit,
326 2464 423 2494 locum
450 2463 566 2494 habeat.
593 2462 676 2493 Tunc
701 2463 779 2493 enim
809 2463 894 2502 longa
910 2472 1029 2502 quoque

205 2509 392 2541 consuetudo
408 2509 465 2539 vim
483 2509 556 2547 legis
570 2508 694 2546 obtinet,
705 2508 821 2548 quando
835 2513 1028 2548 praeterquam

206 2553 284 2593 quod
316 2553 468 2584 curatione
497 2562 556 2584 non
583 2559 704 2593 pugnat,
732 2561 787 2584 nec
816 2553 910 2592 legcm
927 2553 1028 2584 everti.

205 2597 243 2628 At
258 2607 325 2628 cum
341 2599 397 2629 hoc
414 2598 500 2629 modo
516 2598 592 2628 sacri
615 2607 744 2628 canones
759 2601 938 2638 evertantur,
955 2607 1029 2638 qua—

205 2651 274 2672 nam
302 2643 418 2674 ratione
442 2642 635 2680 consuetudo,
667 2651 731 2681 quae
760 2642 802 2672 sic
827 2642 956 2683 irrepsit,
975 2643 1029 2673 ad—

205 2687 364 2718 mittetur?
375 2686 447 2718 Nam
472 2687 541 2718 audi
553 2687 626 2726 legis
641 2686 730 2717 verba
747 2695 752 2717 ;
772 2686 872 2721 «Ουοά
889 2696 947 2717 non
963 2697 1029 2718 cum

204 2731 321 2762 ratione
338 2732 539 2763 introductum
568 2735 621 2770 est,
636 2731 687 2762 sed
702 2740 755 2771 per
770 2740 904 2762 errorem
921 2736 950 2762 et
962 2742 1030 2763 con-

206 2777 394 2810 suetudinem
403 2777 530 2809 obtinuit
540 2777 569 2807 in
580 2776 727 2807 similibus
734 2777 832 2807 valere
840 2786 898 2806 non
909 2777 1007 2811 debet.
1016 2791 1028 2810 ι

1069 2199 1118 2232 τὴν
1133 2197 1258 2233 ἀλήθειαν
1279 2204 1447 2229 κατασεϊσαι.
1479 2198 1631 2237 Σοφιστεία,
1660 2198 1721 2238 γὰρ,
1755 2200 1800 2228 καὶ
1827 2201 1905 2230 συλ-

1069 2242 1203 2282 λογισμοὶ,
1219 2242 1248 2271 ἐκ
1269 2243 1432 2282 φαινομένων
1449 2241 1568 2280 ἐνδόξων,
1585 2242 1625 2280 μὴ
1651 2242 1733 2270 ὄντων
1760 2243 1800 2281 δὲ,
1828 2247 1909 2285 πόῤ-

1069 2288 1106 2327 ῥω
1120 2291 1167 2316 τοῦ
1182 2287 1256 2320 ὄντος
1279 2288 1323 2316 καὶ
1341 2288 1493 2325 ἐπιστήμης
1515 2288 1590 2318 εἰσίν.
1619 2286 1693 2316 Ἀλλ’
1721 2287 1778 2317 οὐδὲ
1806 2293 1907 2331 μακρὰ

1069 2333 1202 2373 συνήθεια,
1238 2333 1268 2361 τὸ
1297 2333 1423 2372 ἀπαρχῆς
1451 2332 1641 2372 ἀνυπόστατον,
1677 2333 1714 2364 εἰς
1751 2334 1907 2365 ὑπόστασιν

1069 2377 1122 2410 ἄξει
1152 2377 1227 2407 ποτέ.
1266 2378 1330 2406 Τότε
1357 2377 1406 2416 γὰρ
1427 2377 1471 2405 καὶ
1498 2378 1516 2411 ἡ
1544 2376 1632 2416 μακρὰ
1656 2378 1779 2412 συνήθεια
1821 2380 1908 2409 οὐδὲν

1072 2423 1150 2454 ἧττον
1169 2423 1249 2460 νόμου
1270 2428 1374 2461 κρατεῖ,
1401 2420 1463 2449 ὅταν
1486 2422 1552 2461 πρὸς
1579 2423 1617 2457 τῷ
1632 2421 1671 2459 μὴ
1692 2421 1832 2461 ἀλόγιστος
1853 2426 1907 2453 εἶ-

1070 2478 1122 2504 ναι,
1147 2468 1191 2494 καὶ
1205 2467 1286 2504 νόμον
1311 2466 1358 2494 οὒκ
1381 2466 1487 2505 ἀναιρῇ.
1512 2464 1570 2493 Ὧδε
1591 2464 1618 2493 δὲ
1639 2467 1692 2493 τῶν
1719 2467 1795 2495 θείων
1825 2468 1907 2497 ἀνα-

1070 2512 1238 2551 τρεπομένων
1266 2511 1394 2549 κανόνων,
1425 2512 1493 2547 ποίῳ
1520 2510 1642 2550 λογισμῷ
1670 2512 1793 2546 συνήθεια
1822 2513 1909 2551 λαμ.-

1071 2555 1185 2585 ϐάνουσα
1212 2555 1376 2596 παρείσδυσιν
1403 2554 1656 2595 προσδεχθήσεταις
1701 2554 1817 2595 Ἀκούσῃ
1847 2560 1910 2598 γὰρ

1072 2604 1117 2629 τοῦ
1133 2601 1216 2639 νόμου
1230 2601 1354 2640 λέγοντος
1371 2610 1378 2618 ·
1407 2612 1419 2628 ‹
1438 2601 1474 2629 Τὸ
1503 2599 1542 2637 μὴ
1573 2600 1639 2636 μετὰ
1654 2599 1784 2639 λογισμοῦ
1798 2603 1914 2632 εἰσενε-

1071 2646 1146 2685 χθὲν,
1177 2645 1244 2674 ἀλλὰ
1271 2646 1339 2673 κατὰ
1367 2644 1471 2678 πλάνην
1504 2645 1549 2672 καὶ
1574 2645 1711 2679 συνήθειαν
1746 2649 1910 2686 κρατῆσαν,

1072 2691 1101 2718 οὒ
1129 2690 1171 2718 δεῖ
1192 2697 1299 2729 κρατεῖν
1324 2689 1350 2717 ἐν
1379 2695 1437 2722 τοῖς
1464 2689 1576 2726 ὁμοίοις.
1594 2699 1608 2716 ιι
1633 2690 1687 2718 Οὐκ
1708 2689 1859 2728 ἀγνοοῦμεν
1878 2693 1913 2722 δὲ

1071 2737 1114 2763 καὶ
1149 2735 1181 2762 τὰ
1220 2733 1282 2774 παρ’
1326 2733 1399 2762 ἐνίων
1439 2733 1637 2773 προσφερόμενα
1672 2735 1754 2774 πικρὰ
1789 2735 1914 2774 ῥήματι

1071 2781 1103 2808 τὰ
1130 2779 1308 2815 σπουδάζοντα
1336 2778 1435 2819 δωρεὰν
1460 2777 1643 2806 ἀποδεικνύειν
1669 2779 1824 2821 βασιλικὴν,
1853 2783 1916 2817 τὴν
