1922 3081
53 147 116 180 881

57 219 111 244 τῶν
138 215 304 250 Ἐκκλησίῶν
333 216 494 246 ἐπανάϐασιν
511 226 518 234 '

55 262 159 295 ταύτην
188 261 387 302 ἀνατρέπεσθαι,
422 262 502 301 λόγου
530 263 699 303 ἀχαριστείας
721 263 760 301 μὴ
782 273 888 301 παρεμ-

56 307 216 338 πίπτοντος.
254 308 283 335 Εἱ
319 308 368 346 γὰρ
403 307 542 347 ἀνθρώπῳ,
579 309 653 348 φησὶ,
685 307 846 347 δωρούμενος
875 308 888 335 ὁ

56 350 195 388 βασιλεὺς,
212 353 259 381 οὒκ
275 351 362 384 ἄλλως
384 351 561 389 ἀναλαμϐάνει
589 354 638 386 τὴν
666 351 776 392 δωρεὰν,
799 353 820 379 εἱ
849 352 887 389 μὴ

56 395 218 434 ἀχαριστίας
261 395 424 435 παρεμπέσοι
463 396 555 437 λόγος,
585 397 678 433 πολλομ
708 396 809 434 μᾶλλον
845 396 887 424 ἐπὶ

57 443 110 468 τῶν
150 441 230 479 ἁγίων
266 439 444 480 Ἐκκλησιῶν,
474 441 513 481 ἐφ’
544 442 580 470 ὢν
601 442 759 482 ἀχαριστίαν
787 440 884 480 λέγειν,

58 486 106 513 οὒκ
132 484 252 524 εὔλογον.
276 488 382 524 Πρῶτον
408 485 456 522 μὲν
478 486 537 525 -γὰρ
566 487 630 523 πρὸς
652 486 699 518 τὰς
725 485 829 524 πόλεις,
859 485 888 513 οὒ

58 529 125 567 πρὸς
148 530 195 560 τὰς
224 529 367 562 ἐκκλησίας
397 531 414 563 ἡ
443 530 568 568 βασιλικὴ
595 530 689 570 δωρεά.
730 531 757 558 El
787 529 814 557 δὲ
844 530 887 557 καὶ

57 573 114 606 θείη
130 585 174 605 τις
195 577 271 602 τοῦτο
297 574 452 611 βιαζόμενος
473 573 571 615 δωρεὰν
601 575 683 611 εἶναι,
715 573 804 602 ἄδικον
838 575 888 602 αὖ-

58 617 106 651 τὴν
122 618 237 657 εὑρήσει,
255 618 299 646 καὶ
313 618 389 655 νόμοι
400 618 588 658 ἀπρόσδεκτον.
603 621 679 648 Οὔτοι
693 619 742 658 γὰρ
757 617 887 649 κωλύουσι

59 663 102 690 καὶ
116 663 165 693 τὰς
183 662 285 694 ἀδίκους
301 663 430 702 αἰτήσεις,
453 664 497 691 καὶ
525 664 572 696 τὰς
594 663 750 703 προχείρους
780 663 886 701 εὐεργε-

59 706 129 742 σίας,
147 708 184 739 εἰς
210 705 299 734 ἄλλων
321 706 421 744 βλάϐην
451 707 618 747 αἰτουμένοις,
649 708 812 747 χαρίζεσθαι.
841 706 888 735 Καὶ

60 750 108 787 ἔτι,
125 752 174 779 οὐκ
201 750 347 790 ὀφείλουσιν
372 751 470 791 ἑτέροις
494 759 561 780 ε“ναι
583 753 718 789 ἐπιζήμιοι
741 750 887 790 αὶ“ὲτέρων

59 795 147 832 τιμαί,

735 151 1086 184 (ἶΗιΕΟΟ-ΒΟΜΑΝΗΜ.

547 220 591 247 καὶ
613 219 651 256 μὴ
679 218 735 247 δεῖν
757 218 886 257 φάσκοντα

969 227 1034 257 eque
1050 227 1118 249 vero
1133 219 1302 259 ignoramus
1316 221 1422 252 acerba
1444 222 1543 253 istbaec
1567 221 1668 259 verba,
1685 231 1751 262 quze

1696 156 1755 189 889

931 270 947 291 a
977 263 1128 294 nonnullis
1156 265 1346 303 proferuntur
1374 265 1481 305 quibus
1506 266 1631 306 probare
1647 266 1752 297 nitun-

930 309 988 344 tur,
1003 307 1197 338 ecclesiarum
1222 309 1258 339 ad
1279 310 1383 340 altiora
1399 311 1628 350 provectionem,
1647 320 1755 342 munus

930 359 995 380 esse
1010 351 1255 391 imperatorium;
1283 354 1361 394 quod
1386 355 1617 386 rescindendum
1633 360 1754 394 negant,

929 394 1042 425 ratione
1069 395 1266 435 ingratudinis
1295 407 1354 428 non
1380 398 1605 430 interveniente.
1626 399 1700 430 Nam
1729 399 1754 430 si

929 439 1042 469 homini
1059 439 1186 479 largiens
1202 441 1314 482 aliquid
1330 443 1500 482 imperator,
1519 443 1667 482 inquiunt,
1694 453 1754 474 non

929 483 1016 513 aliter
1027 483 1206 516 beneﬁcium
1223 495 1307 517 suum
1324 493 1456 524 revocat,
1484 487 1540 517 nisi
1556 497 1643 518 causa
1653 488 1749 526 ingra-

931 527 1065 558 titudinis
1086 528 1238 569 inciderit,
1267 531 1360 562 multo
1387 531 1480 571 magis
1502 531 1531 561 id
1548 531 1645 562 locum
1666 532 1755 564 habet

929 571 959 601 in
980 572 1073 603 sacris
1086 575 1196 605 sanctis
1212 575 1359 616 ecclesiis,
1386 585 1458 616 quas
1473 575 1690 615 ingratitudinis
1704 577 1752 607 in-

929 616 1068 647 simulare
1085 618 1171 655 vello,
1198 619 1359 651 absurdum
1378 620 1477 652 fuerit.
1490 620 1607 652 Atenim
1625 620 1752 660 primum

931 670 987 691 non
1002 661 1037 692 ad
1055 663 1208 701 ecclesias,
1239 665 1291 695 sed
1307 665 1343 695 ad
1370 664 1502 696 civitates
1518 665 1574 695 hoc
1590 665 1754 705 imperato-

929 705 1006 735 rium
1037 706 1215 739 beneﬁcium
1243 713 1369 749 spectat.
1386 708 1470 745 Quod
1500 709 1525 739 si
1540 709 1667 740 maxime
1689 710 1755 750 quis

931 753 1030 788 ponat,
1035 759 1089 790 per
1102 751 1159 782 vim
1176 757 1367 793 extorqueas,
1395 762 1461 784 esse
1476 753 1678 784 donationem.
1693 753 1753 784 Be-

929 793 1024 833 periet
1049 795 1200 835 injustam,
1219 801 1246 828 et
1260 798 1375 837 legibus
1400 797 1659 838 vetitam.Quippe
1673 798 1755 838 leges

62 839 223 879 prohibent
238 839 363 880 injustas
379 849 494 880 preces,
510 849 544 871 ac
567 839 668 871 faciles
691 839 878 875 donationes,
896 837 926 868 in
953 838 1077 870 aliorum
1094 841 1198 881 petitas
1215 842 1438 883 detrimentum,
1455 842 1590 874 concedi.
1610 837 1755 878 Praeterea

61 892 122 914 non
139 884 252 916 debent
265 886 391 917 aliorum
408 885 536 916 honores
551 885 617 916 aliis
633 894 699 916 esse
712 883 860 915 damnosi.

98 929 152 963 Τῆς
180 930 327 962 ὑποθέσεως
363 931 406 959 οὖν
437 930 519 962 οὕτως
555 930 688 968 ἐπιμελῶς
714 930 918 966 ζητηθείσης,Β

60 974 150 1012 χρεὼν
171 975 290 1015 πάντως,
311 976 431 1004 Θεσπέσιε
453 975 571 1014 βασιλεῦ,
595 975 644 1008 τὴν
659 974 798 1013 ἀλόγιστον
820 973 885 1000 ταύ-

59 1028 107 1050 την
132 1019 177 1046 καὶ
199 1018 288 1048 ἄδικον
315 1019 408 1060 πρᾶξιν
429 1019 494 1050 τέως
516 1021 552 1051 εἰς
572 1020 621 1052 τὴν
649 1019 712 1052 εξῆς
740 1019 883 1056 ἀνακόψαι,

59 1062 133 1090 θείων
155 1065 340 1101 θεσπισμάτων
364 1063 535 1102 ἐκτιθεμένων
564 1064 633 1103 παρᾶ
663 1065 711 1097 τῆς
743 1065 791 1096 σῆς
814 1064 885 1100 ἡμε-

61 1106 184 1145 ρότητος,
201 1109 315 1147 γίνεσθαι
339 1110 436 1142 ταύτην
466 1108 604 1138 τουλοιποῦ
635 1107 791 1137 κωλυόντων
819 1108 884 1134 καθ-

61 1151 126 1184 άπαξ
144 1161 153 1169 ·
174 1156 227 1181 τῶν
241 1154 471 1193 προηγησαμὲνων
486 1152 512 1181 δὲ
536 1153 718 1193 προσήκουσαν
747 1153 790 1180 καὶ
815 1162 883 1179 κατ-

61 1195 178 1229 ἀλληλον
221 1201 254 1236 τῇ
289 1197 501 1237 μεγαλεπηϐόλῳ
536 1198 637 1227 συνέσει
672 1208 729 1234 σου,
774 1198 882 1229 ποιῆσαι

61 1241 220 1278 οἰκονομίαν,
260 1244 308 1271 Καὶ
335 1242 394 1271 ὅσαι
428 1246 481 1270 τῶν
507 1242 654 1276 ἐκκλησιῶν
684 1241 710 1274 ἐξ
737 1243 880 1269 ἒπισκοπι-

60 1288 110 1312 κων
132 1285 239 1314 δικαίων
261 1288 297 1318 εἷς
326 1287 461 1327 ὑπεροχὴν
490 1286 680 1326 μητροπόλεων
707 1286 878 1325 ἀναχθεῖσαι,

59 1329 224 1369 ὑπερήλασαν
249 1331 398 1363 ἀδιακόπως
427 1332 468 1359 καὶ
499 1332 548 1365 τὴν
576 1330 684 1371 χρονίαν
712 1329 886 1369 παραγραφὴν

60 1376 104 1406 τῆς
139 1375 412 1415 τριακονταετηρίδος,
456 1376 605 1413 μενέτωσαν
649 1375 691 1403 ἐπὶ
731 1375 882 1414 σχήματος,

60 1420 101 1448 καὶ
120 1424 155 1458 τῇ
180 1422 241 1460 ἁγίᾳ
269 1422 314 1450 καὶ
344 1421 448 1461 μεγάλη
476 1427 522 1452 τοῦ
543 1425 608 1450 Θεοῦ
632 1420 778 1456 Ἐκκλησία
799 1419 884 1448 ἔστω-

61 1475 104 1492 σιν
124 1465 309 1503 ὑποκείμεναι,
340 1465 448 1500 Ἐπειδὴ
470 1467 513 1495 καὶ
539 1470 615 1494 τοῦτο
644 1466 787 1505 προνόμιον
822 1464 882 1492 ἐπι-

62 1511 198 1549 σκοπικὸν,
222 1511 266 1538 καὶ
300 1511 407 1544 κανόνες
435 1512 498 1539 εἰσὶν
519 1510 714 1550 ἐπιτρέποντες,
748 1508 883 1543 δεσπόζειν

970 927 1154 970 Quapropter
1184 931 1238 962 hac
1264 941 1353 962 causa
1377 935 1436 962 tam
1465 931 1623 970 diligenter
1638 933 1752 964 exami-

928 976 1005 1009 nata,
1023 979 1139 1013 oportet
1170 976 1303 1013 omnino,
1321 976 1420 1007 divine
1449 977 1620 1017 imperator,
1639 986 1752 1008 morem

926 1016 1087 1049 absurdum
1104 1026 1133 1050 et
1147 1020 1288 1060 injustum
1298 1022 1403 1052 saltem
1414 1022 1444 1051 in
1457 1016 1607 1061 posterum
1619 1020 1751 1063 abolere,

926 1070 1025 1092 sacras
1051 1065 1278 1095 mansuetudine
1292 1069 1341 1096 tua
1364 1065 1534 1096 sanctiones
1555 1070 1751 1107 proponente,

926 1106 1033 1145 quibus
1049 1108 1182 1139 edicatur
1196 1109 1225 1140 in
1244 1110 1426 1143 universum,
1445 1120 1482 1141 ne
1498 1109 1638 1149 deinceps
1653 1106 1751 1142 locum

927 1150 1031 1182 habt-at
1050 1161 1056 1183 :
1074 1162 1107 1183 ac
1123 1154 1160 1184 de
1173 1154 1220 1191 iis,
1238 1164 1303 1194 qua;
1327 1158 1395 1185 ante
1411 1155 1472 1185 haec
1487 1153 1682 1193 contigerunt,
1698 1164 1750 1195 pro

925 1204 978 1226 sua
993 1197 1135 1236 singulari
1163 1202 1190 1228 et
1219 1199 1340 1229 heroica
1362 1199 1530 1238 prudentia,
1561 1197 1749 1237 disponente.

925 1239 1076 1280 Quotquor
1090 1242 1178 1272 etiam
1196 1242 1328 1273 ecclesiae
1340 1243 1389 1282 jus
1410 1243 1579 1284 episcopale
1597 1247 1678 1287 prius
1693 1244 1751 1274 lia-

923 1283 1038 1322 bentes,
1055 1290 1085 1316 et
1098 1286 1134 1316 ad
1148 1288 1339 1318 eminentiam
1356 1283 1605 1328 metropolilicani
1628 1294 1749 1326 evectw,

928 1329 1088 1360 citrainter
1097 1331 1292 1362 turbationem
1304 1332 1392 1363 ullam
1409 1334 1580 1372 prieteriere
1591 1334 1751 1366 terminum

927 1374 1020 1412 longae
1037 1375 1268 1415 praescriptionis
1279 1385 1424 1407 annorum
1441 1377 1561 1417 triginta
1577 1379 1627 1410 :in
1644 1379 1750 1411 eadem

925 1418 1098 1464 conditione
1125 1424 1274 1456 maneant,
1303 1425 1331 1451 et
1359 1425 1467 1452 sanctae
1494 1431 1668 1464 magnaeque
1697 1423 1752 1455 Dei

924 1460 1065 1507 Ecclesiae
1093 1463 1220 1495 subdita:
1234 1464 1305 1495 sint.
1322 1460 1567 1507 Quandoquidem
1592 1460 1648 1499 hoc
1663 1468 1752 1499 etiam

925 1506 1093 1547 episcopale
1120 1508 1306 1548 privilegium
1337 1514 1392 1549 est,
1408 1514 1437 1541 et
1466 1515 1581 1543 exstant
1608 1522 1750 1551 canones,

61 1553 221 1583 ὲππίσκοπον
251 1556 394 1595 προνοςιίου
427 1555 518 1595 ἑτέρας
549 1554 707 1588 Ἐικλησίας
736 1553 778 1582 διὰ
801 1564 884 1595 παρα-

969 1551 975 1581 i
1003 1553 1186 1592 permittunt,
1226 1558 1258 1584 ut
1285 1555 1441 1595 episcopus
1469 1556 1590 1588 alterius
1618 1557 1753 1588 eaclesice

62 1597 155 1636 δρομῆς
178 1602 231 1627 τῶν
254 1599 400 1639 εἰρημένων
412 1600 551 1629 ἐνιαυτῶν.
582 1601 651 1632 Φησὶ
679 1600 728 1638 γὰρ
748 1600 761 1626 ὁ
777 1593 811 1633 ιζ’
832 1609 883 1625 κα-

63 1643 110 1670 νὼν
137 1646 189 1676 τῆς
214 1645 242 1672 ἓν
271 1643 420 1678 Χαλκηδόνι
456 1643 573 1680 συνόδου,
605 1644 653 1677 τὴς
682 1642 740 1671 καθ’
770 1643 882 1675 ἑκάστην

64 1686 201 1720 ἐκκλησίαν
231 1688 383 1728 ἆγροικικὰς
416 1689 566 1728 παροικίας,
595 1688 612 1722 ἢ
640 1687 796 1727 ἐγχωρίους,
833 1686 883 1724 μέ-

65 1741 112 1759 νειν
154 1732 382 1770 ὰπαροσαλεύτους
427 1734 498 1773 παρὰ
539 1739 599 1764 τοῖς
640 1732 798 1771 κατέχουσιν
840 1731 884 1759 αὖ·

63 1776 106 1807 τὰς
134 1776 301 1814 ἐπισκόποις,
325 1779 368 1806 xxi
397 1777 521 1815 μάλιστα,
545 1778 567 1805 εἰ
595 1780 782 1816 τριακονταετῆ
819 1777 884 1816 χρο-

64 1831 103 1852 νος
124 1822 219 1854 ταύνας
249 1820 379 1854 ἀῧιαστως
415 1821 616 1861 διακατέχοντες
643 1822 832 1859 ὠκονόμησαν.
855 1824 886 1850 Ei.

63 1863 87 1892 δὲ
109 1865 181 1898 ἐντος
197 1866 250 1894 τῶν
271 1866 409 1905 τριάκοντα
437 1866 561 1896 ἐνιαυτῶν
588 1866 699 1905 γένηταί
724 1877 764 1897 τις
794 1866 811 1900 ἢ
834 1865 884 1904 γέ-

65 1921 131 1938 νοιτο
148 1911 209 1949 περὶ
226 1912 310 1938 αὗτὼν
337 1909 547 1950 ἆμιρισϐήτησις,
578 1910 673 1943 ἐξεῖναι
700 1917 757 1943 τοῖς
788 1910 884 1949 λέγου-

64 1964 101 1981 σιν
125 1955 276 1994 ἠδικῆσθαι,
299 1956 357 1994 περὶ
386 1955 483 1983 τούτων
512 1962 596 1983 κινεῖν
628 1955 697 1994 παρὰ
725 1958 758 1993 τῇ
787 1953 886 1990 συνόδῳ

65 2001 109 2031 Ti:
143 2000 287 2039 ἐπαρχίας.
327 1997 355 2027 Ὧ
385 2011 434 2027 τινι
467 2000 526 2036 θείῳ
555 2000 644 2028 κανόνι
681 2001 725 2027 καὶ
754 2001 770 2033 ἡ
797 1999 822 2027 ἐν
848 2003 887 2035 τῷ

66 2043 182 2082 Τρούλλῳ
204 2049 251 2074 τοῦ
271 2043 398 2072 παλατίου
423 2048 538 2072 συστᾶσα
559 2045 620 2082 ἁγία
642 2042 745 2076 σύνοδος
773 2042 814 2071 διὰ
841 2048 887 2072 τοῦ

67 2083 105 2115 κε’
129 2089 241 2121 κανόνος
275 2088 484 2122 ἐπηκολούθησε.
509 2089 560 2120 Τὰς
583 2088 609 2116 δὲ
631 2090 707 2116 τοῦτο
746 2089 884 2124 παθούσας,

67 2131 129 2169 μηδὲ
170 2133 264 2173 χρόνῳ
297 2133 488 2173 βοηθουμένας,
524 2133 726 2173 ἐπαναστρέφειν
767 2133 885 2173 ἀναμφι-

926 1597 1144 1635 praerogativam
1171 1598 1318 1630 dictorum
1350 1609 1495 1630 annorum
1537 1601 1666 1632 decursu
1694 1601 1753 1633 sibi

925 1640 1064 1686 vindicet.
1086 1642 1184 1682 Inquit
1213 1644 1292 1673 enim
1309 1653 1403 1674 canon
1428 1653 1487 1677 xvrl
1504 1646 1608 1686 synodi
1624 1647 1749 1678 Chalce-

926 1684 1195 1723 donensis,rurales
1204 1689 1246 1718 vel
1265 1689 1461 1728 provinciales
1484 1684 1628 1730 paicecias
1646 1691 1748 1731 singu—

926 1728 1019 1760 larum
1037 1731 1228 1762 ecclesiarum
1256 1733 1448 1765 inconcussas
1463 1728 1494 1765 in
1511 1744 1615 1767 eorum
1633 1728 1750 1776 episco-

927 1783 1031 1813 porum
1050 1780 1225 1815 potestatem
1244 1787 1376 1816 manere,
1388 1779 1438 1818 qui
1449 1788 1500 1810 eas
1514 1780 1701 1820 possideant:
1718 1790 1753 1812 ac

928 1821 1131 1858 pra:sertim,si
1149 1831 1198 1852 eas
1222 1831 1367 1853 annorum
1396 1823 1517 1861 triginta
1534 1825 1643 1864 spatio,
1670 1825 1753 1856 nulla

927 1864 1145 1896 interveniente
1174 1866 1211 1903 vi,
1229 1866 1425 1906 possidentes,
1443 1868 1693 1900 administrarint.
1719 1870 1752 1900 Si

927 1913 995 1934 vero
1012 1906 1087 1935 intra
1102 1906 1168 1937 illos
1184 1916 1277 1937 annos
1293 1907 1331 1937 30
1351 1908 1395 1938 vel
1410 1908 1560 1947 inciderit,
1578 1910 1623 1940 vel
1639 1909 1752 1941 incidat

927 1949 1022 1988 aliqua
1040 1951 1077 1980 de
1087 1950 1130 1980 eis
1145 1950 1288 1981 dubitatio
1304 1962 1311 1988 ;
1323 1951 1413 1983 licere
1424 1953 1640 1991 dicentibus,se
1650 1963 1752 1995 passos

928 1993 1078 2033 injuriam,
1098 2000 1126 2025 ut
1142 1996 1178 2025 de
1209 1996 1255 2026 his
1285 1997 1362 2035 apud
1378 1997 1525 2037 synodum
1539 1993 1752 2038 provincialem

929 2042 1023 2077 agant.
1041 2038 1133 2074 Quem
1151 2049 1267 2070 sacrum
1285 2049 1427 2071 canonem
1453 2046 1552 2072 sancta
1567 2052 1685 2084 quoque
1701 2053 1751 2084 sy-

928 2082 1023 2112 nodus
1048 2083 1078 2113 in
1107 2083 1208 2114 Trullo
1235 2084 1334 2124 palatii
1362 2085 1473 2122 habita,
1491 2082 1606 2117 canonu
1630 2082 1693 2119 ixv
1707 2082 1754 2119 est

929 2131 1039 2157 secuta.
1057 2127 1171 2163 Quibus
1198 2134 1296 2159 autem
1327 2130 1382 2160 hoc
1409 2130 1574 2169 contigerit.
1594 2131 1619 2162 si
1633 2137 1752 2172 tempo-

66 2175 157 2209 λὲιτως
235 2178 268 2205 τὰ
299 2179 351 2206 τῶν
380 2178 482 2206 οἰκείων
505 2177 695 2217 μητροπόλεων
716 2177 814 2208 δίκαια,
842 2178 884 2211 Μὴ

980 2171 1193 2204 adminiculum
1221 2174 1333 2204 nullum
1366 2174 1510 2211 habeant;
1536 2176 1609 2207 citra
1631 2171 1752 2207 contra-

66 2222 212 2260 ταραττέτω
247 2222 275 2250 ὃὲ
310 2222 360 2256 τήν
403 2222 529 2261 κραταιὰν
564 2223 607 2250 καὶ
648 2223 723 2260 ἁγίαν
752 2221 884 2260 βασιλείαν

68 2277 117 2302 σου,
133 2268 163 2295 τὸ
178 2267 247 2295 κατὰ
266 2267 410 2307 φαντασίαν
424 2267 650 2306 παρεισαγόμενον
666 2266 775 2303 ἄτοπον,
811 2267 854 2294 καὶ
869 2267 885 2300 ἡ

67 2308 172 2340 δοκοῦσα
194 2313 377 2351 προσγίνεσθαι
407 2318 467 2342 ταῖς
497 2310 650 2344 ἐκκλησίαις
679 2309 762 2350 ὕϐρις,
787 2311 886 2348 ἀτιμα-

68 2356 182 2392 ζομέναις
214 2356 303 2394 ὥσπερ
331 2359 369 2393 τῷ
397 2356 560 2396 ὑφαιρεῖσθαι
592 2359 639 2383 τοῦ
667 2353 887 2394 μητροπολιτικοῦ

69 2398 222 2437 ἀξιώματος.

106 2491 157 2518 Οὐκ
198 2489 253 2517 ἔστι
295 2490 344 2529 γὰρ
385 2492 463 2518 τοῦτο
515 2489 598 2528 ὕϐρις,
654 2489 684 2516 τὺ
724 2489 886 2528 ὑφαιρεῖσθαι

72 2530 194 2570 ἐνθέσμως
219 2543 226 2551 ⁵
249 2534 398 2563 τοιδναντίον
427 2533 454 2562 δὲ
484 2533 584 2572 μᾶλλον
606 2534 636 2561 τὸ
664 2533 763 2573 ἕτερον,
793 2534 823 2560 τὸ
838 2533 885 2561 ἐκ-

73 2576 152 2615 Ῡύλως
173 2579 217 2607 καὶ
239 2578 372 2617 ἐκθέσμως
407 2579 557 2618 γινόμενον.
596 2577 694 2617 Εἰδρὲοη
727 2578 777 2616 γάρ
799 2589 822 2605 τι
844 2577 887 2605 καὶ

73 2627 181 2652 τοιοῦτον
210 2623 353 2663 γενόμενον
391 2623 473 2662 κρίσει
510 2621 643 2662 σᾳνοόικῃ,
683 2623 726 2650 καὶ
762 2622 888 2663 ἐπικρίσει

74 2664 190 2706 βασιλικῇ
205 2667 330 2707 κυρωθὲν,
354 2670 408 2702 Τῆς
430 2668 479 2706 γὰρ
509 2664 656 2700 ἐπισκοπῆς
681 2670 727 2695 τοῦ
764 2662 888 2702 ⁸Ροιζαίου

76 2709 119 2738 ὑπὸ
144 2712 188 2740 τὸν
225 2712 384 2752 Καισαρείας
423 2712 562 2752 τελούσης,
604 2712 648 2739 καὶ
678 2711 889 2750 ἂρχιεπισκοπῆς

75 2756 210 2793 γενομένης
238 2757 311 2796 παρὰ
339 2760 473 2796 Γερμανού
494 2758 540 2784 τοῦ
561 2755 730 2795 ὁμολογητοῦ
759 2757 803 2783 καὶ
837 2767 892 2784 πα-

80 2800 207 2841 τριάρχου,
231 2802 275 2830 καὶ
298 2805 343 2831 τοῦ
363 2801 406 2831 ἐπ’
436 2801 534 2831 ἐκείνου
562 2801 756 2840 βασιλεύοντος,
786 2801 893 2842 χρόνοις

515 2487 598 2528 ὕϐρις,

928 2217 1086 2247 dictionem
1103 2218 1139 2248 ad
1161 2227 1280 2248 suarum
1307 2219 1513 2259 metropolium
1534 2220 1602 2259 jura
1615 2221 1750 2252 redeant.

928 2261 1028 2301 Neque
1044 2271 1111 2291 vero
1129 2267 1339 2302 praepotentem
1356 2270 1548 2303 sanctamque
1568 2265 1752 2303 maiestatem

930 2310 1007 2336 tuam
1025 2316 1060 2337 ea
1075 2307 1172 2337 turbet
1188 2307 1436 2348 absurditas,qua)
1451 2308 1551 2347 specie
1572 2314 1658 2340 tenus
1673 2319 1752 2351 prae-

931 2351 1143 2389 tenditurtnec
1170 2352 1362 2388 contumelia,
1389 2362 1453 2392 qua:
1468 2353 1586 2384 videtur
1612 2353 1753 2386 Ecclesiis

928 2394 1067 2434 irrogari;
1085 2405 1151 2426 cum
1164 2396 1285 2426 infamia
1296 2397 1379 2436 quasi
1391 2397 1487 2428 notari
1495 2397 1661 2438 videantur,
1680 2399 1751 2431 dum

929 2439 1121 2480 metropolica
1134 2440 1260 2479 dignitas
1277 2441 1305 2471 ei
1319 2441 1469 2473 adimitur.

969 2484 1034 2515 Non
1049 2484 1127 2515 enim
1145 2485 1284 2524 probrum
1300 2490 1345 2516 est
1360 2486 1489 2525 legitime
1504 2487 1657 2528 quidpiam
1668 2489 1754 2520 amit-

930 2532 991 2558 tere
1009 2538 1015 2559 ι
1034 2529 1085 2559 sed
1102 2539 1118 2559 e
1134 2530 1281 2560 contrario
1310 2530 1407 2570 potius
1432 2531 1505 2562 illud
1520 2532 1656 2570 alterum,
1673 2533 1753 2574 quod

929 2583 1011 2603 more
1027 2578 1147 2614 novo,et
1163 2579 1268 2613 praeter
1281 2574 1360 2613 leges
1377 2576 1580 2608 committitur.
1593 2578 1630 2608 Et
1641 2577 1754 2618 depre-

930 2618 1054 2663 hensum
1067 2625 1111 2648 est
1127 2618 1238 2658 aliquid
1257 2619 1314 2649 tale
1328 2619 1435 2650 factum
1452 2620 1489 2651 de
1505 2622 1652 2653 sententia
1661 2631 1752 2663 syno-

930 2662 989 2693 dali
1006 2668 1036 2692 et
1061 2663 1249 2703 imperatorio
1275 2663 1396 2695 decreto
1425 2666 1659 2697 corroboratum.
1675 2668 1751 2699 Nam

933 2717 999 2738 cum
1024 2709 1208 2748 episcopatus
1236 2708 1363 2740 Rboezaei
1388 2710 1442 2741 sub
1459 2710 1600 2742 Caesareae
1612 2712 1752 2752 pontiﬁce

934 2753 976 2793 ﬁt,
993 2757 1022 2782 et
1031 2753 1305 2793 archiepiscopatus
1314 2754 1417 2786 fuisset
1433 2764 1449 2785 a
1460 2755 1618 2793 Germano,
1632 2757 1751 2787 confes-

935 2806 1002 2829 sore
1017 2806 1050 2828 ac
1061 2797 1248 2838 patriarcha;
1270 2797 1385 2839 subque
1399 2799 1533 2841 principe
1548 2800 1599 2842 qui
1613 2800 1753 2833 Germani
