1922 3081
197 141 257 174 883

876 147 941 178 JUS
962 146 1196 180 GANONICUM.

1829 143 1884 176 884

194 217 328 255 tempore
343 209 458 255 praiuit
467 210 595 252 imperio
612 223 618 240 :
633 211 769 242 ducentis
779 216 846 252 post
855 212 952 253 annis,
965 212 1019 243 sub

1105 214 1202 248 κοσίοις
1236 215 1354 255 ὕστερον,
1396 215 1439 243 ἐπὶ
1468 214 1650 255 Θεοφολάκτου
1685 216 1731 242 τοῦ
1766 211 1883 249 ἀοιδίμου

194 254 306 285 celebri
333 254 500 295 patriarcha
525 255 757 296 Tbeophylacto,
786 257 873 296 jussu
895 257 1023 288 Romani

197 298 324 330 senioris
339 299 540 340 imperatoris,
558 309 662 340 preces
684 301 829 332 olierente
852 301 1021 342 Nicephoro

196 343 336 383 quodam,
353 348 472 384 pastore
489 345 624 385 principe
648 345 894 386 Neocaesariensi,
911 347 1020 377 consti-

197 391 291 418 tutum
320 392 366 419 est
392 388 521 420 tribunal
549 390 668 421 mistum
697 400 731 421 ex
765 391 963 431 pontiﬁcibus,
993 395 1021 422 et

196 432 292 464 doctis
306 433 378 463 viris
406 434 574 472 senatoriis,
604 435 708 466 eodem
738 435 916 476 patriarcha,
932 445 1019 475 quem

196 476 335 515 diximus,
367 478 553 518 praesidente.
581 478 644 515 Quo
669 479 698 510 iu
721 480 834 519 judicio
856 480 1020 511 secundum

197 522 456 562 metropolitanum
473 527 517 554 est
537 524 770 564 pronuntiatum.
787 525 848 556 Hoc
865 524 1020 555 manifesto

197 571 280 606 paret
304 576 339 598 ex
354 567 473 598 illorum
502 568 722 605 snbnotatione,
739 570 789 609 qui
815 569 853 600 de
867 577 955 601 causa
967 578 1020 599 co-

196 615 383 650 gnoverunt;
407 612 503 653 deque
524 618 717 645 monumento
745 614 816 644 dicti
834 614 1019 654 patriarcha,

195 659 224 685 et
253 665 343 687 aurea
371 656 452 687 bulla
477 657 704 697 imperatorum,
731 659 869 695 Romani,
891 658 1020 690 Christo-

197 699 293 739 phori,
309 706 339 731 et.
350 702 724 742 Constantiniobsignante
740 703 883 742 judicata.
894 702 953 733 Nec
968 702 1020 733 abs

195 752 228 774 re
243 744 363 784 quidem
381 744 510 785 benigne
530 746 705 786 imperator.
722 746 796 778 Nam
812 746 890 787 quod
909 747 1020 777 factum

196 790 243 819 est,
258 788 558 829 male,corrigendum
569 795 613 821 est
623 791 710 822 bene.
729 791 779 822 Sic
794 791 932 831 equidem
948 799 1019 821 sen-

196 832 248 864 tio.
266 832 315 864 Sic
325 834 494 874 pronuntio,
512 835 656 865 doctrinis
666 845 683 865 a
694 835 856 875 majoribus
867 835 950 875 quasi
968 843 1021 874 per

1063 259 1240 299 πατριάρχου,
1264 254 1378 288 κελεύσει
1413 259 1544 297 βασιλέως
1573 254 1709 296 Ῥωμανοῡ
1737 260 1784 286 τοῦ
1819 266 1885 295 πρε-

1062 302 1196 343 σϐυτξρου,
1219 303 1244 337 ἐξ
1273 305 1402 339 αἰτήσεως
1438 304 1587 343 Νικηφόρου
1623 303 1706 339 τινος,
1737 301 1885 338 ποιμενᾶρ-

1061 359 1114 387 χου
1147 350 1348 389 Νεοκαισαρείας
1390 350 1581 389 τυγχάνοντος,
1625 347 1792 384 δικαστήριον
1836 345 1884 373 ἀν-

1062 393 1125 426 έστη
1141 394 1282 433 συμμιγὲς,
1299 393 1329 422 ’ἐκ
1343 405 1371 421 τε
1396 394 1554 433 ἀρχιερέων,
1577 393 1620 421 καὶ
1640 392 1789 431 ἐλλογίμων
1818 401 1884 428 συγ-

1061 437 1204 475 κλητινῶν,
1234 439 1434 478 προκαθημένου
1471 439 1514 466 καὶ
1542 438 1620 466 αὐτοῦ
1663 441 1709 465 τοῦ
1745 435 1883 475 εἷρημένου

1061 483 1237 522 πατριάρχου.
1265 484 1313 512 Καὶ
1336 485 1353 517 ἡ
1383 485 1482 511 νικῶσα
1504 486 1540 519 εῷ
1568 479 1753 521 μητροπολίτῃ
1781 479 1860 511 ἐδόθη
1876 488 1883 496 ⁸

1061 527 1202 565 παρίστησι
1244 529 1320 556 τοῦτο
1365 531 1475 567 τρανῶς.
1519 528 1549 555 τὸ
1590 529 1642 554 τῶν
1684 524 1883 553 δικαιωσάντων

1061 572 1215 609 σημείωμα,
1245 573 1289 600 καὶ
1314 572 1462 610 ὑπόμνημα
1481 575 1527 600 τοῦ
1549 571 1671 610 ῥηθέντος
1703 569 1884 610 πατριάρχου,

1061 617 1105 643 καὶ
1138 615 1332 656 χρυσόϐουλλος
1366 616 1445 655 λόγος
1476 619 1529 644 τῶν
1558 615 1697 653 βαςιλέων,
1737 609 1886 650 εΡιιημινοὺ,

1062 663 1250 702 Χριστοφόρου,
1291 663 1335 690 καὶ
1376 661 1582 698 Κωνσταντίνου,
1625 660 1823 701 ἐπισφραγίζων
1857 659 1887 685 τα

1061 707 1213 745 κεκριμένα.
1231 708 1280 735 Καὶ
1301 707 1422 743 εἰκότως,
1453 705 1580 746 φιλάγαθε
1609 704 1728 744 βασιλεῦ,
1768 704 1806 732 Τὸ
1839 703 1886 741 γὰρ

1061 752 1149 783 κακῶς
1178 751 1332 790 γενόμενον,
1369 751 1425 779 δέον
1458 750 1628 790 διορθωθῆναι
1671 748 1773 780 καλῶς.
1814 747 1886 776 Οῧτω

1061 799 1157 835 φρονῶ.
1195 795 1284 828 Οὕτως
1327 796 1515 836 ἀποφαίνομαι,
1545 801 1606 826 ταῖς
1641 791 1886 833 πατροπαραδότοις

1061 838 1238 872 διδασκαλίαις
1265 844 1318 868 τῶν
1345 841 1426 879 ἁγίων
1463 841 1592 880 θεοφόρων
1635 838 1758 878 Πατέρων
1790 837 1886 874 ἑπόμε-

197 886 301 908 manus
316 878 447 919 acceptis
462 883 632 910 sanctorum
645 880 869 920 afﬁatorumque
880 879 1020 910 divinitus

1109 907 1117 918 ,
1148 885 1191 912 καὶ
1218 891 1277 916 τοῖς
1305 886 1385 924 ἱεροῖς
1415 885 1459 913 καὶ
1479 885 1557 917 θείοις
1585 884 1676 912 κανόσι
1703 885 1838 922 στοιχιῖη.
1856 882 1888 910 Οὔ

196 922 316 952 Patrum
332 922 522 960 insistens,et
530 928 734 954 sacrosanctos
742 933 870 955 canones
881 932 1018 963 sequens.

195 966 257 997 Nec
273 966 353 997 enim
369 971 516 1006 sanctum,
535 964 590 999 ne'c
606 969 720 1008 justum
743 969 836 1006 duco;
852 968 929 1008 quod
941 969 1021 1007 juste

197 1014 360 1051 sancteque
370 1012 477 1043 factum
496 1022 552 1043 non
578 1018 632 1045 est.
661 1013 724 1044 Non
748 1014 835 1044 etiam
862 1013 1021 1043 multorum

199 1055 355 1095 opiniones
383 1061 494 1095 metuo,
522 1057 574 1098 qui
597 1068 646 1089 me
666 1058 766 1088 volunt
783 1066 934 1088 concessae
950 1055 1022 1087 mihi

198 1099 340 1132 divinitus
349 1100 490 1133 Ecclesia
503 1102 725 1142 privilegiorum
740 1103 885 1133 rationem
897 1102 1019 1137 habere,

199 1154 255 1176 nec
272 1154 306 1176 ea
322 1146 367 1176 vel
378 1147 588 1186 negligere,vel
598 1152 708 1178 temere
726 1146 930 1186 prodere.Non
942 1145 1021 1176 enim

195 1190 253 1221 hoc
269 1190 442 1230 pontiﬁcum
459 1196 513 1227 est,
537 1196 569 1222 ut
587 1192 755 1223 necessario
771 1195 874 1232 putent
889 1189 1024 1221 ecclesia:

200 1243 262 1266 suae
279 1234 430 1276 privilegia
456 1236 513 1267 sibi
539 1236 612 1267 citra
639 1236 798 1268 discrimen
823 1235 941 1271 tuenda,
967 1239 1023 1264 tam

197 1280 291 1320 justa,
309 1290 396 1322 quam
425 1282 535 1322 injusta
553 1293 560 1312 :
577 1283 628 1313 sed
645 1292 710 1323 quae
731 1283 812 1322 justa
826 1286 903 1318 sunt,
933 1279 1025 1311 invio-

201 1325 302 1356 labilia
323 1330 462 1365 praestare
487 1326 616 1364 debent;
650 1327 768 1366 injustis
796 1335 864 1357 vero
905 1325 1023 1356 cedere.

200 1369 273 1401 Nam
289 1370 340 1410 qui
355 1379 524 1402 sermonem
553 1371 684 1402 veritatis
707 1375 788 1402 recte
800 1379 901 1402 secare
917 1370 953 1400 de
969 1370 1025 1400 do-

200 1414 305 1445 ctrinis
330 1415 478 1446 sermonis
507 1415 559 1446 Dei
590 1415 813 1455 Servatorisque
837 1415 930 1445 nostri
953 1414 1024 1445 Jesu

1062 929 1112 967 γὰρ
1133 928 1216 968 ὅσιον,
1247 928 1304 958 οὒδὲ
1332 928 1430 957 δίκαιοι
1457 928 1573 968 ἥγημαι,
1603 929 1633 956 τὸ
1656 928 1695 965 μὴ
1724 926 1834 958 δικαίως
1862 936 1888 953 τε

1062 974 1106 1001 καὶ
1128 975 1205 1006 ὁσίως
1235 975 1375 1013 γενόμενον
1392 982 1399 989 ·
1431 974 1522 1002 οὒκοῦν
1545 972 1602 1002 οὒδὲ
1627 972 1742 1012 πέφρικα
1760 972 1810 1002 τὰς
1839 974 1889 998 τῶν

1063 1017 1169 1046 πολλῶν
1190 1018 1349 1058 ὑπολήψεις,
1380 1018 1519 1051 ἀξιούντων
1551 1028 1584 1055 με
1612 1020 1666 1045 τῶν
1694 1016 1742 1049 τῆς
1764 1015 1796 1043 ἐκ
1827 1019 1888 1043 Θεοῧ

1063 1061 1205 1096 δεδομένης
1233 1075 1279 1100 μοι
1305 1063 1447 1096 ἐκκλησίας
1477 1063 1669 1090 ἀντιποιεῖσθαι
1698 1062 1743 1089 καὶ
1776 1060 1818 1098 μή
1839 1071 1887 1088 κα-

1063 1107 1189 1144 ταμελεϊν
1218 1108 1376 1147 προνομίων,
1408 1109 1451 1135 καὶ
1480 1107 1596 1138 εὒκόλως
1624 1112 1706 1136 ταῦτα
1737 1106 1886 1145 προΐεσθαι,

1064 1152 1100 1179 Οὔ
1134 1152 1184 1191 γάρ
1212 1152 1267 1180 ἐστι
1299 1154 1352 1180 τῶν
1380 1151 1540 1192 ἀρχιερέων,
1571 1153 1607 1183 ὡς
1642 1151 1792 1189 ἐπάναγκες
1816 1150 1887 1177 εἶναι

1064 1196 1116 1224 τῶν
1144 1197 1193 1229 τῆς
1229 1197 1325 1228 οἰκείας
1367 1197 1510 1230 ἓκκλησίας
1551 1196 1700 1235 προνομίων
1742 1194 1890 1234 ἀδιαφόρως

1065 1240 1221 1280 ἀντέχεσθαι
1246 1240 1349 1268 ὃικοίων
1379 1251 1407 1268 τε
1435 1241 1490 1278 ἅμα
1517 1242 1560 1268 καὶ
1595 1240 1695 1268 ἀδίκων
1712 1247 1719 1254 '
1761 1238 1834 1266 ἀλλὰ
1861 1238 1890 1265 τα

1066 1285 1114 1322 μὲν
1149 1285 1234 1314 δίκαια
1269 1285 1406 1325 φυλάττειν
1449 1283 1586 1320 ἁλώϐητα,
1637 1288 1690 1313 τῶν
1730 1283 1757 1311 δὲ
1796 1282 1889 1310 ἀδίκων

1065 1329 1235 1369 ὑπεκχωρεϊν
1260 1331 1304 1358 καὶ
1339 1330 1496 1369 ὲξςιστασθαι.
1533 1331 1570 1358 Ob
1589 1330 1639 1369 γὰρ
1670 1330 1716 1356 τὸν
1746 1330 1797 1360 τῆς
1821 1327 1886 1360 ἁλη-

1065 1373 1134 1405 θείας
1162 1374 1241 1413 λόγον
1280 1375 1433 1413 ὀρθοτομεῖν
1475 1376 1505 1403 ὲκ
1539 1377 1591 1402 τῶν
1634 1372 1806 1412 διδαγμάτων
1846 1374 1888 1404 τῆς

1064 1417 1252 1452 αὖτοαληϐείας
1287 1424 1333 1448 τοῦ
1362 1420 1446 1457 Λόγου
1475 1423 1540 1448 Θεοῦ
1572 1419 1616 1446 καὶ
1651 1420 1775 1456 Σωτῆρος
1817 1417 1889 1453 ἡμῶν

200 1457 321 1495 Christi,
339 1458 390 1498 qui
404 1459 511 1490 veritas
527 1459 591 1500 ipsa
605 1464 661 1496 est,
679 1460 799 1490 omnino
812 1459 888 1499 jussi
909 1468 1021 1496 sumus,

1108 1468 1154 1493 σοῦ
1188 1467 1300 1503 Χριστοῦ
1336 1463 1450 1496 κοθάπαξ
1487 1462 1700 1500 κεκελευσμένοι,
1731 1463 1780 1490 οὒκ
1812 1460 1885 1488 ἀναί-

200 1511 260 1533 ηοι]
286 1503 373 1543 plane
397 1504 473 1543 apud
503 1503 595 1535 Deum
625 1509 762 1544 expertes
786 1504 897 1534 erimus
918 1503 1021 1543 culpae.

1105 1519 1117 1535 ›ι
1139 1509 1244 1540 πάντως
1274 1509 1386 1545 ἐσόμεθα
1421 1511 1456 1545 τῷ
1491 1511 1558 1545 Θεῷ,
1590 1509 1611 1535 εί
1639 1507 1769 1546 προῦργου
1810 1511 1888 1535 ταῦτα

201 1546 226 1577 si
238 1547 275 1578 ob
284 1547 377 1578 animi
389 1549 480 1579 nostri
505 1548 642 1579 aﬂ‘ectum
661 1548 722 1579 haec
736 1548 818 1578 lucra
833 1547 1023 1579 sectabimur.

199 1591 241 1622 Ac
270 1601 324 1623 nos
349 1593 482 1633 quidem,
509 1602 526 1623 a
550 1592 659 1633 quibus
682 1593 850 1624 necessario
866 1592 1022 1631 ﬂagitatur,

201 1639 233 1666 ut
246 1635 352 1667 divinis
368 1637 522 1677 praeceptis
535 1641 564 1668 et
579 1637 789 1668 traditionibus
803 1636 933 1673 Patrum,
953 1636 1024 1666 nihil

202 1680 344 1711 ducamus
367 1681 529 1722 antiquius,
561 1682 614 1713 sed
643 1690 677 1712 ea
704 1691 755 1721 pro
778 1680 888 1711 viribus
918 1680 1025 1711 nostris

199 1724 314 1756 illibata
329 1735 482 1757 servemus
496 1737 504 1764 ;
519 1726 562 1757 sic
578 1730 607 1757 et
621 1726 812 1763 sentimus,et
823 1725 1022 1756 decernimus.

197 1770 296 1803 Velim
321 1779 401 1811 vero,
420 1774 469 1802 tua
484 1780 602 1812 quoque
618 1771 666 1811 pia
693 1771 945 1810 serenissimaque
960 1779 1024 1800 ma-

196 1814 290 1854 jestas
304 1824 367 1846 rem
386 1815 566 1852 consideret,
582 1815 722 1856 quodque
738 1815 813 1846 facto
837 1816 926 1846 fuerit
939 1823 1023 1854 opus,

198 1859 307 1892 faciat:
337 1863 427 1900 atque
453 1860 510 1890 hoc
537 1860 625 1891 modo
651 1860 791 1900 majestas
810 1864 858 1892 tua
878 1859 919 1899 id,
947 1859 1025 1899 quod

201 1903 322 1935 omnino
338 1908 367 1935 et
380 1904 625 1945 reprehensionis
640 1908 669 1935 et
691 1904 822 1935 scandali
837 1913 943 1945 expers
958 1903 1023 1940 erit,

198 1951 258 1980 tam
274 1949 369 1989 ipsius
394 1948 460 1987 Dei,
477 1958 565 1989 quam
581 1957 731 1981 sacrorum
759 1958 905 1979 canonum
919 1957 1024 1988 respe-

201 1997 261 2034 ctu,
274 1996 381 2024 servet.

508 2050 616 2083 LUCIE
639 2051 714 2091 (25).

196 2109 242 2142 Ne
257 2110 363 2141 clerici
377 2108 517 2148 auferant
531 2117 579 2155 ea,
604 2117 670 2155 quae
685 2108 724 2139 ad
733 2109 878 2155 ecclesias
893 2108 940 2139 vel
955 2108 1021 2148 ept-

380 2158 483 2190 scopos
497 2152 658 2180 morientes
672 2152 833 2189 pertinent.

234 2249 327 2282 Mensi
354 2249 452 2281 Martii
480 2248 529 2280 die
556 2257 587 2286 Χ,
611 2248 686 2280 feria
714 2257 735 2287 ι,
764 2249 943 2289 praesidente
959 2258 1024 2279 san-

200 2294 332 2326 ctissimo
348 2293 470 2325 domino
499 2298 601 2324 nostro
618 2296 647 2324 et
670 2293 829 2324 universali
846 2294 1022 2333 patriarcha,

197 2338 318 2370 domino
334 2339 462 2376 Luca,in
483 2337 597 2369 dextris
615 2337 762 2368 Alexiacis
776 2338 1019 2375 catechumeniis,

196 2383 398 2415 assidentibus
421 2383 452 2414 in
478 2383 606 2414 concilio
638 2391 752 2421 magnae
767 2383 860 2423 ipsius
876 2383 1022 2414 sanctitati

195 2427 403 2460 sacratissimis
419 2426 609 2468 pontiﬁcibus
624 2426 810 2468 Caesariensi,
824 2427 1021 2466 Heracliensi,

195 2472 378 2510 Amasiensi,
392 2473 548 2510 Melitenm,
575 2471 848 2510 Thessalonicensi,
865 2471 1020 2503 Neocaesa-

195 2517 299 2555 riensi,
316 2517 455 2559 Myrensi,
471 2517 612 2554 Mocisso,
638 2516 787 2555 Cretensi,
812 2517 1022 2557 Trajanopoli-

195 2565 276 2600 tano,
303 2562 536 2603 Hierapolitano,
568 2561 648 2598 (Eni,
675 2561 809 2601 Dristrae,
826 2561 1020 2601 Nazianzeno,

193 2605 347 2647 Abydeno,
375 2606 502 2645 Milesio,
542 2605 695 2646 Selybrias,
723 2605 828 2646 Bizyaz,
860 2608 1018 2645 Maronem,

194 2651 286 2690 Parii,
309 2652 365 2692 Cii,
387 2655 478 2693 Apro,
504 2650 596 2688 Nicaa,
626 2649 763 2689 Gotthiae,
791 2651 1019 2691 Matrachorum,

1066 1551 1108 1580 διὰ
1129 1553 1209 1585 πάθος
1231 1554 1263 1581 τὰ
1290 1552 1369 1592 κέρδη
1394 1553 1552 1589 ποιήσομεν.
1579 1552 1627 1580 Καὶ
1648 1552 1729 1588 ἡμεῖς
1760 1551 1813 1587 μὲν
1837 1563 1890 1588 μη-

1066 1596 1108 1624 δὲν
1123 1598 1310 1637 προτιμότερον
1325 1599 1377 1625 τῶν
1404 1597 1479 1624 θείων
1500 1595 1614 1624 ἐντολῶν
1641 1595 1685 1623 καὶ
1707 1595 1760 1622 τῶν
1790 1597 1890 1634 Πατρι-

1066 1645 1119 1670 κῶν
1154 1641 1322 1681 παραδόσεων
1359 1647 1445 1669 ποιεῖν
1474 1639 1612 1680 ἐξανάγκες
1641 1638 1805 1680 ὀφείλοντες,
1836 1637 1890 1667 ἀλλ’

1066 1685 1244 1723 ἂμενάπτωτα
1260 1689 1341 1714 ταῦτα
1360 1685 1510 1724 φυλάττειν,
1541 1686 1578 1716 ὡς
1607 1683 1727 1721 δύναμις,
1750 1683 1825 1712 οὕτω
1852 1684 1890 1710 καὶ

1066 1742 1176 1768 νοουμεν
1191 1731 1235 1758 ναὶ
1250 1731 1398 1769 ὁριζόμεθα.
1423 1730 1590 1762 Σκοπησάτω
1619 1727 1646 1756 δὲ
1667 1729 1711 1756 καὶ
1731 1729 1762 1756 τὸ
1785 1727 1889 1758 εὔσεϐὲς

1065 1775 1109 1802 καὶ
1131 1775 1302 1814 παγγάληνον
1317 1774 1412 1813 κράτος
1427 1785 1484 1810 σου,
1500 1775 1544 1802 καὶ
1556 1773 1759 1810 οἷκονομησάτω
1774 1774 1807 1800 τὸ
1823 1772 1888 1800 δέον·

1067 1820 1110 1847 καὶ
1126 1820 1139 1847 ὂ
1155 1820 1259 1850 πάντως
1276 1818 1426 1856 ἄμεμπτον,
1443 1819 1487 1846 καὶ
1501 1819 1682 1858 ἀπρόσκοπον,
1693 1818 1737 1845 καὶ
1752 1818 1820 1857 πρὸς
1830 1818 1889 1845 Θεὸν

1068 1865 1158 1902 αὑτὸν,
1174 1865 1218 1892 καὶ
1233 1864 1298 1903 πρὸς
1313 1864 1374 1895 τοὺς
1389 1863 1472 1903 ἱεροὺς
1487 1862 1600 1894 κανόνας
1615 1860 1767 1901 διαφυλάξοι
1782 1863 1801 1895 ἡ
1814 1862 1889 1900 βασι-

1067 1907 1125 1936 λεία
1138 1919 1196 1939 σου.

1414 2051 1538 2078 ΛΟΥΚΑ-

1069 2122 1080 2139 α
1112 2112 1174 2151 Περὶ
1201 2116 1247 2141 τοῦ
1283 2111 1321 2149 μὴ
1357 2111 1552 2151 ἀφαρπάζεσθαι
1582 2111 1641 2143 τοὺς
1677 2109 1823 2151 κληρικοὺς
1858 2110 1886 2137 τὰ

1104 2149 1165 2183 ταῖς
1227 2149 1416 2188 ἐκκλησίαις,
1447 2150 1465 2184 ἢ
1521 2150 1676 2182 ἐπισκόποις
1731 2149 1886 2178 αλευτῶσιν

1105 2192 1235 2227 ἀνήκοντα
1241 2216 1247 2223 ,
1272 2201 1286 2221 )

1106 2250 1175 2283 Μηνὶ
1211 2250 1316 2288 Mupin
1353 2244 1383 2284 ι’,
1419 2249 1505 2288 ἡμέρᾳ
1528 2244 1565 2287 β’,
1602 2249 1818 2288 προκαθημένου,
1846 2253 1886 2276 τοῦ

1065 2294 1212 2334 ἁγιωτάτου
1226 2296 1303 2332 ἡμῶν
1331 2293 1458 2322 δεσπότου
1484 2294 1528 2322 καὶ
1549 2294 1731 2330 οἰκουμενικοῦ
1758 2293 1884 2332 πατριάρ-

1064 2351 1116 2380 χου
1144 2339 1221 2378 κυροῦ
1249 2342 1347 2375 Aonia,
1377 2338 1402 2366 ἓν
1431 2346 1488 2370 τοῖς
1519 2337 1613 2370 δεξιοῖς
1635 2337 1801 2370 Ἀλεξιακοτς
1821 2348 1884 2364 κατ-

1064 2383 1248 2423 ηχουμενίοις,
1279 2382 1494 2422 συνεδριαζόντων
1530 2385 1565 2421 τῇ
1605 2381 1710 2421 μεγάλῃ
1752 2382 1884 2421 ἁγιωσύνῃ

1064 2431 1140 2458 αὺτοῦ
1183 2428 1329 2467 ἱερωτάτων
1370 2427 1528 2467 ἀρχιερέων,
1571 2430 1617 2455 τοῦ
1647 2427 1814 2466 Καισαρείας,
1843 2429 1884 2453 τοῦ

1067 2469 1233 2512 Ἡρακλείας,
1272 2473 1318 2500 τοῦ
1355 2472 1510 2509 Ἀμασείας,
1552 2476 1598 2500 τοῦ
1642 2470 1806 2505 Μελιτηνῆς,
1841 2473 1882 2497 τοῦ

1065 2518 1272 2554 Θεσσαλονίκης,
1309 2519 1354 2544 τοῦ
1383 2516 1597 2556 Νεοκαισαρείας,
1624 2519 1670 2544 τοῦ
1707 2517 1813 2555 Μύρων,
1841 2519 1882 2542 τοῦ

1065 2567 1216 2597 Μωκισσοῠ,
1249 2567 1294 2591 τοῦ
1330 2562 1448 2601 Κρήτης,
1485 2565 1531 2589 τοῦ
1559 2559 1807 2600 Τραϊανουπόλεως,
1841 2571 1882 2587 του

1065 2603 1248 2646 Ἱεραπόλεως,
1275 2609 1320 2634 τοῦ
1347 2605 1439 2641 Αἴνου,
1470 2608 1515 2634 τοῦ
1539 2606 1674 2644 Δρίστρας,
1697 2604 1744 2632 τοῦ
1773 2608 1882 2640 Ναζιαν-

1063 2655 1118 2692 ζοῡ,
1141 2653 1188 2679 τοῦ
1209 2650 1329 2679 Ἀϐύδου(
1360 2655 1404 2679 τοῦ
1433 2649 1564 2690 Μιλήτου,
1586 2651 1632 2678 τοῦ
1654 2647 1814 2688 Σηλυϐρίας,
1843 2649 1884 2677 τοῦ

970 2731 1097 2765 ΝΟἸῈ.

231 2803 296 2844 (25)
310 2801 512 2843 Cognomeuto
529 2800 764 2842 Chrysobergis,
781 2799 818 2832 de
836 2800 921 2842 cujus
937 2803 1023 2831 aetate
1038 2798 1094 2835 lib.
1108 2797 1297 2840 praecedente
1310 2795 1422 2828 dictum
1439 2795 1509 2837 (col.
1524 2795 1613 2837 769).
