1922 3081
179 144 237 176 875

872 142 888 174 J
892 142 937 173 US
957 139 1182 173 CANONICUM

1813 136 1870 168 876

182 222 195 237 α
213 211 258 241 vel
273 211 351 242 aliud
369 211 529 252 quodpiam
555 210 741 251 privilegium
779 209 893 250 adimit,
918 209 1003 240 etiam

1087 207 1197 245 δίκαιον²
1215 207 1232 242 ἢ
1247 207 1334 246 ἕτερόν
1350 217 1374 234 τι
1396 204 1552 246 προνόμιον,
1575 205 1624 233 κᾶν
1649 204 1702 233 ἀπὸ
1731 204 1869 243 βασιλικῆς

181 266 195 282 σ
212 254 402 295 imperatorio
413 254 591 295 permissum
601 253 721 284 infamia
732 254 882 284 notathaac
890 253 1004 284 consti-

183 310 194 326 σ
213 299 300 337 tutio,
317 299 523 339 bonorumque
546 298 748 339 publicatione
775 299 890 336 multat,
906 298 1003 338 ipsum

184 355 197 371 α
216 344 457 374 Θῑίὸῐηοοῐιᾶίυῐῐ]
476 342 659 383 improbans.
679 355 691 370 ι)

219 388 334 428 Excipit
359 391 457 419 autem
495 387 566 418 sitas
598 389 627 418 in
646 387 765 427 Scythia
782 386 947 428 provincias
977 391 1006 418 et

180 433 386 473 Leontopolim
408 432 538 463 Isauriae.
559 433 615 462 Lex
638 431 709 463 item
727 436 822 463 exstat
836 431 903 470 alia,
921 431 1005 472 cujus

179 477 242 508 haac
256 476 348 508 verba
363 481 431 508 sunt
450 487 456 506 :

223 533 232 549 ι
253 521 353 552 Firma
369 521 428 551 sint
447 520 650 552 ecclesiastica
666 520 819 560 privilegia
835 520 1002 551 universa.)

219 567 353 606 Itemque
364 574 467 596 rursus
477 565 544 596 alia.

225 623 238 638 ι(
256 609 362 641 Sacros
379 619 508 640 canones
528 618 586 640 non
603 609 712 648 minus,
730 619 818 650 quam
832 609 910 649 ipsas
925 609 1004 648 leges

183 667 196 683 τι
212 654 407 694 valere,leges
420 654 534 685 volunt.
548 653 583 684 Et
595 654 673 693 quod
690 663 818 685 canones
830 653 1000 694 prohibent,

182 712 195 727 «
213 699 242 730 id
256 699 344 729 etiam
361 698 520 739 prohibent
536 698 627 737 leges.
648 710 658 726 ι

217 743 252 774 Εῑ
268 743 330 773 hac
345 743 466 783 quidem
496 742 645 773 sufﬁciunt
666 742 701 772 ad
728 742 926 782 probandum,
944 751 1003 773 non

181 787 256 818 duos
272 787 516 827 metropolitanos
527 787 557 818 in
566 796 695 818 unaesse
706 787 921 827 provincia,sed
929 791 1002 817 tem-

179 842 250 884 pore
265 832 541 884 priorem,itemque
555 832 616 881 jam
633 837 735 881 pactos
748 831 1001 884 metropolitanos,
1012 857 1034 884 Β

177 877 291 907 honore
307 876 446 907 duntaxat
461 876 527 907 aliis
543 875 692 916 episcopis
710 879 861 916 praestare,
879 881 1002 906 caeteros

179 921 229 960 qui
245 921 378 952 subditos
404 921 443 961 ei,
471 921 521 961 qui
549 929 654 960 reapse
678 920 924 960 metropolitanus
936 924 998 955 est;

177 966 320 1006 deinceps
339 975 418 1003 vero,
436 975 505 996 cum
518 965 583 1005 ipse
599 965 643 995 rei
657 968 780 995 conatus
794 965 880 995 etiam
898 964 1001 1004 prohi-

179 1009 472 1050 beatur,episcopum
488 1009 518 1039 id
535 1018 638 1040 ausum
654 1009 764 1048 facere,
775 1008 866 1047 gradu
880 1018 931 1039 suo
947 1009 1001 1039 de-

175 1054 228 1094 jici
247 1065 252 1085 :
270 1054 382 1084 nullum
401 1053 529 1093 denique
545 1053 732 1094 privilegium
750 1063 784 1083 ex
797 1053 913 1093 iis,quaa
922 1053 1003 1093 prius

176 1098 264 1129 alicui
280 1097 693 1138 adhzeseruntepiscopatui,a
709 1107 855 1138 quoquam
865 1097 1001 1128 adimen-

177 1143 259 1174 dum.
272 1142 355 1178 Quod
369 1146 467 1173 autem
493 1151 552 1172 non
566 1142 609 1172 fas
625 1142 662 1172 sit
678 1151 723 1180 ea,
740 1151 803 1182 quae
819 1146 1003 1172 concernunt

176 1189 342 1228 episcopos,
356 1187 521 1218 secundum
538 1196 654 1218 sacram
671 1187 854 1218 sanctionem
865 1195 1001 1227 pragma—

178 1232 265 1264 ticam
283 1232 459 1273 procedere,
478 1232 530 1262 sed
544 1232 627 1271 juxta
652 1231 772 1263 Patrum
789 1231 932 1262 duntaxat
947 1231 1001 1262 de-

177 1277 410 1313 terminationes,
447 1285 520 1316 quos
550 1280 579 1306 et
610 1285 740 1306 canones
768 1276 942 1306 vocantzid
968 1285 1002 1307 ex

176 1322 348 1352 aliasanctae
355 1321 444 1360 hujus
455 1321 634 1351 universalis
645 1324 756 1360 quartae
767 1320 872 1360 synodi
886 1320 1002 1351 actione

176 1366 289 1406 percipi
306 1365 488 1405 potest.Nam
501 1374 567 1395 cum
579 1364 680 1395 civitas
690 1364 814 1404 Berytus
831 1363 1003 1403 metropoli-

175 1410 265 1440 ticum
292 1413 342 1448 jus
368 1409 557 1448 impetrasset
583 1408 619 1439 ab
646 1418 681 1438 eo
719 1408 888 1439 Theodosio
917 1407 1001 1447 prin-

174 1454 240 1494 cipe
253 1454 303 1493 (24
318 1452 438 1492 ‘25),qui
450 1452 484 1483 ad
503 1452 665 1483 discrimen
678 1452 758 1482 illius
768 1452 1004 1491 majoris,minor

177 1498 297 1535 dicitur,
314 1497 567 1536 Eustathius,ejus
582 1496 665 1528 urbis
681 1496 852 1536 episcopus,
866 1495 915 1526 illa
930 1505 1002 1526 con-

178 1542 315 1573 cessione
332 1541 542 1581 metropolitici
554 1541 631 1580 juris
647 1541 752 1577 elatus,
771 1540 912 1571 adversus
924 1541 1003 1570 Pho-

180 1587 252 1618 tium
269 1585 531 1626 metropolitanum
547 1585 626 1626 Tyri,
638 1594 703 1625 qua:
713 1585 884 1615 Phcrnicum
895 1589 1004 1615 metro-

178 1631 253 1672 polis
280 1635 333 1669 est,
362 1630 522 1660 insurrexit
539 1641 545 1660 :
564 1639 693 1669 cumque
717 1629 792 1659 duos
817 1628 960 1669 quosdam
978 1631 1003 1660 ei

176 1675 325 1715 subjecios
341 1675 510 1715 episcopos,
529 1675 617 1705 veluti
648 1673 893 1713 metropolitanus
909 1673 1003 1713 depo-

177 1720 294 1760 suisset,
310 1724 339 1750 et
353 1719 388 1750 ad
418 1719 657 1759 presbyterorum
674 1717 799 1758 gradum
816 1717 1003 1755 detrusisset,

177 1764 250 1795 alios
267 1763 424 1794 ordinavit.
440 1763 525 1798 Quod
554 1762 678 1792 minime
702 1762 800 1792 ferens
817 1762 951 1799 Photius,
969 1763 1005 1793 ad

181 1813 314 1840 sanctam
344 1808 487 1848 synodum
518 1816 583 1837 sese
607 1806 741 1837 contulit.
772 1808 816 1837 Ac
839 1806 889 1837 lite
915 1811 1003 1844 mota,

177 1853 356 1884 sententiam
373 1852 538 1882 secundum
556 1860 588 1881 se
604 1851 824 1891 pronunlialam
843 1851 920 1888 tulit,
938 1860 1006 1882 cum

178 1897 253 1928 nihil
269 1896 422 1927 Eustathio
437 1895 591 1935 Berytensi
603 1895 855 1935 profuisset,quod
873 1897 1002 1935 impera-

179 1943 262 1973 toriis
277 1951 309 1972 se
323 1941 428 1971 litteris
459 1940 603 1971 munitum
620 1939 744 1976 diceret,
776 1949 840 1980 quae
866 1939 923 1969 sibi
949 1949 1002 1979 po-

179 1990 314 2017 testatem
332 1985 396 2025 ejus
421 1984 465 2015 rei
494 1984 637 2015 facerent.
657 1983 720 2014 Non
738 1984 817 2014 enim
834 1983 1004 2015 attendebat

176 2031 213 2062 iis
220 2030 430 2071 synodus,qu33
441 2028 477 2058 ab
489 2028 553 2069 ipso
564 2028 752 2066 dicebantur;
764 2029 816 2059 sed
828 2028 858 2058 in
868 2028 1004 2060 examine

179 2083 357 2113 causzn,cum
375 2073 527 2114 praesides,
546 2073 688 2113 synodum
703 2073 786 2113 prius
795 2073 914 2104 disertis
923 2073 1004 2104 hisce

177 2120 276 2151 verbis
294 2119 526 2157 interrogassent
543 2127 549 2149 ε
571 2117 791 2148 «Placuitorbis
803 2118 1004 2148 sacratissimo

181 2177 194 2192 ιι
213 2164 388 2204 domino,ne
405 2163 569 2201 secundum
587 2172 685 2193 sacras
703 2162 855 2202 epistolas,
868 2166 918 2192 aut
934 2171 1039 2208 san-D

181 2220 194 2240 α
214 2209 329 2240 ctiones
340 2207 761 2248 pragmaticas,episcoporum
778 2207 895 2246 negotia
905 2216 1008 2247 proce-

182 2265 193 2282 υ
214 2253 353 2290 dant,sed
362 2253 446 2292 juxta
455 2254 573 2283 Patrum
585 2261 725 2282 canones.
740 2251 1008 2291 Dicatergosancta

183 2309 198 2329 α
214 2297 303 2338 synod
310 2307 396 2334 us,an
403 2297 445 2327 fas
453 2297 537 2332 sit,ut
548 2305 601 2336 per
608 2305 720 2327 sacram
729 2296 937 2336 pragmaticam
944 2307 1010 2327 san-

182 2355 195 2371 tl
213 2343 340 2373 ctionem
348 2341 468 2372 alterius
472 2340 682 2381 juraEcclesize
688 2340 737 2371 alii
743 2340 1009 2381 rapiantepiscopi?

184 2398 197 2417 ι
213 2389 321 2418 Sancta
332 2386 462 2426 synodus
471 2385 927 2425 respondit.Adversuscanones
934 2386 1008 2417 nihil

183 2442 197 2461 ar
214 2431 425 2472 pragmaticum
434 2430 552 2460 valebit.
567 2429 702 2461 Canones
709 2431 827 2459 Patrum
842 2429 900 2460 rati
909 2434 1006 2462 sunto.

183 2489 196 2504 α
214 2477 348 2515 Cumque
359 2475 501 2516 praesides
517 2474 625 2505 iterum
636 2474 780 2505 dixissent
795 2484 800 2504 :
814 2473 878 2505 Jam
891 2478 1008 2515 tempus

185 2532 196 2550 ο
215 2524 270 2558 est,
287 2523 318 2550 ut
334 2529 351 2550 a
368 2518 479 2559 synodo
491 2518 716 2558 erudiamur,an
731 2518 774 2548 las
789 2517 840 2555 sit,
854 2521 885 2548 ut
898 2527 1006 2550 secun-

1049 263 1061 278 α
1085 251 1241 292 ἐπιτροπῆς,
1264 252 1358 289 ἀτιμοῖ
1372 252 1414 280 καὶ
1429 250 1538 289 δημεύει
1558 251 1575 285 ἡ
1592 249 1717 288 διάταξις,
1742 250 1870 290 ἂκυροῦσα

1048 308 1061 323 α
1085 297 1128 325 καὶ
1143 297 1191 330 τὴν
1206 297 1371 337 ἐγχείρησιν,
1390 308 1404 323 n

1087 380 1236 424 (Υπεξαιρετ
1249 384 1276 413 δὲ
1291 386 1335 414 καὶ
1348 386 1395 417 τὰς
1417 385 1443 414 ἐν
1465 385 1560 421 Σκυθίᾳ
1575 384 1717 425 ἐπαρχίας,
1733 385 1777 412 καὶ
1793 386 1870 412 Λεον-

1045 429 1153 457 τόπολιν
1169 432 1218 464 τῆς
1233 429 1372 469 Ἰσαυρίας.
1391 425 1472 459 ’Ἐστι
1487 428 1572 463 δὲγκαὶ
1584 429 1670 468 ἕτερος
1693 429 1784 467 νόμος²
1803 427 1869 456 οὕτω

1045 472 1145 506 διεξιών
1164 482 1171 491 ⁸

1089 527 1101 545 α
1119 516 1283 546 Βεϐαιούσθω
1297 518 1330 546 τὰ
1351 517 1558 552 ἐκκλησιαστικὸν.
1579 517 1664 546 πάντα
1691 517 1834 557 προνόμια.
1853 529 1865 546 ι

1086 563 1135 591 Καὶ
1150 562 1229 591 πάλιν
1243 562 1337 595 ἄλλος.

1088 619 1101 634 α
1120 607 1184 640 Τοὺς
1198 608 1280 639 θείους
1294 608 1406 640 κανόνας
1417 609 1464 636 οὐκ
1474 607 1582 637 ἔλαττον
1590 610 1643 636 τῶν
1654 607 1742 645 νόμων
1753 607 1867 647 ἰσχύειν,

1048 661 1063 682 (
1085 654 1107 680 οἱ
1130 652 1205 689 νόμοι
1218 652 1367 690 βούλονται.
1393 654 1442 682 Καὶ
1469 652 1533 692 ὅπερ
1555 655 1578 681 οἱ
1601 652 1708 684 κανόνες
1723 651 1868 688 κωλύουσι,

1047 707 1060 725 ι
1085 696 1162 725 τοῦτο
1176 697 1220 724 καὶ
1236 699 1260 725 οἱ
1281 698 1369 735 νόμοι.
1392 709 1403 726 υ

1085 742 1133 770 Καὶ
1160 746 1241 771 ταῦτα
1269 753 1316 780 μεν
1346 742 1455 782 ἀπόχρη
1483 743 1549 782 πρὸς
1575 743 1605 770 τὸ
1635 741 1731 778 δεῖξαι,
1766 741 1797 769 οὗ
1827 739 1870 769 δύο

1045 785 1240 825 μητροπολίτας
1264 787 1335 814 εἶναι
1363 787 1390 814 ἐν
1419 790 1468 825 μιᾷ
1493 786 1622 827 ἐπαρχίᾳ,
1654 785 1723 814 ἀλλὰ
1751 786 1798 814 τὸν
1823 785 1868 825 ἄρ.

1045 830 1195 869 γαιότερον,
1214 831 1262 859 Καὶ
1277 831 1318 867 τὸ,
1335 832 1394 864 τοὺς
1410 831 1556 871 φθάσαντας
1586 830 1716 870 yart-320m,
1805 833 1870 868 τιμῇ

1045 874 1125 911 μόνον
1138 877 1191 901 τῶν
1206 873 1293 902 ἄλλων
1308 875 1459 903 ἐπισκόπων
1486 875 1624 916 ὑπερέχειν
1643 884 1649 891 “
1679 874 1871 913 ὑποκειμένους

1045 918 1165 956 μέντοιγε
1187 922 1224 956 τῷ
1250 920 1317 949 κατὰ
1338 919 1463 955 ἀλήθειαν
1485 919 1668 959 μητροπολίτῃ
1686 929 1693 936 ·
1717 920 1754 951 εἱς
1776 919 1870 952 τοεξῆς

1044 962 1071 990 δὲ
1087 964 1129 991 καὶ
1145 963 1226 997 αὖτῆς
1249 967 1300 997 τῆς
1330 964 1511 1004 ἐγχειρήσεως
1539 964 1721 1002 κωλυομένης,
1751 965 1797 992 καὶ
1826 965 1870 992 τὸν

1043 1013 1121 1036 τοῦτο
1168 1006 1339 1045 τολμήσαντα
1379 1010 1490 1042 ποιῆσαι
1534 1009 1687 1045 ἐπίσκοπον,
1737 1008 1872 1037 ἔκπτωσιν

1044 1053 1158 1092 πάσχειν
1180 1053 1225 1080 τοῦ
1241 1054 1337 1082 οἰκείου
1358 1054 1460 1092 βαθμοῦ
1478 1064 1485 1071 '
1512 1055 1601 1082 καὶτὸ
1624 1053 1707 1091 μηδὲν
1734 1055 1785 1082 τῶν
1801 1055 1871 1094 φθα-

1044 1097 1145 1125 σάντων
1196 1101 1380 1137 προσπαγῆναι
1431 1099 1564 1136 ἐπισκοπῇ
1612 1110 1663 1127 τινι
1704 1099 1868 1138 προνομίων,

1044 1141 1209 1181 ἀφαιρεῖσθαι
1232 1141 1293 1182 παρ’
1322 1142 1492 1178 οἱουδῆτινος.
1515 1142 1576 1171 ’Ότι
1607 1142 1635 1171 δὲ
1657 1146 1686 1173 οὗ
1714 1144 1782 1171 κατὰ
1796 1154 1868 1182 πρα-

1043 1187 1172 1225 γματικὸν
1189 1188 1261 1215 θετον
1275 1185 1358 1219 ἔξεστι
1373 1187 1454 1216 τύπον
1477 1188 1508 1215 τὰ
1535 1191 1587 1216 τῶν
1617 1188 1769 1216 ἐπισκόπων
1797 1199 1870 1226 ϊιρο⁶

1043 1228 1152 1266 ϐαίνειν,
1180 1231 1249 1260 κατὰ
1277 1232 1371 1269 μόνους
1392 1231 1419 1259 δὲ
1446 1233 1507 1264 τοὺς
1529 1233 1675 1271 Πατρικοὺς
1703 1232 1790 1272 ὅρους,
1807 1232 1870 1263 τούς

1043 1276 1086 1303 καὶ
1107 1277 1231 1316 κανόνας,
1247 1275 1273 1309 ἐξ
1302 1276 1390 1316 ἑκέρας
1418 1276 1535 1316 πράξεως
1558 1280 1606 1311 τῆς
1637 1278 1761 1310 τοιαύτης
1789 1277 1870 1315 ἁγίας

1043 1320 1226 1358 οἷκουμενικῆς
1261 1321 1389 1360 τετάρτης
1418 1321 1524 1349 συνόδου
1554 1323 1718 1359 καταμαθεῖν
1747 1320 1869 1352 δυνατόν,

1043 1366 1096 1397 Τῆς
1121 1365 1170 1404 γὰρ
1193 1364 1296 1397 πόλεως
1327 1369 1454 1405 Βηρυτοῦ,
1478 1365 1669 1405 μητροπόλεως
1698 1365 1796 1394 δίκαιον
1829 1366 1872 1393 εἷ-

1042 1407 1153 1448 ληφυίας
1183 1410 1254 1449 παρὰ
1295 1408 1433 1439 Θεοδοσίου
1465 1414 1511 1438 τοῦ
1545 1410 1686 1450 βασιλέως,
1720 1413 1766 1438 τοῦ
1803 1410 1872 1448 πρὸς

1042 1452 1241 1487 ἀντιδιαστολὴν
1269 1457 1315 1482 τοῦ
1344 1454 1471 1493 μεγάλου,
1500 1453 1645 1494 λεγομένου
1678 1458 1784 1493 μικροῦ.
1817 1455 1874 1483 Εὖ-

1045 1497 1148 1528 στάθιος
1171 1500 1184 1525 ὁ
1206 1499 1304 1532 ταύτης
1331 1499 1379 1532 τῆς
1402 1498 1505 1529 πόλεω)
1530 1500 1674 1531 ὶπίσκοπος
1703 1503 1741 1536 τῷ
1755 1499 1875 1535 τοιούτῳ

1045 1540 1238 1581 φιλοτιμήματι
1273 1543 1321 1576 τῆς
1358 1542 1547 1583 μητροπόλεως
1575 1544 1759 1583 κατεπαρθεὶς,
1797 1554 1873 1571 κατ-

1046 1585 1169 1620 εξανέστη
1191 1588 1293 1615 Φωτίου
1314 1591 1359 1616 τοῦ
1394 1587 1588 1627 μητροπολίτου
1617 1591 1666 1622 τῆς
1695 1588 1787 1628 Τύρου,
1821 1590 1875 1621 τῆς

1045 1633 1097 1657 τῶν
1116 1632 1244 1659 Φοινίκων
1263 1631 1453 1671 μητροπόλεως
1469 1642 1475 1648 ·
1506 1632 1550 1660 καὶ
1584 1631 1628 1661 δύο
1662 1633 1735 1664 τινὰς
1757 1633 1874 1661 ὑποκει-

1046 1674 1137 1712 μένους
1162 1675 1232 1712 αὖτῷ
1257 1676 1416 1708 ἐπισκόπους
1441 1675 1569 1714 καθελὼν,
1600 1678 1637 1708 ὡς
1659 1676 1735 1710 δῆθεν
1764 1687 1873 1716 μητρο-

1045 1718 1168 1756 πολίτης,
1198 1730 1241 1747 και
1277 1721 1313 1752 εἷς
1341 1719 1521 1760 πρεσϐυτέρων
1548 1721 1649 1759 βαθμὸν
1683 1722 1874 1758 κατασπάσας,

1047 1762 1148 1802 ἐτέρους
1163 1757 1392 1803 κεχειροτόνηκεν,
1422 1757 1453 1794 n0
1470 1757 1514 1803 ph
1541 1757 1626 1805 ιρὲρων
1655 1767 1669 1794 ὁ
1690 1766 1807 1803 Φώτιος,
1838 1757 1876 1804 τῇ
1921 1777 1922 1782 ‘

1047 1807 1107 1846 ἁγίᾳ
1139 1807 1300 1847 προσέδραμε
1342 1808 1452 1846 συνόδῳ.
1494 1810 1543 1839 Καὶ
1578 1809 1652 1844 δίκης
1682 1810 1874 1850 κροτηθείσης,

1046 1852 1095 1885 τὴν
1134 1851 1283 1881 δικαιοῦσαν
1312 1853 1452 1894 ἀπείληφε,
1487 1854 1570 1892 μηδὲν
1598 1854 1779 1894 ὠφεληθέντος
1817 1856 1876 1884 Εὗ-

1043 1896 1146 1924 σταθίου
1173 1897 1220 1925 τοῦ
1253 1900 1302 1931 τῆς
1339 1902 1465 1937 Βηρυτοῦ,
1501 1898 1532 1927 ἐκ
1565 1904 1611 1929 τοῦ
1632 1898 1781 1937 βασιλικοῖς
1798 1899 1878 1939 ὠχυ-

1044 1942 1141 1980 ρῶσθαι
1179 1942 1316 1980 γράμμασι
1345 1941 1443 1982 λέγειν,
1481 1950 1539 1976 τοῖς
1576 1943 1742 1983 ἐπιτρέπωσι
1778 1947 1874 1974 τοῦτο.

1045 1986 1081 2014 Οὐ
1095 1985 1145 2024 γὰρ
1159 1986 1308 2026 πρόσεσχεν
1331 1987 1348 2021 ἡ
1372 1986 1477 2019 σύνοδος
1504 1994 1563 2021 τοῖς
1592 1987 1654 2028 παρ’
1683 1988 1763 2017 αὐτοῦ
1787 1987 1876 2028 λεγο-

1046 2028 1144 2066 μένοις,
1184 2029 1252 2059 ἀλλὰ
1290 2032 1339 2064 τῆς
1375 2031 1520 2064 ὑποθέσεως
1555 2032 1779 2073 δοκιμαζομένης,
1820 2036 1876 2061 τῶν
1918 2030 1922 2042 ¹

1045 2073 1183 2113 ἀρχόντων
1204 2076 1329 2115 πρότερον
1345 2075 1534 2115 ἑρωτήσαντων
1555 2077 1605 2111 τὴν
1633 2076 1738 2105 σύνοδον
1757 2085 1764 2092 ·
1783 2077 1876 2116 ῥητῶς

1046 2117 1128 2150 οῗτως
1146 2127 1152 2133 ¹
1203 2130 1216 2147 ι
1247 2122 1290 2156 Τῷ
1329 2121 1455 2157 θειοτάτῳ
1489 2121 1605 2161 δεσπότῃ
1631 2123 1681 2156 τῆς
1711 2122 1875 2160 οἰκουμένης

1052 2173 1064 2190 ιι
1087 2162 1176 2203 ἤρεσε,
1202 2164 1241 2202 μὴ
1266 2165 1333 2194 κατὰ
1361 2167 1422 2194 θεῖα
1449 2166 1604 2207 γράμματα,
1621 2166 1640 2200 ἢ
1660 2167 1729 2195 κατὰ
1741 2177 1876 2206 πραγμα-

1051 2218 1066 2234 σ
1088 2208 1176 2240 τικοὺς
1210 2209 1318 2246 τύπους,
1365 2211 1397 2239 τὰ
1433 2214 1486 2238 τῶν
1523 2210 1674 2239 ἐπισκόπων
1708 2210 1874 2251 προϐαίνειν,

1051 2263 1065 2279 ε
1089 2251 1157 2280 ἄλλα
1195 2254 1239 2281 καὶ
1275 2255 1335 2286 τοὺς
1366 2254 1478 2287 κανόνας
1506 2258 1560 2284 τῶν
1593 2256 1728 2295 Πατὲρων,
1766 2256 1877 2285 Είπάτω

1052 2308 1066 2324 ι
1089 2297 1132 2325 οὖν
1153 2298 1170 2332 ἡ
1193 2298 1253 2337 ἁγία
1275 2297 1392 2336 σύνοδος,
1416 2300 1438 2328 εἰ
1462 2299 1544 2332 ἔξεστι
1567 2301 1634 2330 κατὰ
1649 2301 1722 2329 θεῖον
1744 2311 1876 2340 πραγμα-

1051 2351 1068 2370 ι
1088 2343 1162 2370 τικὸν
1189 2343 1269 2372 τύπον
1297 2343 1436 2383 ἀλλοτρίας
1465 2343 1607 2378 ἐκκλησίας
1643 2344 1730 2373 δίκαια
1770 2345 1877 2385 ἑτέροος

1053 2397 1066 2414 σ
1089 2386 1246 2420 ἐπισκόπους
1273 2390 1482 2430 παραιρεῖσθαι;
1526 2390 1542 2423 ἡ
1571 2389 1633 2428 ἁγία
1669 2388 1775 2422 σύνοδος
1820 2391 1877 2419 ὰπ-

1053 2443 1067 2458 :
1090 2431 1218 2470 εκρίνατο.
1243 2435 1315 2460 Κατὰ
1340 2433 1400 2464 τοὺς
1420 2433 1532 2466 κανόνας
1547 2434 1579 2459 53
1605 2435 1790 2474 πραγματικὸν
1815 2446 1877 2472 μη-

1054 2488 1067 2503 (
1090 2475 1131 2503 ὁὲν
1152 2476 1282 2516 ἰσχύσειν.
1305 2478 1335 2506 Oi
1362 2478 1471 2511 κανόνες
1491 2481 1545 2507 τῶν
1574 2478 1696 2518 Πατέρων
1727 2480 1877 2518 κρατείτω-

1055 2531 1066 2548 ιι
1091 2531 1150 2551 σαν.
1166 2521 1215 2550 Καὶ
1229 2521 1300 2554 αὖθις
1316 2524 1368 2550 τῶν
1393 2522 1531 2563 ἀρχόντων
1553 2523 1682 2552 εἰπόντων
1697 2531 1705 2539 '
1737 2523 1789 2553 Νὖν
1817 2535 1877 2552 και-

852 2596 979 2632 νΑΒΙᾸΕ
1002 2601 1220 2635 LECTIONES.

221 2669 252 2695 55
265 2673 317 2698 τῶν
332 2669 461 2698 κανόνων.

965 2731 1090 2766 NOTE.

224 2796 343 2837 (ει-25)
358 2795 456 2827 Exstat
472 2794 599 2826 edictum
617 2794 635 2824 l.
655 2803 706 2825 un.
722 2794 756 2826 C.
774 2791 820 2825 De
835 2797 962 2835 metrop.
983 2794 1109 2834 Beryto,
1125 2793 1175 2824 lib.
1199 2801 1248 2826 Π..
