1922 3081
34 132 85 165 877

692 131 1005 166 GR/EGO-ROMANU
1010 136 1037 167 M

1655 135 1714 168 878

37 213 50 230 ι
69 202 108 240 ριςς
132 202 183 230 ἐστι
210 201 366 242 διδαχθῆναι
402 203 474 241 ἡμᾶς
506 203 576 242 παρὰ
610 202 658 236 τῆς
689 200 796 230 συνόδου

952 208 991 229 ιιι]
1003 209 1116 230 sacram
1124 200 1309 232 sanctionem
1321 201 1529 242 pragmaticam
1538 203 1606 242 jura
1617 201 1711 234 eccle-

38 258 51 274 ι
72 246 148 280 ἔξεστι
171 247 238 276 κατὰ
260 249 332 276 θεῖον
359 248 543 287 πραγματικὸν
569 246 708 287 ἀλλοτρίας
736 244 849 280 Ἐκκλη-

39 303 52 318 ε
73 291 125 324 σίας
152 290 237 319 δίκαια
269 291 373 331 ἑτέρους
403 292 560 324 ἐπισκόπους
593 293 777 331 παραιρεῖσθαι
793 299 800 305 ·
831 291 849 323 ἡ

40 347 51 363 ι
74 336 129 376 ἁγία
156 335 260 368 σύνοδος
281 335 425 370 ἀνεϐόησεν
441 345 447 353 ”
473 338 526 366 Οὔκ
546 335 640 369 ἔξεστι.
671 339 753 365 Τοῦτο
779 334 850 373 παρὰ

39 392 49 408 ιι
72 381 127 413 τοὺς
147 380 257 413 κανόνας
287 380 352 412 ἐστί.
389 376 471 409 ⁷Ἐστι
500 380 527 409 δὲ
554 381 598 409 καὶ
626 380 705 418 νόμος
741 381 754 408 ὁ
775 384 850 408 τοῦτο

39 437 48 452 ι
72 425 234 463 βουλόμενος,
266 425 334 454 οὕτω
360 425 460 458 διεξιών
479 435 487 443 ⁸
507 426 537 454 Οἱ
557 431 616 458 τοῖς
641 425 747 453 κανόσιν
772 423 850 452 ἐναν-

34 480 48 501 (
72 470 195 507 τιούμενοι
217 471 398 509 πραγματικοὶ
425 470 511 507 τύποι⁷
543 469 632 509 ἅκυροί
660 470 720 498 εἱσι.
746 481 759 497 ι
799 469 848 497 Καὶ

32 514 88 554 ὅρα,
103 515 205 554 μέγιστε
230 514 349 553 βασιλεῦ,
372 514 446 546 ὅπως
471 514 514 542 διὰ
541 514 646 542 πάντων
668 514 767 542 τούτων
782 513 848 541 ἄπο-

33 558 149 588 δὲδεικται
170 558 321 598 τηλαυγῶς,
345 560 375 587 τὸ
397 559 435 597 μὴ
458 558 514 587 δεῖν
535 560 668 587 αὐθεντεῖν
698 559 743 586 τὸν
768 558 847 596 βασι-

33 604 77 632 λέα
91 604 116 632 ἐν
129 610 185 635 τοῖς
200 604 340 644 τοιούτοις,
370 607 515 636 κανονικώς
540 602 567 631 δὲ
594 604 627 631 τὰ
642 602 849 636 ἐκκλησιαστικὰ

36 647 200 687 διεξάγεσθαι.
232 649 287 677 Εἰσὶ
309 648 357 686 μὲν
379 648 423 677 οὖν
451 649 494 676 καὶ
516 647 591 677 ἄλλοι
620 647 713 676 πολλοὶ
741 647 848 679 κανόνες

37 696 87 721 τῶν
118 692 278 722 θεοστέπτων
306 692 471 730 ἀποστόλων,
495 693 539 721 καὶ
566 693 703 732 ὑπηρετῶν
732 695 778 720 τοῦ
805 691 850 719 λό-

35 749 90 777 γου,
116 738 156 765 καὶ
183 737 236 765 τῶν
261 737 354 777 ἑφεξῆς
392 738 474 776 ἁγίων
510 736 635 774 συνόδων,
669 737 735 766 αὐτὰ
771 739 852 764 ταῦτα

35 781 232 822 διατρανοῦντες,
265 783 308 814 οὓς
345 784 501 822 παραθεῖναι
538 781 603 819 τῷδε
638 784 676 818 τῷ
703 781 850 820 γράμματι,

894 252 905 269 α
923 242 1455 287 simalterius,aliirapiantepiscopi:
1471 251 1573 278 sancta
1585 247 1715 288 synodus

893 297 904 315 α
923 288 1119 320 exclamavit:
1137 288 1201 320 Non
1216 290 1296 320 licet.
1314 292 1376 321 Hoc
1394 295 1499 331 praeter
1511 301 1640 324 canones
1655 293 1712 324 ad—

894 341 905 359 u
926 332 1058 363 mittitur.
1091 335 1141 365 Est
1165 333 1256 364 etiam
1282 334 1338 373 lex,
1369 344 1434 375 qua:
1461 336 1517 367 hoc
1541 336 1638 376 ipsum
1653 337 1716 369 vult

895 387 908 402 ι
925 375 971 406 his
979 377 1078 408 verbis
1090 378 1223 418 exposita
1237 380 1448 418 :Pragmaticaz
1459 375 1640 419 sanctiones,
1649 392 1716 423 quas

895 431 906 448 ι
927 421 1089 453 canonibus
1104 422 1310 464 adversantur,
1324 423 1415 455 irritae
1430 429 1508 455 sunt.
1525 438 1536 455 ι
1555 424 1642 464 Vide,
1658 421 1715 458 ob-

891 474 988 502 secro,
1007 467 1134 498 maxime
1144 467 1183 498 im
1188 469 1469 508 perator,quomodo
1481 479 1535 509 per
1544 470 1608 502 haec
1616 471 1717 502 omnia

889 509 1053 556 clarissime
1068 512 1304 543 demonstratum
1317 513 1429 554 sit,non
1445 513 1556 546 debere
1572 515 1716 556 principis

890 554 919 584 in
936 555 1106 595 hujusmodi
1121 556 1211 588 rebus
1225 558 1432 589 auctoritatem
1447 554 1611 598 valere,sed
1622 554 1718 592 eccle-

890 599 1009 630 siastica
1023 601 1186 631 secundum
1210 611 1339 633 canones
1364 603 1475 643 peragi.
1504 604 1548 635 Ac
1563 609 1633 636 sunt
1647 606 1716 646 qui-

891 643 958 674 dem
973 648 1001 674 et
1019 644 1068 675 alii
1084 645 1170 676 multi
1197 655 1328 677 canones
1352 652 1561 679 coronatorum
1577 643 1718 681 divinitus

893 689 1092 733 apostolorum
1108 689 1375 732 ministrorumque
1397 691 1492 733 verbi,
1505 696 1535 724 et
1549 697 1717 725 secutarnm

894 732 1037 774 deinceps
1052 738 1219 765 sanctarum
1245 736 1434 776 synodorum,
1454 737 1517 768 haec
1537 737 1601 778 ipsa
1615 738 1719 770 decla—

894 781 995 809 rantes
1008 789 1014 812 :
1028 788 1102 819 quos
1114 779 1182 810 huic
1191 779 1302 820 scripto
1313 780 1476 821 adjungere
1488 782 1718 818 velle,stolidnm

34 825 119 860 εὔηθες
152 826 233 864 ἔδοξε,
259 827 302 865 καὶ
324 827 362 865 μὴ
390 826 478 866 πόρῤω
504 826 654 866 φιλοτιμίας
686 825 790 865 ἆνωφελ

958 832 985 853 m
1002 823 1124 862 fuit,nec
1135 823 1171 854 ab
1182 823 1278 855 inutili
1289 825 1548 866 ambitionelonge
1558 831 1717 860 remotum.

35 866 136 899 (ἱκανῶν
155 871 205 910 γὰρ
233 873 284 898 τῶν
315 869 515 910 προϐληθέντων
536 872 572 903 εἷς
594 869 725 902 ἀπόδειξιν
753 869 846 908 ὄντων,

33 918 57 942 τί
87 913 127 943 δεῖ
145 915 188 943 καὶ
217 914 523 954 προσεπεξεργάζεσθαι;
560 916 603 943 καὶ
643 917 692 948 τῆς
727 913 849 947 ἀληθείας

33 959 175 997 όυναμένης
190 959 357 997 ἀναλάμψαι,
373 960 417 988 καὶ
432 966 489 991 νοῖς
513 963 577 988 πᾶσι
606 959 724 998 γενέσθαι
752 957 848 995 δήλης,

33 1005 84 1032 τῶν
119 1003 223 1032 πολλῶν
261 1003 381 1042 οὐδαμῶς
417 1007 505 1044 χρεία,
546 1004 681 1043 Αὐτάρκης
723 1003 772 1042 γὰρ
814 1004 849 1034 εἷς

33 1048 185 1087 συνηγορίαν
214 1048 309 1082 ἑαυτῆς
337 1049 355 1082 ἡ
386 1047 506 1082 ἀληθεία,
531 1053 616 1086 Κοινῳ
645 1048 693 1086 μὲν
725 1047 767 1076 οὖν
782 1047 854 1086 λόγῳ

33 1093 77 1121 καὶ
91 1092 233 1125 καθολικῶς
256 1092 354 1132 ἐλέχθη
376 1096 468 1124 ταῦτα,
493 1092 556 1129 ’ἰδίᾳ
577 1092 615 1133 δὲ,
638 1093 682 1120 καὶ
709 1092 776 1120 κατὰ
803 1091 853 1129 μέ-

32 1149 88 1177 ρος,
123 1138 166 1165 καὶ
200 1137 297 1177 ἱτέροις
326 1137 437 1169 ἕκαστος
480 1138 623 1178 φράγνυται
665 1137 853 1174 δικαιώμασιν.

32 1184 114 1214 Αὐτὸς
129 1183 175 1220 μὲν
204 1183 254 1222 γὰρ
283 1184 296 1210 ὁ
318 1183 361 1211 καὶ
386 1186 437 1211 τῶν
467 1184 525 1222 περὶ
554 1186 606 1210 τῶν
633 1181 703 1210 ὅλων
724 1182 855 1216 συστήσας

32 1226 132 1265 ἀγῶνα,
148 1227 237 1255 καὶτὸ
252 1229 353 1264 σμῆνος
380 1228 431 1255 τῶν
461 1225 548 1266 λόγων
573 1227 697 1266 κινήσας,
726 1227 772 1254 τὸν
799 1227 857 1253 θεο-

33 1271 97 1311 φιλῆ
119 1270 144 1298 δὲ
176 1269 247 1310 λέγω
278 1271 477 1310 μητροπολίτην
514 1270 652 1311 Ἀγκύρας,
687 1270 858 1308 ὑπομνήματί

32 1326 61 1344 τε
87 1315 232 1355 πέφρακται
263 1315 309 1343 τοῦ
345 1316 487 1355 μακαρίτου
522 1314 652 1353 βασιλέως
684 1318 729 1343 τοῦ
760 1314 855 1354 Δούκα,

32 1360 104 1392 ὅστις
125 1360 173 1393 τὴν
194 1363 240 1388 τοῦ
267 1359 401 1398 βασιλείου
430 1359 579 1392 ἐπισκοπὴν
609 1360 645 1390 εἷς
662 1358 857 1399 μητροπολιτι-

31 1405 78 1432 nam
107 1404 224 1443 ἂνήγαγε
256 1403 366 1443 δίκαιον,
396 1403 578 1444 διοριζομένῳ,
609 1406 648 1440 τῷ
675 1404 778 1441 θανάτῳ
812 1406 858 1431 τοῦ

31 1448 187 1486 τιμηθέντος
202 1448 409 1487 μητροπολίτο),
439 1449 476 1480 εἷς
504 1449 654 1481 ὶπισκοπὴν
680 1448 857 1476 κατεσπάσθαι

31 1494 81 1527 τὴν
103 1493 245 1532 εἰρημένην
273 1492 439 1526 ἐκκλησίαν·

32 1539 166 1577 νουνεχῶς
180 1540 227 1565 τοῦ
252 1536 380 1575 βασιλέως
409 1538 440 1565 τὸ
467 1538 565 1566 οἰκεῖον
587 1536 718 1575 ὀλίσθημα
746 1537 789 1564 καὶ
809 1536 859 1570 τὴν

31 1582 140 1622 ἄγνοιαν
176 1583 220 1610 καὶ
258 1580 440 1621 θριαμϐεῦσαι,
469 1582 513 1610 καὶ
542 1581 753 1621 διορθώσασθαι·
792 1580 859 1608 ἀλλὰ

31 1627 100 1655 κατὰ
120 1627 150 1654 τὸ
179 1626 310 1654 Θετταλὸν
346 1626 522 1666 μειρακίσνον,
553 1627 597 1654 καὶ
632 1626 791 1664 τρώσαντος,
816 1625 860 1653 καὶ

32 1672 176 1708 συμπαθῶς
210 1671 253 1699 καὶ
282 1670 471 1710 φιλανθρώπως
494 1670 675 1710 ἐπεγνωκότος
704 1671 754 1704 τὴν
774 1670 857 1699 ἴασιν.

32 1716 83 1744 Καὶ
110 1716 177 1755 πρὸς
205 1716 290 1752 τούτῳ
324 1713 514 1755 χρυσοϐούλλῳ
549 1714 679 1743 ὥπλισται
707 1714 779 1751 ἄλλῷ
813 1714 860 1742 τοῦ

29 1762 88 1790 υἱοῦ
101 1762 196 1788 τούτου
219 1761 263 1788 καὶ
284 1760 425 1800 βασιλέως,
447 1761 478 1788 τὸ
507 1761 606 1800 φθάσαν
633 1760 831 1799 ὑποστηρίζοντι
851 1768 857 1776 ·

30 1806 76 1833 καὶ
104 1805 276 1842 ὑπομνήματι
298 1803 437 1844 συνοδικῷ,
466 1808 519 1833 τῶν
540 1805 600 1832 τότε
629 1804 734 1840 ζώντων
763 1815 860 1843 μητρο-

29 1849 163 1888 πολιτῶν,
181 1848 276 1887 ὀλίγων
292 1848 319 1876 δὲ
334 1848 416 1877 ὅντων
433 1848 474 1885 54,
505 1855 562 1880 ταῖς
587 1849 761 1888 αὖτοχειρίοις
790 1850 857 1876 ὑπο-

29 1894 180 1927 σηιιασίαις
199 1894 229 1921 τὸ
250 1892 363 1931 ἔμπεδον
390 1893 558 1934 ἂποφέροντι,
583 1895 620 1921 ὧν
648 1894 691 1921 καὶ
713 1895 735 1921 οἱ
757 1892 861 1924 πλείους

28 1938 158 1978 περίεισι,
185 1938 403 1978 στοιχησάντων,
424 1938 546 1967 ἁπάντων
574 1941 609 1976 τῇ
635 1941 765 1976 κανονικῇ
792 1937 862 1966 ἀπο-

27 1977 125 2023 φάσει,
155 1977 271 2022 ’Άτερος
299 1981 326 2010 δὲ
356 1983 370 2010 ὁ
397 1977 551 2021 Ἡρακλείας
580 1982 646 2020 πρὸς
668 1988 727 2013 τοῖς
761 1988 861 2014 κοινοῖς

7 2031 9 2040 ⁸
28 2027 226 2065 δικαιώμασιν,
242 2026 305 2056 αὐτό
320 2037 348 2055 τε
363 2027 393 2054 τὸ
421 2025 556 2055 ωνοόικὸν
583 2025 729 2064 ὑπόμνημα
744 2025 861 2066 προϐάλ-

28 2072 106 2100 λεται
139 2072 177 2103 εἰς
206 2071 397 2109 συνασπισμὸν,
431 2071 474 2099 καὶ
503 2069 691 2110 χρυσοὸούλλῳ
717 2072 861 2111 τεθωράκι-

30 2128 106 2154 σται,
130 2117 162 2145 οὗ
190 2115 349 2155 δημιουργὸς
379 2116 394 2144 ὸ
416 2115 562 2155 μακαρίτης
583 2114 706 2154 βασιλεὺς
736 2117 750 2144 ὁ
779 2120 865 2145 Botu-

889 865 963 897 Nam
979 877 1048 898 cum
1066 877 1111 908 ea,
1130 877 1195 908 qua:
1206 869 1351 908 producta
1378 873 1460 908 sunt,
1477 865 1720 904 adidemonstra-

891 911 1000 943 tionem
1023 913 1066 943 rei
1094 913 1256 951 sufﬁciant,
1273 923 1327 944 cur
1355 914 1483 954 amplius
1506 915 1724 950 laboreturlet

891 965 957 986 cum
972 957 1080 988 veritas
1096 957 1216 989 elucere
1238 958 1341 998 possit,
1369 962 1458 999 atque
1473 959 1613 991 omnibus
1630 960 1721 992 inno-

896 1005 1029 1032 tescere:
1048 1011 1106 1032 non
1134 1002 1234 1033 multis
1259 1012 1334 1043 opus
1351 1007 1396 1034 est
1409 1003 1521 1035 verbis.
1541 1004 1658 1046 Quippe
1673 1015 1724 1037 ve-

894 1045 965 1091 ritas
981 1045 1017 1076 ad
1046 1047 1091 1077 sui
1117 1047 1312 1086 patrocinium
1340 1047 1468 1088 ipsamet
1484 1045 1607 1080 sufﬁcit;
1620 1045 1722 1091 Itaque

894 1090 1010 1121 ratione
1026 1091 1189 1131 communi,
1219 1095 1249 1122 et
1272 1092 1453 1131 generaliter
1468 1093 1532 1124 haec
1548 1093 1626 1125 dicta
1640 1090 1720 1125 sunt.

896 1135 1037 1166 Seorsum
1051 1145 1133 1173 vero,
1150 1140 1180 1166 et
1197 1135 1405 1180 particulatim,
1418 1137 1507 1168 etiam
1517 1137 1584 1170 aliis
1599 1139 1725 1180 quisque

899 1179 1032 1211 munitus
1045 1184 1089 1210 est
1102 1180 1231 1219 juribus.
1249 1179 1321 1211 Nam
1340 1185 1368 1212 et
1383 1181 1408 1212 is
1433 1182 1498 1222 ipse
1509 1183 1559 1223 qui
1573 1179 1725 1216 certamen

898 1223 955 1254 hoc
969 1223 1138 1254 universum
1173 1224 1299 1265 accepit,
1324 1230 1352 1256 et
1366 1226 1524 1257 verborum
1540 1227 1596 1258 hoc
1609 1228 1726 1259 alveare

898 1270 1067 1306 commovit,
1084 1268 1252 1308 religiosus,
1264 1269 1396 1310 inquam,
1414 1271 1660 1312 metropolitanus
1675 1273 1726 1304 ille

900 1313 1084 1352 Ancyranus,
1112 1313 1308 1345 instrumento
1336 1315 1468 1346 munitus
1497 1321 1541 1347 est
1555 1317 1650 1348 felicis
1665 1326 1727 1348 me-

900 1358 1002 1388 moriae
1018 1357 1161 1398 principis
1183 1357 1271 1389 Ducaa
1288 1376 1310 1396 ν,
1329 1359 1378 1399 qui
1390 1361 1593 1401 episcopatum
1608 1361 1727 1393 Basilmi

900 1402 1117 1442 metropolitico
1127 1403 1195 1442 jure
1208 1403 1338 1444 donavit,
1353 1404 1432 1444 quod
1445 1405 1638 1437 instrumento
1654 1416 1726 1438 san-

900 1445 1021 1484 citur,ut
1030 1447 1173 1478 honorem
1181 1446 1278 1487 adepti
1290 1449 1724 1489 metropolitanimorte,dicta:

477 1493 515 1530 μὴ
545 1492 765 1532 ἐπαισχυνθέντος
801 1490 1149 1536 MavcEcclesiaredeat
1163 1492 1198 1522 ad
1222 1501 1235 1522 s

972 1491 1034 1522 esia
1046 1491 1149 1522 redeat
1163 1492 1198 1522 ad
1222 1496 1331 1523 statum
1348 1493 1521 1524 inferiorem
1540 1495 1727 1536 episcopatus

900 1544 966 1580 cum
977 1535 1062 1567 valde
1076 1537 1238 1576 prudenter
1247 1538 1325 1568 hunc
1333 1537 1498 1578 principem
1509 1549 1568 1570 non
1591 1535 1730 1580 puduerit

900 1579 1013 1619 lapsum
1022 1585 1050 1610 et
1057 1580 1251 1620 ignorantiam
1262 1591 1345 1612 suam
1357 1586 1416 1612 tum
1430 1583 1526 1622 palam
1535 1579 1725 1624 spectandam

900 1624 1117 1662 exhibere,tum
1134 1626 1284 1664 corrigere
1298 1638 1305 1665 ;
1323 1626 1463 1667 idemque
1474 1627 1610 1659 Thessali
1623 1629 1726 1660 adole-

901 1669 1010 1700 scentis
1026 1671 1175 1710 exemplo,
1192 1675 1220 1701 et
1235 1671 1340 1701 vulnus
1356 1671 1517 1711 inﬁixerit;
1545 1676 1575 1704 et
1598 1673 1728 1712 benigue

901 1713 1130 1755 humaniterque
1146 1716 1330 1746 sanationem
1347 1717 1509 1755 agnoverit.
1526 1716 1639 1749 Praeter
1653 1718 1729 1748 hanc

901 1757 1011 1788 bullam
1041 1768 1171 1796 auream,
1201 1760 1335 1791 munitus
1359 1765 1404 1791 est
1433 1761 1490 1791 alia
1530 1771 1648 1802 quoque
1675 1761 1729 1793 ﬁlii

901 1803 989 1842 hujus
1004 1809 1025 1840 κ,
1045 1808 1073 1833 (ιι
1088 1803 1288 1844 imperatoris,
1306 1814 1371 1845 quae
1396 1805 1527 1844 priorem
1544 1806 1702 1837 conﬁrmat
1718 1816 1726 1836 :

902 1846 1032 1887 itemque
1049 1853 1241 1879 monumento
1271 1849 1415 1889 synodali,
1433 1850 1511 1889 quod
1527 1849 1612 1881 factis
1639 1860 1728 1881 manu

904 1891 1022 1931 propria
1033 1891 1302 1932 subscriptiouibus
1314 1897 1359 1923 est
1369 1893 1575 1924 conﬁrmatum
1586 1894 1622 1925 ab
1636 1894 1732 1925 omni-

904 1934 959 1966 bus
974 1940 1043 1967 tunc
1053 1935 1217 1967 viventibus
1234 1937 1482 1977 metropolitanis,
1499 1938 1524 1969 si
1544 1948 1654 1978 paucos
1674 1938 1730 1970 de-

904 1989 978 2019 mas,
995 1990 1119 2020 quorum
1137 1985 1166 2012 et
1183 1981 1276 2021 major
1290 1991 1356 2021 pars
1371 1986 1523 2022 superstes
1538 1987 1593 2020 est,
1607 1983 1730 2014 univer-

903 2025 944 2055 sis
961 2025 1137 2056 seutentiam
1169 2026 1340 2057 canonicam
1363 2026 1486 2057 secutis.
1517 2027 1601 2058 Alter
1629 2031 1729 2059 autem

904 2069 954 2099 ille
970 2069 1098 2109 pontifex
1126 2069 1288 2108 Heracleas,
1320 2075 1427 2111 praeter
1448 2071 1517 2110 jura
1540 2072 1730 2111 communia;

906 2113 1017 2154 profert
1031 2114 1067 2144 ad
1090 2114 1136 2145 sui
1165 2114 1369 2146 defensionem
1385 2115 1459 2145 illud
1475 2115 1571 2156 ipsum
1590 2116 1731 2156 synodale

29 2162 156 2199 νειάτης,
180 2159 350 2200 διοριζομένῳ
376 2163 411 2199 τῇ
445 2159 554 2210 τελειιτῇ
582 2163 628 2189 τοῦ
656 2162 709 2190 νυνὶ
737 2160 788 2210 ἀρὶχ

972 2162 1144 2196 iumentum,
1169 2163 1197 2190 et
1222 2159 1351 2190 munitus
1377 2164 1419 2190 est
1435 2169 1524 2191 aurea
1538 2159 1631 2198 bulla,
1648 2161 1731 2201 cujus

29 2207 158 2237 τεύοντος
188 2204 215 2232 ἐν
243 2203 366 2244 Μαδύτῳ,
395 2205 425 2232 τὸ
463 2203 507 2232 ὑπ’
537 2205 608 2242 αὖτῴ
642 2204 866 2244 μητροπολιτικὸν

30 2251 166 2278 παύεσθαι
199 2248 309 2286 δίκαιον,
344 2249 389 2277 καὶ
420 2249 470 2277 ὑπὸ
499 2249 548 2282 τὴν
573 2244 729 2288 Ἡράκλειαν
765 2249 865 2278 ἐπανα-

30 2294 159 2334 στρέφειν
186 2293 236 2327 τὴν
261 2293 404 2332 εἰρημένην
436 2292 609 2330 Ἐκκλησίαν,
639 2294 675 2324 ὡς
697 2293 864 2333 τοπρότερον.

7 2332 14 2338 ’
29 2332 258 2379 Προσεπιτούντοις
287 2338 330 2365 καὶ
373 2339 387 2366 ὁ
429 2336 629 2377 θεοφιλέστατος
671 2332 866 2378 μητροπολίτης

28 2386 160 2423 Πατρῶν,
184 2381 297 2414 πολλοῖς
319 2383 363 2410 καὶ
377 2381 508 2422 διαφόροις
531 2383 695 2422 τετείχισται
721 2382 866 2421 δικαιώμα-

29 2439 83 2469 σινδ
103 2429 144 2460 εἷς
166 2428 198 2456 τὸ
221 2433 363 2467 συμφυεῖς,
392 2427 435 2455 καὶ
460 2426 606 2465 ἆτμήτους,
635 2428 680 2455 καὶ
707 2427 865 2456 ἀναποσπά-

29 2483 113 2504 στους
135 2473 213 2513 ἔχειν
234 2473 281 2504 τὰς
310 2474 344 2510 τῇ
371 2470 430 2499 κατ’
453 2472 531 2499 αὺτὸν
556 2471 683 2508 ἐκκλησίᾳ
708 2471 866 2511 δωρηθείσας

30 2517 202 2557 ἐπισκοπᾶς,
245 2517 316 2556 παρὰ
357 2516 508 2556 Νικηφόρου
549 2515 678 2554 βασιλέως
720 2521 765 2546 τοῦ
815 2517 868 2545 ἀπὸ

29 2565 168 2602 γενικῶν,
196 2561 238 2590 διὰ
272 2562 303 2590 τὸ
330 2560 357 2589 ἐν
392 2563 428 2598 τῇ
456 2563 626 2600 καταστροφῇ
660 2563 711 2589 τῶν
749 2560 868 2601 Ἀϐάρων

8 2634 16 2640 ,
30 2608 109 2647 παρὰ
141 2609 190 2635 τοῦ
213 2606 353 2646 κορυφαίου
380 2608 434 2632 τῶν
462 2603 615 2634 ἀποστόλων
641 2606 684 2634 καὶ
713 2606 868 2643 πρωτοκλή-

907 2206 1010 2234 auctor
1022 2207 1066 2233 est
1076 2203 1170 2234 felicis
1178 2203 1393 2234 recordationis
1413 2203 1577 2245 imperator
1590 2205 1731 2236 Botania-

908 2252 963 2285 tes,
981 2259 1039 2290 qua
1054 2250 1195 2287 sancitur,
1212 2253 1245 2280 ut
1259 2249 1338 2280 illius
1352 2251 1512 2290 morte,qui
1528 2260 1607 2282 nunc
1622 2251 1733 2292 Madyti

907 2294 1108 2334 pontiﬁcatum
1124 2294 1260 2334 gerit,jus
1275 2294 1338 2334 ejus
1360 2294 1610 2334 metropoliticum
1627 2295 1731 2336 exspi—

906 2343 962 2375 ret,
979 2348 1013 2370 ac
1029 2338 1105 2369 dicta
1113 2339 1239 2369 ecclesia
1252 2338 1378 2379 pristino
1389 2348 1472 2369 more
1488 2338 1543 2370 sub
1559 2338 1733 2371 Heracleam

906 2383 1018 2414 redeat.
1037 2382 1148 2414 Praeter
1162 2384 1236 2420 haec,
1266 2383 1509 2423 religiosissimus
1534 2393 1652 2424 quoque
1668 2393 1733 2414 me-

907 2427 1101 2468 tropolitanus
1138 2427 1287 2458 Patrensis
1327 2427 1534 2468 compluribus
1573 2437 1607 2459 ac
1645 2428 1735 2460 variis

910 2472 1040 2503 munitus
1063 2472 1238 2512 estjuribus
1263 2471 1294 2502 in
1309 2472 1376 2509 hoc,
1395 2476 1428 2503 ut
1448 2471 1506 2502 sibi
1520 2472 1688 2512 abjunctos,
1707 2476 1737 2503 et

910 2516 1032 2547 minime
1045 2520 1207 2556 separatos,
1224 2516 1446 2556 indivulsosque
1463 2515 1735 2557 babeatepiscopm

910 2566 966 2598 tus,
984 2561 1118 2592 ecclesiae
1133 2571 1194 2592 sua;
1208 2571 1224 2592 a
1238 2561 1404 2601 Nicephoro
1416 2560 1563 2602 principe,
1576 2561 1626 2601 qui
1636 2570 1671 2592 ex
1682 2569 1735 2601 ge-

910 2605 1003 2636 nerali
1019 2610 1211 2646 procuratore
1231 2605 1325 2636 factus
1339 2609 1385 2636 est
1401 2605 1738 2646 imperator,attributos

705 2688 831 2722 VARLE
852 2689 1078 2723 LECTIONES.

72 2745 110 2771 54
134 2744 263 2775 δεόντων.

73 2833 87 2849 ν
108 2811 324 2846 Constantini.
367 2833 379 2848 ι
393 2809 550 2844 Michaelis
564 2811 664 2846 Daca.
