1922 3081
202 125 261 157 879

891 128 907 158 J
910 127 956 158 US
976 125 1200 159 CANONICUM

1831 127 1883 161 880

204 193 267 233 ejus
290 192 424 224 miraculi
451 193 554 232 gratia,
584 192 661 233 quod
684 193 841 224 oculariter
855 193 962 224 factum
978 192 1024 223 fuit

1110 197 1117 222 i
1154 193 1274 234 Ἀνδρέου
1309 193 1517 234 ὀφθαλμοφανῶς
1547 196 1689 235 γενόμενον
1717 197 1814 234 θαῦμα,
1848 195 1884 224 ἐπὶ

203 238 239 268 ab
254 237 305 268 illo
323 237 430 267 eximio
446 237 601 277 primoque
631 242 732 268 vocato
747 238 880 278 apostolo
895 237 1025 274 Andrea,

203 283 232 313 in
249 282 380 313 Abarum
397 281 617 322 eversione,qui
633 282 700 313 totis
714 290 823 314 ccxvnt
837 282 924 312 annis
938 281 1026 312 Pelo—

203 336 367 367 ponnesum
380 326 677 366 obtinuerant,usque
692 326 765 357 adeo
778 326 815 357 ab
826 326 951 367 imperio
966 325 1026 357 Ro-

203 380 292 402 mano
309 371 411 408 avulsi,
428 375 459 400 ut
475 379 561 401 nemo
580 371 730 402 Romanus
741 371 771 401 in
788 371 1024 411 Peloponnesum

202 415 247 446 vel
264 415 369 455 pedem
386 415 496 446 inferre
514 420 629 455 posset;
648 419 717 446 tunc
729 419 826 446 autem
843 415 931 446 unius
946 414 1025 446 hora:

202 460 298 500 spatio
311 459 624 491 fueruntexterminati
633 469 686 500 per
702 461 794 491 solam
812 459 1025 501 apparitionem

202 503 291 543 hujus
308 504 405 544 primo
415 503 510 534 vocati
526 504 662 543 apostoli,
678 508 707 535 et
717 504 781 544 ipsa
795 505 876 542 regio
892 507 952 534 tota
965 503 1026 535 Ro-

203 548 299 578 manis
314 548 448 578 restituta
463 547 599 587 sceptris.

242 594 287 623 Ac
302 593 428 633 primum
445 593 566 632 quidem
583 593 692 632 profert
709 601 831 623 auream
848 592 960 623 bullam
977 592 1024 622 in-

203 637 291 668 dicati
307 637 461 677 principis,
479 638 528 677 qui
555 641 584 668 et
598 638 676 668 hanc
700 637 794 677 ipsam
810 637 1026 668 sanctissimam

202 683 374 713 Patrensem
380 681 542 712 Ecclesiam
553 691 587 712 ex
598 682 853 722 archiepiscopatu
861 682 895 712 ad
912 686 1021 712 metro-

203 726 279 766 polis
288 726 410 766 gloriam
423 726 518 757 evexit
528 725 564 756 ob
573 725 653 756 illius
665 726 766 757 eximii
779 726 944 766 prodigium
954 735 1026 766 apo-

202 770 351 810 stoli,quaa
371 770 518 809 diximus;
541 775 570 801 et
585 775 643 801 tres
659 771 845 811 episcopatus
862 771 889 802 ei
905 771 1024 810 largitus

203 819 256 853 est,
271 815 505 855 Methonensem,
519 815 788 852 Lacedmmonium,
805 819 834 846 et
845 814 1022 846 Sarsocoro-

202 869 327 890 nensem
345 870 352 891 :
369 859 477 890 deinde
501 860 622 891 alteram
645 860 713 892 huic
729 869 900 895 consonam,
918 859 1024 890 Leonis

203 911 232 935 et
258 904 420 935 Alexandri
443 909 632 944 augustorum
651 915 659 934 :
683 914 716 935 ac
741 904 856 935 tertiam
871 903 1022 944 ‘Bomani,

202 950 419 991 Christophori,
438 955 467 982 et
481 951 675 991 Constantini,
701 951 881 991 reliquarum
894 950 1025 990 vestigiis

202 995 394 1026 inharentem
409 995 559 1036 ;itemque
577 999 681 1036 praeter
692 995 743 1026 has
756 995 1022 1036 aliam,Nicephori

201 1039 307 1071 Phoca
330 1040 488 1080 :quintam
516 1040 645 1080 denique
669 1040 830 1071 Botaniata:
858 1040 948 1078 illius,
973 1039 1024 1079 qui

202 1085 288 1124 paulo
300 1088 368 1115 ante
379 1094 477 1115 rerum
490 1084 599 1125 potitus
606 1084 740 1125 fuit,qu:e
752 1086 908 1115 recensita:
918 1093 1024 1115 omnes

202 1128 406 1167 obsignautur.
417 1129 667 1160 Neocaasariensis
678 1138 796 1170 quoque
807 1129 944 1159 similiter
958 1138 1024 1159 mo-

202 1177 344 1204 numento
368 1173 632 1205 dominiMichazlis
648 1174 833 1213 patriarchae,
851 1173 945 1204 beata;
960 1182 1026 1203 me-

202 1217 304 1249 morize
315 1218 438 1256 nititur;
451 1223 479 1249 et
489 1227 581 1250 aurea
591 1217 671 1250 bulla
680 1218 793 1249 domini
803 1218 955 1248 Michaelis
964 1217 1026 1248 Du-

202 1271 254 1293 caa.
272 1262 466 1293 Inveniuntur
479 1267 507 1293 et
525 1266 599 1300 acta,
609 1272 676 1303 qua
691 1262 897 1302 traduntquod
907 1262 1026 1302 episco-

203 1307 472 1347 patus,quicunque
487 1307 523 1338 ad
539 1307 750 1347 metropolium
767 1307 939 1346 dignitatem
956 1315 1026 1346 pro-

203 1351 331 1382 vehendi
348 1356 442 1390 erant,
460 1361 518 1382 non
540 1352 626 1382 aliter
647 1351 675 1382 id
699 1351 952 1391 assequebantur;
969 1350 1028 1380 nisi

203 1395 331 1436 publica;
358 1396 492 1427 utilitatis
515 1396 543 1427 id
572 1396 709 1427 suaderet
737 1395 824 1433 ratio,
841 1400 875 1425 ‘et
899 1395 1026 1434 synodus

203 1440 408 1477 assentiretur,
436 1444 464 1471 et
479 1440 612 1472 ecclesia;
627 1440 771 1470 honorem
788 1443 951 1479 acceptura:
968 1448 1027 1469 me-

203 1484 397 1525 tropolitanus
412 1485 667 1516 remunerationes
683 1493 715 1515 se
732 1484 835 1523 dignas
851 1483 1025 1523 eximpera-

204 1529 278 1559 toris
305 1539 392 1560 manu
418 1534 606 1570 consecutus,
635 1539 669 1560 ea
684 1539 748 1569 quae
768 1532 954 1568 gererentur,
971 1537 1025 1567 ap-

205 1573 355 1613 probaret.
387 1574 442 1605 Tot
459 1575 547 1614 igitur
562 1578 649 1614 atque
676 1573 744 1604 talia
758 1583 825 1604 cum
847 1572 1028 1603 adminicula

205 1617 276 1656 sint,
293 1623 351 1649 tam
367 1619 513 1649 universis
527 1618 706 1655 communia,
729 1627 815 1657 quam
832 1616 957 1656 singulis
974 1626 1027 1657 pe—

205 1662 352 1694 culiaria:
372 1663 445 1694 mihi
474 1673 556 1700 sane,
584 1663 701 1702 meique
727 1662 873 1692 similibus
902 1661 1024 1693 videtur.

204 1707 417 1738 humanissime
444 1707 594 1747 princeps,
628 1716 694 1737 esse
723 1707 829 1737 factum
844 1706 930 1745 hujus
947 1706 1025 1736 modi

204 1755 233 1782 et
248 1752 382 1793 iniquum
398 1756 426 1782 et
443 1761 576 1788 enorme,
595 1755 756 1791 contraque
772 1760 870 1781 sacros
885 1759 1023 1788 canones,

205 1801 234 1827 et
262 1797 390 1828 decretis
420 1796 623 1837 spiritualibus
652 1805 686 1825 ac
715 1795 830 1834 legibus
844 1795 1023 1826 adversum:

203 1851 259 1872 nec
272 1843 341 1872 satis
357 1841 468 1873 habere
485 1841 603 1878 virium,
620 1850 684 1880 quac
710 1840 746 1871 ab
759 1840 928 1870 adversaria
943 1843 1026 1879 parte

204 1891 381 1926 opponatur.
400 1885 471 1916 Nam
494 1895 591 1925 neque
607 1894 692 1915 sacra
707 1884 886 1925 pragmatica
901 1884 1025 1924 sanctio,

203 1930 293 1961 veluti
304 1930 441 1970 superius
471 1933 516 1960 est
543 1929 740 1967 declaratum,
757 1929 897 1959 adversus
911 1928 1026 1958 divinos

203 1984 333 2006 canones
357 1974 464 2005 valebit
481 1983 486 2005 :
515 1983 611 2014 neque
637 1973 857 2010 condemnatio,
873 1982 938 2013 quae
953 1982 1027 2003 con—

203 2023 246 2050 tra
272 2020 352 2058 leges
367 2027 496 2049 canones
519 2019 623 2058 tendit,
653 2017 811 2048 laudabilis
826 2026 890 2048 esse
907 2018 1024 2057 poterit.

203 2062 340 2098 Quamvis
369 2062 449 2094 enim
479 2062 623 2102 scriptum
651 2071 668 2092 a
696 2063 858 2092 constituta
887 2061 1026 2092 divinitus

203 2107 355 2146 majestate
382 2111 431 2138 tua
460 2107 661 2140 subnotatum,
686 2105 846 2136 artificiose
862 2110 948 2145 atque
962 2114 1026 2136 ora-

1035 841 1054 865 Β

1035 1518 1055 1546 C

1069 237 1209 271 διακοσίοις
1228 238 1361 267 δεκαοκτὼ
1381 239 1489 280 χρόνοις
1518 240 1589 273 ὅλοις
1616 240 1809 280 κατασχόντων
1841 240 1885 274 την

1069 282 1282 322 Πελοπόννησον,
1318 284 1362 312 καὶ
1390 285 1439 317 τῆς
1462 279 1618 322 Ῥωμαϊκῆς
1638 279 1726 325 am:
1756 285 1886 323 ἀποτεμο-

1068 327 1167 365 μένων,
1204 329 1241 360 ὡς
1277 327 1346 366 μηδὲ
1373 328 1440 357 πόδα
1469 329 1563 368 βαλεῖν
1598 329 1667 361 ὅλως
1705 329 1825 358 δύνασθαι
1863 331 1887 357 ἓν

1067 372 1134 410 αύτῇ
1162 368 1294 410 Ῥωμαῖον
1321 371 1400 412 ἄνδρα
1417 380 1424 387 ·
1453 373 1480 402 ἐν
1508 377 1557 412 μιᾷ
1585 373 1612 402 δὲ
1640 374 1695 413 ὥρᾳ
1721 374 1823 402 τούτων
1843 375 1885 411 μὲν

1067 416 1259 456 ἀφανισθέντων
1284 417 1314 445 ἐκ
1338 417 1422 454 μόνης
1445 417 1597 456 ἐπιφανείας
1620 423 1667 448 τοῦ
1689 418 1884 458 πρωτοκλήτου,

1066 463 1115 494 τῆς
1147 460 1174 489 δὲ
1211 462 1301 501 χώρας
1329 461 1435 495 ἀπάσης
1462 470 1521 495 τοῖς
1552 458 1715 501 Ῥωμαϊκοῖς
1748 463 1886 502 σκήπτροις

1067 505 1260 540 ἐπανελθούσης
1265 531 1272 538 ,

1110 595 1157 623 Καὶ
1178 595 1281 634 πρῶτον
1305 597 1353 633 μὲν
1376 595 1551 636 προϐάλλεται
1575 597 1607 624 τὸ
1627 599 1674 624 τοῦ
1695 595 1821 635 ῥηθέντος
1841 596 1888 634 βα-

1067 639 1161 671 σιλέως
1187 639 1393 680 χρυσόϐουλλον,
1418 644 1464 669 τοῦ
1491 642 1534 669 καὶ
1565 641 1613 674 τὴν
1637 641 1718 674 αὐτὴν
1741 641 1889 680 ἇγιωτάτην

1067 683 1210 718 ἐκκλησίαν
1238 688 1360 725 Πατρῶν,
1387 685 1413 718 ἐξ
1442 686 1658 726 ἆρχιεπισκοπῆς
1687 687 1723 717 εἷς
1753 686 1888 725 μητροπό-

1065 730 1132 762 λεως
1161 729 1236 763 δόξαν
1275 731 1466 770 ἀναγαγόντος,
1504 731 1546 760 διὰ
1585 733 1615 760 τὸ
1650 732 1726 770 ῥηθεν
1756 732 1888 771 τεράστιον

1064 775 1110 802 τοῦ
1131 776 1281 815 κορυφαίου,
1313 777 1357 803 καὶ
1380 776 1466 815 τρισίν
1501 776 1661 809 ἐπισκοπαῖς
1691 776 1774 809 αὐτὴν
1803 774 1887 815 δωρη-

1066 819 1190 858 σαμένου,
1212 823 1246 858 τῇ
1274 820 1395 860 Μεθώνῃ,
1425 823 1458 858 τῇ
1486 820 1673 860 Λακεδαίμονι,
1704 821 1747 848 καὶ
1769 823 1804 858 τῇ
1826 824 1889 859 Σαρ-

1066 865 1200 903 σοκορώνῃ
1218 874 1225 881 ⁸
1254 866 1297 892 καὶ
1326 864 1413 905 ἕτερον
1449 866 1534 903 τούτῷ
1563 864 1682 902 συνᾷδον,
1713 865 1828 897 Λέοντος
1847 866 1889 893 καὶ

1066 907 1234 948 Ἀλεξάνδρου
1261 912 1314 936 τῶν
1343 908 1475 947 βασιλέων
1490 917 1497 924 ¹
1540 910 1584 938 καὶ
1627 911 1712 949 τρίτον
1742 905 1889 948 ιΡιιιμανοῦ,

1066 953 1253 992 Χριστοφόρου,
1282 954 1326 981 καὶ
1366 955 1573 991 Κωνσταντίνου,
1615 953 1673 982 κατ’
1715 953 1794 994 ἴχνος
1830 955 1890 985 τοῖς

1065 996 1155 1029 ἄλλοις
1172 998 1265 1035 βαῖνον
1283 1005 1290 1012 ⁸
1321 999 1364 1026 καὶ
1389 997 1454 1026 ἄλλο
1469 999 1512 1026 ἐπὶ
1526 999 1642 1031 τούτοις.
1672 999 1824 1038 Νικηφόρου
1846 1002 1891 1026 τοῦ

1064 1044 1145 1069 Φωκᾶ
1161 1051 1169 1058 '
1206 1043 1250 1070 καὶ
1275 1042 1396 1080 πέμπτον
1429 1043 1471 1070 ἐπὶ
1506 1043 1620 1080 τούτοις,
1649 1048 1696 1072 τοῦ
1724 1044 1775 1082 πρὸ
1797 1044 1890 1081 μικρὰ]

1065 1084 1280 1123 βεϐασιλευκότος
1320 1086 1366 1114 τοῦ
1408 1087 1592 1124 Βοτανειάτου,
1635 1088 1697 1119 τοὺς
1734 1088 1890 1127 εἰρημένους

1065 1130 1165 1162 πάντας
1195 1130 1437 1170 ἐπισφραγίζοντος.
1482 1133 1530 1160 Καὶ
1565 1133 1579 1160 ὁ
1618 1132 1821 1171 Νεοκαισαρείας
1864 1130 1892 1159 δὲ

1066 1174 1218 1214 ἐστήρικται
1247 1175 1345 1212 ὁμοίως
1369 1176 1540 1213 ὑπομνήματι
1574 1181 1620 1205 τοῦ
1652 1175 1679 1204 ἒν
1708 1177 1825 1215 μακαρίᾳ
1860 1179 1893 1213 τῇ

1066 1218 1134 1251 λέξει
1169 1220 1346 1259 πατριάρχου,
1369 1220 1448 1259 κυροῦ
1472 1220 1596 1260 Μιχαὴλ,
1632 1221 1674 1248 καὶ
1702 1219 1895 1260 χρυσοϐούλλῳ

1068 1267 1146 1303 κυροῡ
1171 1263 1284 1303 Μιχαὴλ
1304 1267 1351 1293 τοό
1376 1265 1475 1294 Λούκα.
1507 1265 1673 1304 Εὑρίσκονται
1695 1264 1722 1293 δὲ
1750 1266 1794 1293 καὶ
1822 1266 1894 1304 πρέ-

1069 1307 1119 1340 ξεις
1148 1307 1354 1348 διαγορεύουσαι,
1378 1308 1418 1336 ὅτι
1447 1319 1496 1348 περ
1518 1308 1577 1338 ὅσαι
1599 1313 1652 1338 τῶν
1673 1309 1827 1338 ἐπισκοπῶν
1857 1310 1893 1341 εἷς

1069 1353 1259 1392 μητροπόλεων
1288 1353 1398 1390 ἔμελλον
1426 1352 1632 1387 ἀναϐιϐασθῆναι
1653 1353 1744 1391 κλέος,
1765 1355 1814 1382 οὒκ
1842 1353 1893 1381 ἄλ-

1069 1397 1121 1428 λως
1145 1399 1238 1425 τούτου
1268 1397 1408 1437 ἐπέτυχον,
1440 1399 1462 1426 εἰ
1490 1398 1529 1435 μὴ
1564 1399 1728 1439 κοινωφελὴς
1751 1397 1894 1438 προῦκειτο

1068 1442 1213 1481 οἰκονομία,
1235 1443 1278 1469 καὶ
1304 1443 1320 1476 ἡ
1351 1441 1455 1474 σύνοδος
1485 1441 1651 1480 κατεδέξατο,
1680 1444 1724 1472 καὶ
1752 1444 1766 1471 ὁ
1788 1455 1893 1482 μητρο-

1067 1485 1176 1519 πολίτης
1191 1489 1241 1519 τῆς
1266 1486 1414 1524 μελλούσης
1441 1488 1584 1524 τιμηθῆναι
1613 1487 1755 1521 ἐκκλησίας
1783 1487 1893 1516 ἀντιδό-

1068 1541 1122 1562 σεις
1146 1530 1217 1563 ἀξίας
1238 1530 1353 1569 εἰληφὼς
1379 1534 1429 1564 τῆς
1457 1531 1598 1568 βασιλικῆς
1614 1531 1709 1573 δεξιᾶς,
1726 1538 1787 1564 τοῖς
1802 1543 1893 1571 πρατ-

1068 1575 1188 1613 τομένοις
1218 1576 1353 1614 συνῄνεσε.
1391 1576 1528 1605 Τοσούτων
1560 1577 1645 1605 τοίνυν
1674 1577 1756 1606 ὄντων
1784 1578 1895 1616 βοηθη-

1068 1620 1170 1659 μάτων,
1196 1620 1240 1647 καὶ
1273 1623 1368 1648 κοινῶν
1395 1627 1454 1651 τοῖς
1482 1623 1559 1659 πᾶσι,
1589 1621 1634 1649 καὶ
1662 1624 1715 1649 τῶν
1729 1621 1897 1650 καθέκαστον

1067 1663 1150 1701 ἰδίων,
1176 1663 1234 1692 ἐμοι
1261 1675 1288 1691 τε
1315 1665 1359 1692 καὶ
1385 1670 1444 1695 τοῖς
1474 1665 1575 1702 ὁμοίοις
1595 1664 1680 1705 δοκεῖ,
1706 1665 1896 1705 φιλανθρωπό-

1067 1719 1130 1736 τατε
1165 1708 1283 1748 βασιλεῦ,
1312 1709 1466 1748 παράνομον
1494 1709 1565 1737 εἶναι
1605 1710 1650 1737 καὶ
1683 1709 1813 1749 ἄρρυθμον
1845 1712 1897 1745 τὴν

1067 1754 1190 1786 τοιαύτην
1212 1753 1315 1793 πρᾶξιν,
1341 1755 1384 1782 καὶ
1405 1757 1458 1781 τῶν
1487 1755 1562 1793 ἱερῶν
1589 1754 1707 1782 κανόνων
1721 1755 1897 1796 ἀπεναντίαν,

1067 1798 1110 1825 καὶ
1138 1805 1196 1830 τοῖς
1225 1805 1414 1836 πνευματικοῖς
1450 1798 1520 1838 ὅροις
1554 1800 1598 1827 καὶ
1626 1798 1716 1836 νόμοις
1746 1800 1896 1841 ἀντίθετον,

1067 1843 1111 1871 καὶ
1126 1843 1177 1882 οὐχ
1204 1843 1280 1870 ἱκανὰ
1307 1843 1340 1871 τὰ
1361 1843 1432 1883 παρὰ
1453 1848 1500 1872 τοῦ
1528 1843 1686 1883 ἀντιῤῥόπου
1715 1843 1814 1883 μέρους
1844 1845 1896 1873 ἀν-

1067 1887 1225 1925 τιτιθέμενα.
1243 1887 1308 1915 Οὔτε
1329 1888 1378 1927 γὰρ
1407 1888 1592 1926 πραγματικὸς
1621 1889 1693 1919 θεῖος
1715 1889 1798 1921 τύπος
1826 1893 1897 1918 κατὰ

1067 1935 1120 1959 τῶν
1132 1932 1207 1959 θείων
1227 1931 1344 1959 κανόνων
1378 1932 1494 1971 ὶσχύσει,
1522 1932 1559 1964 ὡς
1587 1931 1685 1960 ἄνωθεν
1712 1931 1897 1973 Sarapim»-

1067 1987 1123 2016 ται,
1141 1977 1200 2004 οὔτε
1222 1975 1276 2014 μὴν
1304 1975 1444 2011 καταδίκη,
1471 1976 1553 2014 ὁμόσε
1585 1975 1675 2014 νόμων
1699 1978 1743 2005 καὶ
1772 1979 1898 2007 κανόνων

1067 2023 1202 2060 χωροῦσα,
1220 2020 1356 2055 ἐπαινετή,
1379 2021 1409 2048 El.
1431 2020 1481 2059 γὰρ
1501 2020 1546 2048 καὶ
1564 2021 1594 2048 τὸ
1617 2021 1759 2059 οᾍμείωμα
1781 2024 1834 2056 τῆς
1868 2024 1899 2051 ἐχ

1069 2069 1134 2093 Θεοῦ
1168 2063 1302 2103 βασιλείας
1329 2075 1387 2101 σου,
1414 2067 1547 2104 τεχνικῶς
1577 2065 1622 2092 καὶ
1647 2065 1794 2104 ῥητορικῶς
1824 2077 1899 2095 κατ-

1068 2110 1232 2150 εσκεύασται,
1261 2111 1305 2138 καὶ
1333 2110 1444 2138 πιθανὸν
1475 2109 1549 2138 δοκεῖ
1577 2117 1637 2141 τοῖς
1660 2113 1775 2143 πολλοῖς
1793 2119 1801 2126 ⁸
1833 2112 1899 2141 ἀλλ’

203 2151 278 2181 torie
311 2151 417 2183 factum
434 2156 488 2190 est,
506 2161 542 2182 ac
558 2151 641 2191 vulgo
655 2151 743 2182 ﬁdem
760 2151 869 2181 mereri
885 2150 1000 2180 videtur
1017 2158 1023 2181 :

1110 2166 1139 2182 τω
1153 2155 1196 2182 καὶ
1224 2153 1344 2194 δυνατὸν,
1373 2154 1468 2192 νόμους
1490 2154 1594 2183 ἀνελεῖν
1622 2155 1666 2182 καὶ
1693 2156 1821 2192 κανόνας,
1853 2159 1900 2186 καί

201 2205 260 2226 non
276 2201 374 2228 tamen
384 2197 503 2236 etleges
517 2201 604 2236 atque
621 2205 750 2227 canones
772 2200 905 2226 evertere
918 2199 1022 2235 potest,

201 2244 230 2270 at
246 2241 397 2272 veritatem
423 2245 590 2272 succutere.
616 2240 689 2271 Nam
714 2242 860 2279 argutatio
890 2243 919 2270 et
934 2240 1024 2270 ratio-

202 2285 379 2323 cinationes,
399 2295 434 2317 ex
448 2286 485 2316 iis
501 2289 706 2325 sumptae,quaa
721 2285 874 2316 hominum
892 2284 1024 2324 opinioni

201 2333 410 2361 consentaneae
424 2330 643 2367 videntur,cum
661 2339 720 2359 non
731 2329 809 2366 sint;
823 2329 910 2368 longe
918 2328 1025 2360 absunt

202 2383 218 2404 a
232 2383 302 2405 vero
317 2382 406 2415 atque
417 2374 551 2405 scientia.
569 2375 631 2405 Nec
657 2374 745 2413 longa
760 2373 943 2404 consuetudo
957 2374 1023 2404 efﬁ-

201 2419 259 2450 ciet
274 2423 452 2459 unquam,ut
477 2419 601 2459 id,quod
631 2418 667 2449 ab
691 2418 775 2449 initio
790 2418 951 2449 subsistere
966 2427 1025 2449 non

201 2464 305 2503 potuit,
323 2465 419 2494 locum
446 2463 564 2494 habeat.
590 2463 673 2494 Tunc
698 2463 776 2493 enim
806 2463 891 2502 longa
907 2472 1025 2503 quoque

202 2510 389 2541 consuetudo
405 2510 462 2540 vim
480 2509 553 2547 legis
567 2508 690 2546 obtinet,
701 2509 817 2549 quando
831 2513 1024 2549 praeterquam

203 2554 281 2594 quod
312 2553 465 2585 curatione
494 2562 553 2584 non
580 2559 701 2593 pugnat,
728 2562 784 2584 nec
812 2553 907 2592 legem
924 2554 1024 2584 everti.

202 2598 240 2629 At
254 2608 322 2629 cum
338 2599 394 2630 hoc
410 2599 497 2629 modo
513 2598 589 2629 sacri
612 2607 741 2629 canones
756 2602 935 2639 evertuntur,
952 2607 1026 2638 qua-

202 2651 270 2673 nam
299 2643 414 2674 ratione
438 2642 631 2680 consuetudo,
664 2651 728 2681 qua
757 2642 799 2672 sic
824 2643 953 2683 irrepsit,
971 2643 1026 2673 ad—

201 2687 444 2718 mittetur?Nam
468 2687 538 2719 audi
550 2687 623 2726 legis
638 2686 727 2717 verba
744 2695 749 2717 :
768 2686 868 2722 «Quod
885 2696 944 2717 non
960 2697 1026 2718 cum

201 2731 318 2763 ratione
334 2733 536 2764 introductum
564 2735 618 2770 est,
633 2731 684 2761 sed
698 2741 751 2771 per
767 2740 901 2761 errorem
918 2736 947 2762 et
959 2742 1027 2763 con-

203 2777 390 2810 suetudinem
399 2778 526 2809 obtinuit
537 2777 566 2807 in
577 2775 724 2807 similibus
731 2777 828 2807 valere
837 2786 895 2807 non
906 2777 1004 2811 debet.
1012 2791 1024 2810 ι

1066 2199 1114 2233 τὴν
1130 2199 1254 2234 ἀλήθειαν
1275 2206 1444 2230 κατασεῖσαιε
1475 2199 1628 2238 Σοφιστεία,
1657 2199 1719 2239 γὰρ,
1753 2202 1798 2229 καὶ
1827 2202 1900 2230 συλ-

1066 2243 1199 2283 λογισμοὶ,
1215 2243 1245 2272 ἐκ
1266 2244 1428 2283 φαινομένων
1445 2242 1565 2281 ἐνδόξων,
1582 2243 1622 2281 μὴ
1647 2243 1730 2272 ὄντων
1758 2244 1798 2282 δὲ,
1829 2247 1903 2286 ττόρ-

1065 2289 1102 2327 ῥω
1117 2291 1164 2317 τοῦ
1179 2288 1252 2320 ὄντος
1275 2289 1320 2316 καὶ
1337 2289 1489 2326 ἐπιστήμης
1511 2289 1586 2319 εἰσίν.
1616 2287 1690 2317 Ἀλλ’
1718 2289 1777 2319 οὐδὲ
1805 2294 1902 2331 μακρᾶ

1066 2334 1199 2374 συνήθεια,
1235 2334 1265 2361 τὸ
1294 2334 1420 2373 ἆπαρχῆς
1448 2333 1638 2373 ἀνυπόστατον,
1674 2334 1711 2365 εἷς
1749 2335 1901 2365 ὑπόστασιν

1066 2377 1119 2410 ἄξει
1149 2378 1223 2408 ποτέ.
1263 2378 1327 2406 Τότε
1353 2379 1403 2417 γὰρ
1424 2378 1468 2406 καὶ
1495 2378 1512 2412 ἡ
1540 2378 1628 2417 μακρὰ
1653 2379 1776 2413 συνήθεια
1822 2380 1902 2410 οὐδὲν

1068 2423 1147 2456 ἧττον
1166 2423 1246 2461 νόμου
1266 2429 1370 2462 κρατεῖ,
1397 2421 1460 2450 ὅταν
1483 2423 1548 2462 πρὸς
1575 2425 1614 2459 τῷ
1628 2422 1667 2460 μὴ
1688 2422 1832 2462 ἀλόγιστος
1850 2427 1900 2454 εἷ-

1067 2479 1119 2504 ναι,
1144 2468 1187 2495 καὶ
1202 2467 1282 2505 νόμον
1307 2467 1355 2494 οὐκ
1378 2467 1483 2506 ἀναιρῇ,
1509 2465 1566 2494 Ὧδε
1588 2465 1614 2494 δὲ
1635 2468 1688 2494 τῶν
1716 2469 1793 2496 θείων
1825 2469 1901 2498 ἀνα-

1067 2512 1235 2551 τρεπομένων
1263 2512 1391 2549 κανόνων,
1422 2513 1489 2548 ποίῳ
1516 2511 1638 2550 λογισμῷ
1667 2513 1790 2547 συνήθεια
1821 2514 1902 2552 λαμ-

1067 2555 1182 2585 ϐάνουσα
1209 2556 1373 2596 παρείσδυσιν
1400 2555 1653 2596 προσδεχθήσεται;
1697 2555 1815 2597 Ἀκούσῃ
1846 2561 1902 2599 γὰρ

1068 2605 1114 2630 τοῦ
1130 2602 1212 2639 νόμου
1227 2601 1350 2640 λὲγοντος
1367 2611 1375 2619 ⁸
1404 2612 1416 2629 t
1435 2601 1470 2630 Τὸ
1500 2601 1539 2638 μὴ
1569 2600 1636 2637 μετὰ
1651 2600 1780 2640 λογισμοῦ
1796 2604 1906 2631 εἰσενεο

1067 2647 1143 2686 χθὲν,
1173 2645 1241 2674 ἀλλὰ
1267 2646 1336 2674 κατὰ
1363 2645 1467 2679 πλάνην
1501 2645 1545 2673 καὶ
1570 2646 1708 2680 συνήθειαν
1742 2650 1902 2687 κρατῆσαν,

1068 2691 1098 2718 οὗ
1126 2690 1167 2719 δεῖ
1188 2697 1295 2729 κρατεῖν
1320 2690 1346 2718 ἐν
1375 2696 1433 2723 τοῖς
1461 2690 1572 2727 ὁμοίοις.
1589 2700 1604 2718 ε
1629 2692 1683 2719 Οὐκ
1704 2690 1858 2730 ἀγνοοῦμεν
1874 2693 1904 2721 δὲ

1067 2737 1111 2764 καὶ
1146 2735 1178 2763 τὰ
1217 2734 1278 2774 παρ’
1322 2734 1395 2763 ἐνίων
1435 2734 1633 2774 προσφερόμενα
1667 2735 1751 2775 πικρὰ
1785 2736 1907 2775 ῥήματα

1067 2781 1100 2808 τὰ
1127 2779 1304 2816 σπουδάζοντα
1333 2779 1431 2820 δωρεὰν
1456 2778 1639 2808 ἀποδεικνύειν
1665 2780 1825 2822 βασιλικὴν,
1853 2783 1912 2815 τὴν
