1922 3081
66 148 131 180 881

70 220 126 244 τῶν
151 215 317 250 Ἐκκλησίών
347 216 506 247 ἐπανάϐασιν
524 226 530 234 ·

68 262 172 295 ταύτην
201 261 401 301 ἀνατρέπεσθαι,
435 262 515 301 λόγου
543 263 713 303 ἂχαριστείας
734 263 773 300 μὴ
795 273 900 300 παρεμ-

69 307 229 338 πίπτοντος.
267 307 296 335 Εὶ
333 307 381 346 γὰρ
416 307 555 347 ἀνθρώπῳ,
592 309 666 348 φησὶ,
698 307 858 347 δωρούμενος
887 308 901 334 ὁ

69 350 208 388 βασιλεὺς,
226 353 272 381 οὔκ
288 350 375 383 ἄλλως
398 351 574 389 ἀναλαμϐάνει
602 353 651 386 τὴν
679 351 789 391 δωρεὰν,
812 353 833 379 εἱ
862 351 900 388 μὴ

68 395 231 434 ἀχαριστίας
274 395 438 435 παρεμπέσοι
476 396 569 436 λόγος,
598 397 691 433 noqu
721 396 822 434 μᾶλλον
858 396 900 423 ἐπὶ

68 442 125 467 τῶν
162 441 243 479 ἁγίων
279 439 458 480 Ἐκκλησιῶν,
487 441 526 481 ἐφ’
557 442 593 470 ὢν
615 441 772 482 ἀχαριστίαν
800 440 896 479 λέγειν,

70 486 121 513 οὒκ
146 484 265 524 εὔλογον,
289 488 396 524 Πρῶτον
421 485 470 522 μὲν
491 486 550 525 «γὰρ
579 487 643 523 πρὸς
665 487 712 518 τὰς
738 485 842 524 πόλεις,
872 485 901 512 οὐ

69 529 140 567 πρὸς
161 530 208 561 τὰς
237 528 380 562 ἐκκλησίας
411 530 427 562 ἡ
456 529 582 567 βασιλικὴ
609 529 702 569 δωρεά.
743 530 771 558 Εἰ
799 529 827 557 ὀὶ
857 529 901 557 καὶ

69 573 129 606 θείη
145 585 188 605 τις
207 577 284 602 τοῦτο
310 573 465 611 βιαζόμενος
487 573 584 614 δωρεὰν
614 575 697 611 εἶναι,
728 573 817 602 ἄδικον
852 575 902 602 αὖ·

69 617 121 651 τὴν
136 619 250 657 εὑρήσει,
268 617 312 646 καὶ
326 617 402 655 νόμοι
414 617 602 658 ἀπρόσδεκτον,
617 620 694 647 Οὗτοι
707 619 756 658 γὰρ
771 617 900 649 κωλύουσι

70 663 117 690 καὶ
131 663 178 693 τὰς
196 662 297 694 ἀδίκους
314 663 443 702 αἰτήσεις,
467 664 510 691 καὶ
539 664 586 696 τὰς
608 663 763 703 προχείρους
793 663 900 701 εὐεργε-

71 707 144 743 σίας,
160 708 196 739 εἰς
224 705 312 735 ἄλλων
334 705 435 744 βλάϐην
465 707 632 748 αἰτουμένοις,
663 708 826 747 χαρίζεσθαι.
855 706 902 735 Καὶ

71 750 123 787 ἔτι,
140 752 187 780 οὒκ
214 750 360 791 ὀφείλουσιν
386 751 484 791 ἑτέροις
507 759 575 780 ε’ῗναι
597 753 732 790 ἐπιζήμιοι
755 750 900 790 αἶ’ἑτέρων

70 795 161 832 τιμαί,

748 151 1029 184 GR/ECO-ROMAN
1033 153 1056 183 U
1061 153 1099 183 M.

561 220 604 247 καὶ
625 219 664 257 μὴ
692 218 748 247 δεῖν
769 218 901 257 φάσκοντα

983 226 1047 257 :que
1062 226 1131 248 vero
1146 219 1315 259 ignoramus
1329 220 1435 251 acerba
1457 221 1557 252 isthaec
1581 220 1681 257 verba,
1699 230 1764 261 qum

1709 156 1768 188 889

943 270 959 290 a
989 262 1140 293 nonnullis
1168 264 1359 303 proferuntur
1387 265 1494 305 quibus
1520 265 1645 305 probare
1660 265 1764 296 nitun-

943 309 1001 344 tur,
1016 306 1209 338 ecclesiarum
1235 309 1270 339 ad
1292 309 1397 340 altiora
1413 310 1642 349 provectionem,
1661 319 1767 341 munus

943 359 1008 380 esse
1023 351 1268 391 imperatorium;
1296 354 1374 394 quod
1398 354 1631 385 rescindendum
1646 360 1767 393 negant,

941 393 1056 425 ratione
1081 395 1278 435 ingratudinis
1306 393 1366 428 non
1393 398 1620 429 interveniente.
1640 397 1714 429 Nam
1743 398 1767 429 si

942 438 1055 469 homini
1072 439 1199 479 largiens
1215 442 1327 482 aliquid
1343 443 1513 482 imperator,
1532 442 1681 481 inquiunt,
1708 452 1768 473 non

942 482 1029 514 aliter
1040 483 1219 516 beneﬁcium
1235 496 1320 517 suum
1337 493 1469 524 revocat,
1497 487 1554 517 nisi
1569 496 1657 517 causa
1666 487 1768 525 ingra»

944 527 1079 558 titudinis
1100 529 1251 568 inciderit,
1279 531 1373 562 multo
1399 531 1493 571 magis
1515 531 1545 561 id
1561 531 1658 562 locum
1680 531 1770 563 habet

942 571 972 601 in
994 572 1086 603 sacris
1099 575 1209 605 sanctis
1225 575 1371 616 ecclesiis,
1399 585 1471 616 quas
1486 575 1703 615 ingratitudinis
1718 576 1766 606 in-

942 615 1082 647 simulare
1099 618 1185 655 velle,
1211 619 1372 650 absurdum
1389 615 1490 651 fuerit.
1503 620 1620 652 Atenim
1638 620 1766 660 primum

944 671 1001 691 non
1015 661 1050 692 ad
1069 662 1221 700 ecclesias,
1252 664 1304 695 sed
1319 664 1356 695 ad
1383 664 1516 695 civitates
1531 665 1588 695 hoc
1603 665 1767 705 imperato-

943 705 1019 736 rium
1050 705 1228 738 beneﬁcium
1256 713 1381 749 spectat.
1398 709 1483 745 Quod
1513 709 1538 739 si
1554 709 1680 740 maxime
1703 709 1768 749 quis

944 753 1043 788 ponat,
1048 759 1102 790 per
1116 751 1172 782 vim
1190 757 1380 792 extorquens,
1408 762 1474 784 esse
1489 752 1692 783 donationem.
1707 753 1767 784 Re-

943 793 1038 833 periet
1062 795 1214 835 injustam,
1232 801 1260 828 et
1273 797 1388 837 legibus
1413 797 1672 838 vetitam.Quippe
1687 798 1768 838 leges

73 840 236 879 prohibent
251 839 377 881 injustas
392 849 508 881 preces,
524 850 558 871 ac
581 840 682 871 faciles
705 839 891 875 donationes,
910 837 940 868 in
966 838 1090 869 aliorum
1107 841 1212 881 petitas
1228 841 1451 882 detrimentum,
1468 842 1604 873 concedi.
1623 841 1769 877 Praeterea

71 892 137 914 non
154 884 265 916 debent
278 886 405 917 aliorum
422 885 549 916 honores
565 885 631 916 aliis
647 894 713 916 esse
726 883 874 915 damnosi.

113 929 166 963 Τἦς
193 930 340 962 ὑποθέσεως
377 931 420 959 οὖν
450 930 533 962 οὕτως
569 930 701 967 ἐπιμελῶς
728 930 899 965 ζητηθείσης,
915 931 932 955 Β

70 974 164 1013 χρεὼν
184 975 304 1015 πάντως,
324 976 444 1004 θεσπέσιε
466 975 585 1015 βασιλεῦ,
609 975 658 1008 τὴν
674 974 811 1012 ἀλόγιστον
834 973 899 1000 ταύ-

68 1029 122 1050 την
147 1019 190 1047 καὶ
212 1018 301 1048 ἄδικον
329 1019 421 1060 πρᾶξιν
442 1019 508 1051 τέως
530 1021 566 1052 εἷς
586 1020 634 1052 τὴν
663 1019 726 1052 ἓξῆς
753 1019 898 1055 ἀνακόψκιν

67 1062 148 1090 θείων
169 1065 354 1101 θεσπισμάτων
377 1063 549 1102 ἐκτιθεμένων
578 1064 648 1103 παρὰ
677 1065 725 1097 τῆς
757 1065 805 1096 σῆς
828 1063 899 1099 ἢμε-

69 1107 196 1145 ρότητος,
214 1109 328 1147 γίνεσθαι
352 1110 450 1142 ταύτην
480 1108 619 1137 τουλοιποῦ
649 1107 805 1136 κωλυόντων
834 1108 898 1134 καθ-

69 1151 142 1184 άπαξ
158 1161 167 1169 ⁵
187 1156 240 1182 τῶν
255 1154 484 1194 προηγησαμένων
499 1152 526 1181 δὲ
549 1153 732 1193 προσήκουσαν
761 1152 804 1179 καὶ
829 1161 897 1178 κατ-

69 1195 191 1229 ἀλληλον
234 1201 267 1236 τῇ
302 1197 515 1237 μεγαλεπηϐόλῳ
550 1198 651 1227 συνέσει
687 1208 743 1234 σου,
788 1198 896 1229 ποιῆσαι

68 1242 233 1279 οἰκονομίαν.
273 1244 322 1272 Καὶ
349 1242 408 1271 ὅσαι
442 1246 494 1270 τῶν
521 1242 669 1276 ἐκκλησιῶν
699 1241 724 1274 ἐξ
751 1242 894 1269 Emam-nt-

67 1288 124 1313 κῶν
148 1285 252 1314 δικαίων
275 1288 311 1319 εἰς
339 1287 475 1327 ὑπεροχὴν
504 1286 694 1326 μητροπόλεων
722 1286 892 1324 ἀναχθεῖσαι,

66 1329 237 1369 ὗπερήλασαν
262 1331 412 1364 ἀδιακόπως
440 1332 482 1359 καὶ
513 1332 562 1364 τὴν
591 1330 699 1370 χρονίαν
725 1329 900 1369 παραγραφὴν

67 1376 118 1407 τῆς
155 1375 425 1415 τριακονταετηρίόος,
470 1376 619 1413 μενέτωσαν
663 1375 706 1403 ἐπὶ
745 1374 896 1413 σχήματος,

67 1421 113 1448 καὶ
137 1424 171 1459 τῇ
193 1422 255 1460 ἁγίᾳ
282 1422 327 1450 καὶ
357 1421 461 1461 μεγάλῃ
490 1427 536 1452 τοῦ
557 1425 622 1450 Θεοῦ
646 1420 792 1455 Ἐκκλησίᾳ
813 1419 898 1447 ἔστω-

67 1475 118 1492 σαν
141 1465 321 1503 ὑποκείμεναι,
353 1465 462 1500 Ἐπειδὴ
484 1467 527 1494 καὶ
553 1469 630 1494 τοῦτο
658 1466 801 1505 προνόμιον
836 1463 897 1491 ἐπι-

68 1511 211 1549 σκοπικὸν,
235 1512 278 1539 καὶ
313 1511 421 1544 κανόνες
449 1511 511 1539 εἰσὶν
532 1510 728 1550 ἐπιτρέποντες,
762 1508 898 1543 δεσπόζειν

983 927 1167 970 Quapropter
1197 931 1251 962 hac
1278 941 1366 962 causa
1391 935 1449 962 tam
1478 931 1637 970 diligenter
1651 933 1765 963 exami-

941 976 1018 1009 nata,
1037 979 1152 1013 oportet
1184 976 1316 1013 omnino,
1335 976 1433 1007 divine
1462 977 1633 1016 imperator,
1652 985 1765 1008 morem

940 1016 1101 1048 absurdum
1118 1025 1147 1049 et
1161 1020 1302 1060 injustum
1312 1021 1416 1051 saltem
1427 1021 1457 1051 in
1471 1025 1620 1061 posterum
1632 1019 1764 1062 abolere,

940 1070 1038 1092 sacras
1064 1064 1291 1095 mansuetudine
1307 1069 1354 1095 tua
1378 1065 1547 1096 sanctiones
1568 1070 1764 1107 proponente,

939 1105 1047 1145 quibus
1063 1108 1195 1138 edicatur
1210 1109 1239 1139 in
1257 1109 1439 1143 universum.
1458 1119 1496 1141 ne
1511 1109 1652 1149 deinceps
1666 1105 1765 1141 locum

940 1150 1045 1181 habeat
1064 1160 1070 1182 :
1088 1162 1121 1182 ac
1137 1153 1174 1183 de
1187 1153 1234 1190 iis,
1252 1164 1317 1194 qum
1341 1158 1409 1185 ante
1425 1155 1486 1185 haec
1501 1153 1696 1193 contigerunt,
1711 1164 1764 1194 pro

939 1203 992 1225 sua
1007 1197 1150 1235 singulari
1177 1202 1204 1228 et
1233 1198 1354 1228 heroica
1376 1199 1543 1238 prudentia,
1574 1197 1762 1237 disponente.

939 1238 1089 1286 Quotquor
1104 1241 1192 1271 etiam
1210 1241 1342 1273 ecclesiae
1354 1243 1404 1282 jus
1424 1243 1592 1284 episcopale
1610 1247 1692 1286 prius
1707 1244 1764 1274 ha-

938 1282 1052 1321 bentes,
1069 1290 1099 1316 et
1112 1285 1148 1316 ad
1162 1287 1353 1318 eminentiam
1370 1282 1619 1328 metropoliticam
1642 1294 1762 1326 evectw,

942 1328 1102 1360 citrainter
1111 1330 1306 1362 turbationem
1319 1331 1406 1362 ullam
1423 1333 1593 1372 praeteriere
1604 1334 1764 1366 terminum

941 1373 1035 1412 longae
1051 1375 1282 1414 przescriptionis
1293 1385 1438 1407 annorum
1455 1376 1575 1416 triginta
1591 1387 1597 1409 :
1611 1379 1641 1409 in
1657 1379 1764 1410 eadem

940 1418 1112 1463 conditione
1139 1424 1288 1456 maneant,
1317 1424 1346 1450 et
1373 1425 1481 1452 sanctae
1508 1431 1682 1463 magnaeque
1711 1423 1766 1454 Dei

939 1460 1080 1493 Ecclesiae
1107 1463 1234 1494 subditae
1249 1464 1319 1494 sint.
1336 1460 1581 1506 Quandoquidem
1606 1460 1661 1499 hoc
1677 1467 1765 1499 etiam

940 1505 1107 1547 episcopale
1135 1508 1320 1548 privilegium
1352 1514 1406 1548 est,
1422 1514 1451 1540 et
1470 1505 1595 1542 exstant
1621 1522 1763 1550 canones,

68 1554 234 1583 ὲππίσκοπον
265 1556 408 1595 προνοειίου
441 1555 531 1595 ἑτέρας
562 1554 721 1588 Ἐκκλησίας
750 1553 792 1581 διὰ
815 1564 898 1602 παρα-

983 1551 990 1580 i
1017 1552 1213 1602 permittunt,_
1241 1558 1272 1584 ut
1299 1554 1455 1595 episcopus
1483 1556 1603 1602 alterius
1631 1557 1767 1602 eaclesiae

68 1598 171 1637 δρομῆς
192 1602 244 1627 τῶν
267 1600 413 1639 εἰρημένων
426 1599 564 1629 ἐνιαυτῶν.
596 1601 666 1633 Φησὶ
693 1600 742 1638 γὰρ
761 1600 775 1626 ὁ
791 1598 824 1633 ιζ’
845 1608 897 1625 κα-

69 1644 125 1671 νὼν
153 1646 202 1676 τῆς
227 1646 255 1672 ἓν
283 1644 434 1678 Χαλκηδόνι
470 1643 587 1680 συνόδου,
619 1644 667 1677 τὴς
696 1641 754 1671 καθ’
784 1643 896 1675 ἑκάστην

69 1687 215 1721 ἐκκλησίαν
245 1689 396 1728 ἀγροικικὰς
430 1688 579 1728 παροικίας,
608 1688 626 1722 ἢ
653 1687 810 1726 ἐγχωρίους,
847 1686 897 1723 μέ-

71 1742 126 1760 νειν
170 1732 396 1771 ἆπαροσαλεύτους
441 1734 512 1772 παρὰ
553 1739 612 1764 τοῖς
654 1732 812 1771 κατέχουσιν
854 1731 898 1759 αὗ-

69 1777 118 1808 τὰς
149 1776 314 1814 ἐπισκόποις,
339 1779 382 1806 καὶ
411 1777 535 1815 μάλιστα,
559 1778 581 1805 εἰ
609 1779 796 1816 τριακονταετῆ
833 1777 899 1816 χρό-

70 1832 114 1854 νος
139 1822 233 1853 ταύνας
262 1821 392 1854 ἀὸιάστως
429 1821 630 1861 διακατέχοντες
657 1821 847 1858 ὠκονόμτισαν.
870 1824 900 1850 Εἰ

68 1865 96 1893 δὲ
122 1865 196 1898 ἐντὸς
212 1866 264 1894 τῶν
284 1867 423 1906 τριάκοντα
451 1866 575 1895 ἐνιαυτῶν
602 1865 713 1905 γένηταί
738 1876 778 1896 τις
808 1866 826 1899 ἢ
849 1865 898 1904 γέ-

70 1921 146 1939 νοιτο
165 1911 223 1949 περὶ
240 1912 324 1939 αὐτῶν
350 1910 561 1951 ἀμφισϐήτησις,
592 1910 687 1943 ἐξεῖναι
715 1917 772 1942 τοῖς
802 1909 899 1949 λέγου-

70 1966 112 1983 σιν
141 1955 290 1995 ἠδικῆσθαι,
312 1956 371 1994 περὶ
399 1955 497 1983 τούτων
526 1962 610 1983 κινεῖν
641 1955 711 1994 παρὰ
739 1958 772 1992 τῇ
801 1953 900 1990 συνόδῳ

70 2003 121 2033 τῆς
159 1999 302 2040 ἐπαρχίας.
341 1997 369 2027 ’u
399 2011 448 2027 τινι
480 2000 540 2035 θείῳ
569 1999 658 2028 κανόνι
695 2000 739 2027 καὶ
768 2000 784 2033 ἡ
811 1999 836 2026 ἐν
863 2002 901 2035 τῷ

71 2043 198 2083 Τροόλλῳ
219 2049 265 2074 τοῦ
286 2043 412 2072 παλατίου
437 2047 552 2072 συστᾶσα
573 2044 634 2082 ἁγία
656 2042 759 2076 σύνοδος
787 2042 829 2071 δίὰ
856 2048 902 2072 τοῦ

72 2084 116 2117 κε’
144 2089 255 2120 κανόνος
289 2088 498 2122 ἐπηκολούθησε.
522 2089 574 2120 Τὰς
596 2088 623 2116 δὲ
645 2089 721 2116 τοῦτο
760 2088 898 2123 παθούσας,

71 2132 144 2171 μηδὲ
187 2133 278 2173 χρόνῳ
311 2133 502 2173 βοηθουμένας,
538 2133 740 2173 ἐπαναστρέφειν
781 2132 900 2172 ἀναμφι-

940 1597 1159 1635 prairogativam
1186 1598 1332 1629 dictorum
1364 1609 1510 1630 annorum
1551 1601 1679 1632 decursu
1708 1601 1766 1632 sibi

939 1639 1079 1686 vindicet.
1101 1641 1199 1682 Inquit
1228 1644 1306 1673 enim
1323 1653 1417 1674 canon
1442 1653 1502 1676 xvu
1518 1646 1622 1686 synodi
1637 1647 1762 1678 Chalce-

941 1683 1210 1722 donensis,rurales
1219 1688 1261 1718 vel
1279 1689 1476 1728 provinciales
1498 1683 1641 1729 parmcias
1659 1691 1762 1731 singu-

940 1728 1033 1759 larum
1051 1730 1242 1761 ecclesiarum
1271 1733 1462 1764 inconcussas
1477 1728 1508 1764 in
1525 1744 1629 1766 eorum
1646 1728 1764 1776 episco-

942 1783 1045 1813 porum
1064 1779 1240 1815 potestatem
1258 1786 1390 1815 manere,
1403 1778 1514 1816 quieas
1528 1779 1714 1819 possideant:
1732 1790 1767 1811 ac

943 1820 1146 1858 pro;sertim,si
1163 1830 1212 1851 eas
1236 1830 1382 1851 annorum
1411 1822 1531 1860 triginta
1548 1825 1657 1862 spatio,
1684 1825 1767 1856 nulla

941 1863 1159 1895 interveniente
1188 1866 1226 1903 vi,
1244 1865 1440 1905 possidentes,
1458 1867 1707 1899 administrarint.
1733 1870 1765 1900 Si

941 1913 1010 1934 vero
1026 1905 1102 1934 intra
1116 1905 1183 1935 illos
1198 1915 1292 1936 annos
1308 1906 1346 1936 30
1366 1907 1410 1937 vel
1425 1907 1574 1946 inciderit,
1593 1910 1637 1940 vel
1653 1909 1766 1940 incidat

942 1949 1037 1988 aliqua
1054 1951 1092 1979 de
1101 1949 1144 1979 eis
1160 1949 1302 1981 dubitatio
1318 1961 1325 1987 ;
1338 1950 1428 1982 licere
1438 1951 1654 1990 dicentibus,se
1664 1963 1766 1993 passos

943 1993 1093 2032 injuriam,
1112 1999 1141 2024 ut
1157 1995 1193 2024 de
1224 1995 1270 2025 his
1300 1996 1377 2034 apud
1393 1996 1539 2036 synodum
1554 1998 1765 2037 provincialem

943 2041 1037 2076 agant.
1056 2037 1148 2074 Quem
1166 2048 1282 2069 sacrum
1299 2049 1442 2070 canonem
1468 2046 1567 2071 sancta
1582 2051 1699 2083 quoque
1715 2052 1765 2083 sy-

943 2081 1038 2112 nodus
1063 2082 1093 2112 in
1121 2083 1223 2113 Trullo
1250 2083 1349 2124 palatii
1377 2084 1488 2121 habita,
1506 2081 1620 2116 canonu
1645 2081 1707 2118 ixv
1721 2081 1767 2118 est

943 2131 1053 2156 secuta.
1072 2126 1185 2162 Quibus
1213 2133 1310 2158 autem
1341 2129 1397 2159 hoc
1424 2129 1589 2167 contigerit,
1608 2131 1633 2161 si
1647 2135 1766 2171 tempo-

70 2177 173 2209 λέιτως
250 2178 282 2205 τὰ
313 2179 365 2206 τ’ὖν
395 2171 499 2206 οἰκείων.
519 2177 709 2217 μητροπόλεων
731 2176 828 2208 δίκαια,
856 2177 899 2210 Μὴ

995 2171 1208 2202 adminiculum
1235 2173 1348 2203 nulIum
1380 2173 1525 2210 habeant;
1551 2175 1623 2205 citra
1645 2180 1766 2206 contra-

70 2222 226 2262 ταραττέτω
262 2222 289 2250 δὲ
324 2221 374 2256 τὴν
417 2222 544 2261 κραταιὰν
577 2223 621 2250 καὶ
662 2222 737 2260 ἁγίαν
766 2220 898 2260 βασιλείαν

71 2279 132 2302 σου,
149 2268 180 2295 τὸ
194 2267 261 2295 κατὰ
281 2266 423 2307 φαντασίαν
438 2267 664 2306 παρεισαγόμενον
680 2266 789 2303 ἄτοπον,
825 2267 869 2294 καὶ
883 2267 900 2299 ἡ

71 2311 188 2339 δοκοῦσα
210 2312 392 2350 προσ-γίνεσθαι
420 2317 482 2342 ταῖς
511 2310 663 2344 ἐκκλησίαις
693 2309 776 2350 ὕϐρις,
801 2311 900 2348 ἀτιμα-

72 2356 198 2394 ζομέναις
228 2356 317 2394 ὥσπερ
345 2359 383 2392 τῷ
411 2356 573 2395 ὑφαιρεῖσθαι
606 2359 652 2383 τοῦ
681 2353 902 2394 μητροπολιτικοῦ

72 2401 236 2438 ἀξιώματος.

116 2491 172 2519 Οὔκ
212 2489 267 2517 ἔστι
309 2489 359 2529 γὰρ
400 2492 477 2518 τοῦτο
529 2487 613 2527 ὕϐρις,
668 2489 698 2516 τὸ
738 2488 901 2528 ὑφαιρεῖσθαι

76 2534 209 2571 ένθέσμως
233 2543 240 2551 ·
264 2533 412 2563 τοῦναντίον
441 2533 468 2561 δὲ
498 2533 599 2572 μᾶλλον
621 2533 650 2561 τὸ
678 2532 777 2572 ἕτερον,
807 2533 837 2560 τὸ
852 2532 900 2560 ἐκ·

76 2578 166 2619 ψύλως
188 2579 232 2606 καὶ
254 2578 387 2616 ἐκθέσμως
421 2578 572 2618 γινόμενον,
611 2577 709 2616 Εὑρέθη
742 2577 791 2616 γάρ
813 2588 836 2604 τι
858 2577 902 2604 καὶ

76 2628 196 2653 τοιοῦτον
225 2623 367 2662 γενόμενον
405 2622 488 2662 κρίσει
524 2621 657 2661 συρνοδικῃ,
698 2622 741 2649 καὶ
776 2621 902 2660 ἐπικρίσει

78 2667 205 2706 βασιλικῇ
220 2667 344 2707 κυρωθέν,
368 2670 422 2701 Τῆς
444 2667 494 2706 γὰρ
523 2664 670 2700 ἐπισκοπῆς
695 2669 741 2694 τοῦ
778 2662 903 2701 Ῥοιζαίου

79 2713 129 2740 ὑπὸ
157 2713 204 2740 τὸν
240 2712 398 2752 Καισαρείας
438 2711 577 2751 τελούσης,
619 2711 663 2739 καὶ
693 2710 904 2750 ὰρχιεπισκοπῆς

77 2757 224 2796 γενομένης
254 2757 325 2796 παρὰ
353 2759 488 2796 Γερμανού
508 2758 555 2784 τοῦ
576 2755 745 2794 ὁμολογητοῦ
773 2756 818 2783 καὶ
851 2767 907 2783 πα-

82 2802 221 2842 τριάρχου,
246 2802 290 2829 καὶ
313 2804 358 2830 τοῦ
378 2800 421 2830 ἐπ’
451 2801 549 2830 ἐκείνου
576 2799 771 2840 βασιλεύοντος,
801 2800 908 2841 χρόνοις

943 2216 1101 2246 dictionem
1118 2217 1153 2247 ad
1176 2226 1295 2247 suarum
1322 2218 1528 2258 metropolium
1549 2219 1617 2258 jura
1630 2220 1765 2251 redeant.

942 2259 1043 2301 Neque
1059 2270 1126 2291 vero
1144 2265 1353 2301 praepotentem
1371 2269 1562 2302 sanctamque
1583 2264 1766 2302 maiestatem

944 2309 1023 2336 tuam
1039 2314 1074 2336 ea
1089 2305 1187 2336 turbet
1202 2305 1451 2346 absurdilas,quaa
1466 2307 1566 2345 specie
1587 2312 1672 2339 tenus
1687 2318 1766 2349 prae-

945 2349 1157 2388 tenditurhnec
1185 2351 1377 2386 contumelia,
1404 2360 1468 2391 qua:
1484 2351 1601 2382 videtur
1627 2352 1767 2384 Ecclesiis

942 2394 1082 2433 irrogari;
1100 2404 1166 2425 cum
1179 2395 1299 2425 infamia
1311 2395 1394 2435 quasi
1407 2396 1502 2426 notari
1511 2396 1676 2436 videantur,
1694 2398 1765 2429 dum

943 2438 1135 2478 motropolica
1149 2439 1275 2478 dignitas
1291 2440 1319 2470 ei
1333 2440 1484 2471 adimitur.

983 2483 1048 2514 Non
1064 2483 1142 2514 enim
1160 2484 1299 2523 probrum
1315 2488 1359 2515 est
1375 2484 1504 2524 legitime
1519 2485 1672 2526 quidpiam
1683 2486 1768 2518 amit-

945 2531 1005 2558 tere
1024 2537 1030 2558 :
1049 2527 1100 2558 sed
1117 2538 1133 2558 e
1149 2529 1296 2559 contrario
1324 2529 1422 2569 potius
1447 2529 1521 2560 illud
1535 2530 1672 2568 alterum,
1688 2531 1767 2572 quod

944 2581 1025 2602 more
1043 2577 1161 2613 novo,el.
1178 2578 1283 2613 praeter
1295 2573 1375 2612 leges
1391 2574 1595 2606 committitur.
1608 2576 1645 2606 Et
1656 2575 1768 2616 depre-

945 2617 1068 2647 hensum
1081 2624 1126 2647 est
1142 2617 1253 2657 aliquid
1272 2617 1329 2648 tale
1343 2617 1450 2649 factum
1467 2618 1504 2649 de
1520 2620 1666 2651 sententia
1676 2629 1767 2660 syno-

945 2661 1003 2692 dali
1021 2668 1050 2692 et
1076 2662 1264 2702 imperatorio
1290 2663 1411 2693 decreto
1441 2663 1674 2695 corroboratum.
1690 2666 1766 2697 Nam

948 2717 1014 2737 cum
1038 2708 1222 2748 episcopatus
1251 2707 1378 2739 Rhoezaei
1403 2708 1457 2739 sub
1474 2708 1615 2741 Czesareae
1627 2710 1767 2751 pontiﬁce

949 2753 990 2792 ﬁt,
1008 2757 1036 2782 et
1045 2752 1319 2793 archiepiscopatus
1328 2752 1432 2784 fuisset
1448 2763 1464 2784 a
1475 2754 1633 2792 Germano,
1647 2755 1766 2787 confes-

950 2805 1017 2828 sore
1031 2806 1065 2827 ac
1076 2796 1263 2837 patriarcha;
1284 2796 1399 2838 subque
1414 2798 1548 2839 principe
1563 2799 1614 2841 qui
1628 2798 1768 2832 Germani
