1922 3081
180 142 240 175 883

859 147 925 179 JUS
945 147 1180 180 CANONICUM.

1812 143 1865 176 884

177 217 312 256 tempore
326 210 442 256 βωτιιῆ
451 211 578 252 imperio
596 224 602 241 :
617 212 752 244 ducentis
763 217 829 253 post
839 213 936 254 annis,
948 213 1002 244 sub

1089 215 1185 248 κοσίοις
1220 215 1338 256 ὕστερον,
1379 215 1422 244 ἐπὶ
1451 214 1634 255 Θεοφυλάκτου
1668 216 1714 242 τοῦ
1750 211 1865 249 ἀοιδίμου

178 255 290 286 celebri
317 255 483 296 patriarcha
509 257 740 298 Theophylacto,
770 258 857 297 jussu
880 258 1006 289 Romani

181 300 308 331 senioris
322 300 524 341 imperatoris,
542 310 646 341 preces
668 302 812 333 offerente
836 302 1005 343 Nicephoro

180 344 320 384 quodam,
337 349 456 385 pastore
472 345 608 386 principe
632 345 878 387 Neocaesariensi,
895 348 1005 378 consti-

181 392 275 420 tutum
304 393 350 420 est
376 389 504 421 tribunal
533 391 651 422 mistum
681 401 715 422 ex
749 392 947 432 pontiﬁcibus,
976 395 1005 422 et

180 433 276 464 doctis
289 433 362 465 viris
389 435 558 473 senatoriis,
587 435 692 467 eodem
721 436 899 476 patriarcha,
915 446 1003 476 quem

179 477 318 515 diximus,
350 479 536 519 praesidente.
565 479 627 516 Quo
652 480 682 511 iu
705 481 818 520 judicio
840 481 1003 512 secundum

181 523 440 563 metropolitanum
457 528 501 555 est
521 526 754 564 pronuntiatum.
771 526 832 556 Hoc
848 525 1004 556 manifesto

181 573 264 607 paret
288 577 323 598 ex
338 567 456 599 illorum
486 569 706 606 snbnotatione,
723 570 773 610 qui
799 571 836 601 de
851 578 939 602 causa
951 579 1004 600 co-

179 616 366 651 gnoverunt;
391 613 487 653 deque
508 619 701 646 monumento
729 615 800 645 dicti
817 615 1002 655 patriarchae,

179 660 208 687 et
236 666 326 688 aurea
355 657 436 688 bulla
461 658 687 699 imperatorum,
715 659 853 696 Romani,
875 659 1004 690 Christo-

181 700 277 740 phori,
293 707 323 732 et
334 702 708 742 Constantiuiobsignante
724 704 867 743 judicata.
878 703 937 734 Nec
952 702 1004 734 abs

179 753 213 776 re
227 745 347 784 quidem
365 745 494 786 benigne
514 747 688 787 imperator.
707 747 779 778 Nam
796 747 874 788 quod
893 747 1004 778 factum

180 791 227 820 est
242 789 542 830 male,corrigendum
553 795 597 822 est
607 791 694 822 bene.
714 793 763 823 Sic
778 792 916 832 equidem
932 800 1003 822 sen-

180 833 231 865 tio.
250 833 299 865 Sic
308 835 478 875 pronuntio,
496 835 640 866 doctrinis
650 846 667 866 a
678 836 840 876 majoribus
851 835 934 876 quasi
951 844 1004 875 per

1047 260 1224 300 πατριάρχου,
1247 254 1362 288 κελεύσει
1397 254 1527 298 βασιλέως
1556 254 1692 296 (Ρωμανοῦ
1720 260 1769 285 τοῦ
1803 266 1867 295 πρε-

1046 303 1180 343 σϐυτερου,
1203 304 1228 337 ἐξ
1257 306 1385 340 αἰτήσεως
1422 304 1571 344 Νικηφόρου
1607 304 1689 339 τινὸς,
1721 300 1867 339 ποιμενάρ-

1045 360 1097 388 χου
1130 350 1332 390 Νεοκαισαρείας
1374 350 1564 390 τυγχάνοντος,
1608 347 1777 384 δικαστήριον
1819 345 1867 373 ἆν-

1045 393 1109 427 ἐστη
1125 394 1266 433 συμμιγὲς,
1283 394 1312 422 ἔκ
1327 405 1355 422 τε
1380 394 1537 434 ἀρχιερέων,
1560 393 1603 421 καὶ
1623 392 1774 431 ἒλλογίμων
1802 401 1867 428 συγ-

1045 438 1187 476 κλητινῶν,
1218 439 1418 479 προκαθημένου
1455 439 1498 467 καὶ
1526 438 1604 466 αὐτοῦ
1647 440 1693 465 τοῦ
1729 435 1867 475 εἰρημένου

1045 483 1220 523 πατριάρχου.
1248 484 1297 512 Καὶ
1319 485 1337 517 ἡ
1367 486 1466 511 νικῶσα
1488 486 1523 520 εῷ
1552 479 1737 521 μητροπολίτῃ
1765 479 1843 511 ἐδόθη
1860 488 1867 496 ·

1045 528 1186 566 παρίστησι
1228 529 1304 556 τοῦτο
1349 531 1459 568 τρανῶς.
1502 528 1533 555 τὸ
1573 530 1625 555 τῶν
1667 524 1868 553 δικαιωσάντων

1045 573 1199 610 σημείωμο,
1229 574 1272 601 καὶ
1298 573 1445 610 ὑπόμνημα
1465 575 1511 601 τοῦ
1532 571 1655 610 ῥηθέντος
1687 569 1870 610 πατριάρχου,

1045 617 1088 644 καὶ
1122 609 1315 656 χρυσόϐουλλος
1350 616 1429 655 λόγος
1460 619 1512 644 τῶν
1533 609 1681 654 νβαςιλέων,
1720 609 1872 651 Ῥωμανοῦ,
1921 644 1922 647 η

1046 664 1234 702 Χριστοφόρου,
1275 664 1318 691 καὶ
1359 662 1566 698 Κωνσταντίνου,
1609 660 1807 701 ἐπισφραγίζων
1841 659 1874 685 τα

1045 707 1197 746 κεκριμένα.
1214 708 1263 736 Καὶ
1285 707 1405 744 εἰκότως,
1436 706 1563 746 φιλάγαθε
1593 704 1712 744 βασιλεῦ.
1751 704 1790 732 Τὸ
1821 703 1873 741 γὰρ

1045 753 1133 784 κακῶς
1161 751 1316 791 γενόμενον,
1353 751 1409 780 ὂέον
1442 750 1612 790 διορθωθῆναι
1655 748 1756 780 καλῶς.
1797 747 1874 776 Οὕτω

1045 799 1141 835 φρονῶ.
1179 796 1267 828 Οὕτως
1310 796 1499 836 ἀποφαίνομαι,
1529 802 1589 827 ταῖς
1625 791 1873 833 πατροπαραδότοις

1045 839 1222 873 διδασκαλίαις
1249 844 1301 869 τῶν
1329 841 1409 879 ἁγίων
1447 840 1576 880 Θεοφόρων
1619 838 1742 878 Πατὲρων
1773 837 1874 874 ἐπόμε-
1921 848 1922 873 ι

181 887 285 909 manus
300 879 432 920 acceptis
446 884 616 911 sanctorum
629 881 853 921 afﬂatorumque
864 880 1005 911 divinitus

1094 907 1101 919 ,
1132 886 1175 913 καὶ
1202 892 1261 916 τοῖς
1288 887 1369 925 ἱεροῖς
1398 886 1442 913 καὶ
1462 879 1541 916 θείοις
1569 884 1660 912 κανόσι
1687 885 1819 922 ποιχῶν,
1839 882 1877 910 Οὔ

180 923 301 954 Patrum
316 923 470 962 insistens,
477 929 506 956 et
514 928 717 956 sacrosanctos
727 934 855 956 canones
865 933 1002 964 sequens.

179 967 241 998 Nec
257 967 336 998 enim
353 973 501 1007 sanctum,
519 965 574 1000 nei:
590 970 703 1009 justum
727 970 820 1006 duco;
837 969 913 1009 quod
925 969 1005 1008 juste

181 1012 462 1052 sanctequefactum
480 1023 536 1044 non
562 1019 616 1045 est.
645 1014 708 1045 Non
732 1014 820 1044 etiam
846 1014 1004 1044 multorum

183 1056 339 1096 opiniones
367 1062 478 1096 metuo,
506 1059 558 1098 qui
582 1068 630 1089 me
650 1059 750 1089 volunt
767 1067 917 1089 concessae
934 1056 1006 1088 mihi

183 1100 324 1132 divinitus
333 1101 474 1134 Ecclesiae
487 1103 710 1143 privilegiorum
724 1103 869 1134 rationem
881 1102 1003 1138 habere,

184 1155 240 1176 nec
256 1155 291 1177 ea
306 1147 350 1177 vel
362 1147 572 1187 negligere,vel
583 1153 693 1179 temere
710 1146 914 1187 prodere.Non
926 1146 1005 1176 enim

180 1191 238 1222 hoc
253 1191 426 1231 pontiﬁcum
443 1196 497 1228 est,
521 1196 554 1223 ut
571 1193 739 1224 necessario
755 1196 858 1232 putent
873 1190 1008 1222 ecclesia.l

185 1244 246 1266 suae
262 1235 414 1276 privilegia
440 1237 497 1267 sibi
523 1237 597 1268 citra
623 1237 782 1268 discrimen
807 1236 926 1272 tuenda,
951 1239 1008 1264 tam

181 1281 275 1321 justa,
293 1291 380 1322 quam
409 1283 520 1323 injusta
537 1293 544 1313 :
561 1283 612 1314 sed
629 1293 694 1324 quae
715 1284 795 1323 justa
810 1287 888 1318 sunt,
918 1281 1009 1311 invio-

185 1325 286 1357 labilia
307 1331 446 1367 praestare
471 1327 600 1365 debent;
634 1328 752 1367 injustis
780 1336 848 1357 vero
889 1326 1007 1356 cedere.

184 1369 257 1401 Nam
274 1371 325 1411 qui
339 1380 509 1403 sermonem
537 1372 668 1403 veritatis
691 1376 771 1402 recte
784 1380 885 1402 secare
901 1370 937 1401 de
953 1371 1008 1400 do-

184 1415 289 1446 ctrinis
315 1416 462 1447 sermonis
491 1417 544 1447 Dei
574 1415 797 1456 Servatorisque
821 1415 913 1445 nostri
938 1414 1008 1446 Jesu

1046 929 1095 968 γὰρ
1117 929 1200 969 ὅσιον,
1231 929 1287 958 οὐδὲ
1316 928 1413 957 δίκαιοι
1441 928 1557 968 ἥγημαι,
1586 929 1617 956 τὸ
1640 928 1678 966 μὴ
1708 926 1816 958 δικαίως
1848 936 1878 953 τε

1046 975 1090 1002 καὶ
1112 975 1189 1006 ὁσίως
1218 976 1359 1013 γενόμενον
1376 983 1383 990 '
1415 975 1506 1002 οὒκοῦν
1529 973 1586 1002 οὒδὲ
1611 973 1726 1012 πέφρικα
1744 972 1793 1002 τὰς
1822 974 1878 998 τῶν

1047 1018 1153 1047 πολλῶν
1174 1019 1333 1059 ὑπολήψεις,
1363 1018 1503 1051 ἀξιούντων
1535 1029 1568 1056 με
1596 1020 1650 1045 τῶν
1678 1016 1726 1049 τῆς
1748 1016 1778 1043 ἐκ
1808 1019 1878 1043 Θεοῦ

1047 1062 1188 1096 δεδομένης
1217 1075 1262 1100 μοι
1289 1063 1431 1096 ἐκκλησίας
1461 1063 1652 1091 ἀντιποιεῖσθαι
1682 1062 1726 1089 καὶ
1759 1060 1800 1098 μή
1821 1071 1876 1088 κα-

1047 1107 1173 1144 ταμελεῐν
1202 1108 1360 1147 προνομίων,
1391 1109 1435 1136 καὶ
1464 1107 1580 1139 εὒκόλως
1607 1112 1690 1136 ταῦτα
1720 1106 1876 1145 προΐεσθαι,

1048 1153 1084 1180 Οὔ
1119 1153 1168 1191 γάρ
1196 1152 1251 1180 ἐστι
1283 1154 1335 1180 τῶν
1364 1152 1524 1192 ἀρχιερέων,
1555 1152 1591 1183 ὡς
1626 1151 1773 1190 ἐπάναγκες
1798 1150 1876 1177 εἶναι

1049 1197 1100 1224 τῶν
1128 1198 1176 1230 τῆς
1213 1198 1309 1228 οἰκείας
1351 1197 1494 1230 ἐκκλησίας
1535 1197 1684 1236 προνομίων
1726 1194 1881 1234 ἀδιαερόρως

1049 1240 1204 1281 ἀντέχεσθαι
1230 1240 1333 1269 δικοίων
1363 1252 1390 1269 τε
1418 1241 1474 1278 ἅμα
1501 1242 1544 1268 καὶ
1579 1240 1678 1268 ἀδίκων
1696 1248 1703 1254 ⁸
1744 1238 1815 1266 ἀλλὰ
1846 1239 1881 1265 τὰ

1050 1285 1098 1322 μὲν
1133 1285 1218 1314 δίκαια
1253 1285 1390 1325 φυλάττειν
1433 1283 1571 1320 ἀλώϐητα,
1621 1288 1674 1313 τῶν
1714 1283 1741 1311 δὲ
1777 1282 1879 1311 ἀδίκων

1049 1330 1219 1370 ὒπεκχωρεῒν
1244 1332 1288 1358 καὶ
1323 1330 1480 1369 ἑῇστασθαι.
1517 1331 1554 1359 Οὔ
1573 1330 1623 1369 γὰρ
1655 1330 1700 1357 τὸν
1730 1330 1778 1361 τῆς
1802 1327 1876 1360 ἀλη-

1049 1374 1118 1406 θείας
1146 1374 1224 1414 λὸγον
1264 1376 1416 1413 ὀρθοτομετν
1459 1376 1488 1403 ὲκ
1523 1377 1575 1402 τῶν
1618 1373 1785 1412 διόαγμάτων
1827 1374 1878 1404 τῆς

1049 1417 1235 1453 αὒτοαληθείας
1271 1425 1317 1449 τοῦ
1345 1420 1430 1457 Λόγου
1459 1423 1524 1448 Θεοῦ
1556 1419 1600 1447 καὶ
1635 1421 1760 1456 Σωτῆρος
1797 1417 1880 1453 ἡμῶν

184 1458 305 1496 Christi,
323 1460 374 1500 qui
389 1460 496 1492 veritas
511 1460 575 1500 ipsa
589 1464 645 1497 est,
662 1461 783 1491 omnino
797 1459 872 1500 jussi
893 1468 1005 1496 sumus,

1092 1469 1138 1493 σοῦ
1172 1468 1284 1503 Χριστοῦ
1320 1464 1434 1496 κοθάπαξ
1472 1462 1685 1500 κεκελευσμένοι,
1716 1463 1763 1490 οὐκ
1791 1460 1875 1487 ἀναί-

184 1513 244 1534 non
270 1504 357 1544 plane
381 1505 458 1544 apud
488 1504 579 1536 Deum
609 1509 746 1544 expertes
770 1504 881 1535 erimus
902 1503 1005 1543 culpae.

1089 1520 1101 1535 ιι
1123 1509 1227 1540 πάντως
1258 1509 1370 1546 ἐσόμεθα
1405 1511 1440 1545 τῷ
1475 1511 1542 1545 Θεῷ,
1574 1509 1595 1535 εἰ
1624 1507 1753 1546 προῦργου
1789 1511 1878 1535 ταῦτα

185 1547 210 1578 si
222 1547 259 1579 ob
269 1548 362 1579 animi
373 1550 465 1579 nostri
490 1549 626 1580 allectum
644 1549 706 1579 haec
720 1549 802 1579 lucra
817 1547 1007 1579 sectabimur.

184 1592 225 1623 Ac
254 1602 309 1623 nos
333 1593 466 1634 quidem,
493 1603 510 1624 a
535 1593 643 1633 quibus
667 1594 834 1624 necessario
851 1592 1006 1631 “agitatur,

185 1640 218 1667 ut
230 1636 337 1668 divinis
352 1637 507 1678 praeceptis
519 1642 548 1669 et
564 1637 774 1669 traditionibus
788 1637 918 1673 Patrum,
937 1636 1009 1666 nihil

186 1681 329 1712 ducamus
352 1682 514 1722 antiquius,
545 1682 598 1713 sed
627 1691 661 1713 ea
688 1691 740 1722 pro
762 1681 872 1711 viribus
901 1680 1009 1711 nostris

183 1724 298 1757 illibata
314 1735 488 1765 servemus;
504 1726 546 1757 sic
563 1730 591 1757 et
606 1726 797 1764 sentimus,et
808 1725 1006 1757 decernimus.

183 1771 280 1804 Velim
305 1780 386 1811 vero,
404 1775 453 1802 tua
468 1780 587 1812 quoque
603 1772 651 1811 pia
677 1771 929 1810 serenissimaque
944 1779 1008 1800 ma-

181 1815 274 1855 jestas
289 1825 352 1847 rem
370 1815 550 1852 consideret,
567 1815 706 1856 quodque
722 1816 798 1846 facto
823 1816 910 1846 fuerit
923 1823 1008 1854 opus,

183 1859 292 1892 faciat:
321 1864 412 1901 atque
437 1860 494 1891 hoc
522 1860 610 1891 modo
636 1861 775 1900 majestas
794 1865 843 1891 tua
862 1860 904 1899 id,
931 1859 1010 1899 quod

186 1904 307 1936 omnino
323 1909 351 1936 et
365 1905 610 1945 reprehensionis
624 1909 653 1936 et
676 1904 806 1935 scandali
821 1913 927 1945 expers
942 1903 1007 1940 erit,

183 1952 243 1980 tam
259 1949 354 1990 ipsius
379 1949 444 1987 Dei,
462 1958 550 1989 quam
566 1958 716 1981 sacrorum
744 1958 889 1980 canonum
904 1957 1008 1988 respe-

186 1998 246 2035 ctu,
259 1996 366 2025 servet.

493 2050 601 2083 LUCIE
623 2051 699 2091 (25).

181 2110 227 2142 Ne
242 2110 348 2142 clerici
361 2109 502 2148 auferant
516 2117 564 2148 ea,
589 2117 655 2148 quae
670 2108 709 2139 ad
723 2109 863 2140 ecclesias
877 2108 924 2140 vel
940 2109 1006 2148 ept-

365 2158 468 2190 scopos
481 2149 643 2180 morientes
657 2150 818 2189 pertinent.

219 2249 312 2282 Mensi
338 2249 437 2281 Martii
465 2248 514 2280 die
541 2257 572 2286 x,
596 2248 671 2279 feria
699 2257 720 2287 1,
749 2248 927 2289 praesidente
944 2258 1008 2280 san-

185 2294 317 2326 ctissimo
334 2294 455 2326 domino
484 2297 586 2324 nostro
603 2296 632 2324 et
655 2293 814 2324 universali
831 2293 1007 2333 patriarcha,

182 2339 303 2371 domino
319 2338 448 2376 Luca,in
468 2337 582 2369 dextris
600 2337 747 2368 Alexiacis
760 2338 1004 2375 catechumeniis,

181 2383 383 2416 assidentibus
407 2383 438 2414 in
464 2382 591 2414 concilio
623 2391 737 2420 magnae
752 2382 845 2422 ipsius
861 2383 1007 2413 sanctitati

180 2427 388 2460 sacratissimis
404 2426 594 2468 pontiﬁcibus
609 2426 796 2468 Caesariensi,
809 2427 1006 2466 Heracliensi,

180 2473 363 2510 Amasiensi,
377 2472 533 2510 Meliteuw,
560 2471 833 2510 Thessalonicensi,
850 2471 1005 2502 Neocaesa-

180 2517 284 2556 riensi,
302 2517 440 2559 Myrensi,
456 2516 597 2554 Mocisso,
623 2516 772 2555 Cretensi,
797 2516 1006 2556 Trajanopoli—

180 2565 261 2600 tano,
289 2562 521 2603 Hierapolitano,
553 2560 633 2598 IEni,
660 2560 794 2601 Dristrze,
810 2561 1004 2601 Nazianzeno,

178 2605 332 2647 Abydeno,
360 2607 486 2645 Milesio,
527 2605 680 2646 Selybriaa,
708 2605 813 2645 Bizyae,
844 2607 1003 2645 Maroneae,

178 2651 270 2690 Parii,
295 2652 350 2691 Cii,
372 2655 463 2693 Apro,
489 2650 581 2687 Nicae,
611 2649 748 2688 Gotthiae,
776 2650 1004 2690 Matracborum,

1051 1551 1092 1580 διὰ
1113 1553 1194 1585 πάθος
1215 1554 1248 1581 τὰ
1275 1552 1353 1592 κέρδη
1378 1553 1536 1590 ποιήσομεν.
1563 1552 1612 1581 Καὶ
1632 1553 1714 1588 ἡμεῖς
1744 1551 1793 1587 μὲν
1817 1562 1880 1588 μη-

1050 1596 1092 1625 δὲν
1108 1598 1294 1637 προτιμότερον
1309 1599 1361 1624 τῶν
1388 1597 1463 1624 θείων
1485 1596 1597 1624 ἐντολῶν
1626 1595 1670 1623 καὶ
1691 1595 1744 1623 τῶν
1773 1597 1880 1634 Πατρι-

1049 1645 1103 1670 κῶν
1138 1641 1306 1682 παραδόσεων
1342 1647 1429 1669 ποιεῖν
1458 1640 1597 1680 ἐξανάγιιες
1626 1638 1785 1680 ὀφείλοντες,
1816 1639 1881 1667 ἀλλ’

1050 1686 1228 1723 ἆμενάπτωτα
1244 1689 1325 1714 ταῦτα
1344 1685 1495 1725 φυλάττειν,
1525 1686 1562 1716 ὡς
1590 1683 1712 1722 δύναμις,
1734 1683 1805 1711 οὕτω
1833 1685 1881 1711 καὶ

1050 1742 1160 1768 νοουμεν
1175 1732 1219 1758 γαὶ
1234 1731 1382 1769 ὁριζόμεθα.
1407 1730 1575 1762 Σκοπησάτω
1604 1727 1630 1756 δὲ
1651 1729 1695 1756 καὶ
1716 1729 1746 1756 τὸ
1769 1727 1879 1760 εὒσεϐὲς

1050 1776 1093 1803 καὶ
1115 1775 1287 1814 παγγάλτ,νον
1301 1775 1396 1813 κράτος
1411 1785 1468 1811 σου,
1484 1775 1528 1802 καὶ
1541 1773 1743 1810 οἷκονομησάτω
1757 1774 1787 1800 τὸ
1804 1772 1878 1801 δέον·

1051 1820 1095 1847 καὶ
1110 1820 1124 1848 ὃ
1139 1820 1243 1850 πάντως
1260 1819 1410 1856 ἄμεμπτον,
1427 1820 1471 1847 καὶ
1485 1819 1666 1858 ἀπρόσκοπον,
1677 1817 1721 1845 καὶ
1736 1818 1802 1857 πρὸς
1812 1818 1880 1845 Θεὸν

1053 1865 1142 1901 αὐτὸν,
1159 1865 1202 1892 καὶ
1218 1864 1282 1904 πρὸς
1298 1864 1358 1894 τοὺς
1373 1864 1456 1902 ἱεροὺς
1472 1862 1584 1894 κανόνας
1600 1860 1751 1901 διαφυλάξοι
1766 1862 1784 1895 ἡ
1795 1862 1880 1899 βασι-

1051 1908 1109 1936 λεία
1122 1919 1180 1939 σου,

1398 2052 1522 2078 ΛΟΥΚΑ.

1053 2122 1064 2139 (ι
1096 2112 1158 2150 Περὶ
1185 2116 1231 2141 τοῦ
1267 2112 1305 2149 μὴ
1341 2111 1536 2151 ἀφαρπάζεσθαι
1566 2111 1625 2142 τοὺς
1661 2109 1805 2151 κληρικοὺς
1843 2111 1878 2138 τὰ

1088 2149 1150 2183 ταῖς
1211 2149 1374 2188 ἐκκλησίαις,
1397 2149 1401 2150 7
1431 2150 1449 2185 ἣ
1506 2150 1660 2182 ἐπισκόποις
1715 2149 1877 2178 ⁶Ωλειιτῶσιν

1090 2192 1231 2227 ἀνήκοντα.
1257 2202 1270 2221 ι

1091 2250 1159 2283 Μηνὶ
1195 2250 1301 2289 Marpin
1337 2244 1367 2284 ι’,
1403 2249 1490 2288 ἡμέρᾳ
1512 2244 1550 2287 β’,
1587 2249 1801 2288 προκαθημένου,
1831 2254 1878 2278 τοῦ

1050 2294 1196 2334 ἀγιωτάτου
1211 2296 1287 2332 ἡμῶν
1316 2293 1442 2322 δεσπότου
1469 2294 1512 2321 καὶ
1534 2294 1714 2331 οἰκουμενικοῦ
1742 2293 1875 2331 πατριάρ-

1049 2350 1101 2379 χου
1129 2339 1206 2378 κυροῦ
1234 2342 1332 2375 Λουκᾶ,
1361 2339 1387 2366 ἐν
1415 2346 1473 2370 τοῖς
1503 2337 1598 2370 δεξιοῖς
1620 2337 1785 2370 Ἀλεξιακοϊς
1804 2348 1876 2364 κατ-

1049 2383 1233 2423 ηχουμενίοις,
1263 2382 1478 2422 συνεδριαζόντων
1514 2385 1549 2420 τῇ
1590 2381 1694 2421 μεγάλῃ
1737 2382 1875 2420 ἁγιωσύνῃ

1049 2431 1125 2458 αὐτοῦ
1167 2428 1314 2467 ἱερωτάτων
1355 2427 1512 2467 ἀρχιερέων,
1555 2430 1601 2455 τοῦ
1631 2427 1797 2465 Καισαρείας,
1828 2430 1876 2454 τιγό

1052 2469 1218 2512 Ἡρακλείας,
1257 2473 1302 2500 τοῦ
1339 2471 1494 2509 Ἀμασείας,
1537 2476 1582 2500 τοῦ
1627 2469 1790 2505 Μελιτηνῆς,
1828 2474 1874 2498 τοῦ

1050 2518 1257 2554 Θεσσαλονίκης,
1293 2519 1339 2545 τοῦ
1368 2516 1581 2555 Νεοκαισαρείας,
1609 2518 1654 2544 τοῦ
1692 2516 1797 2555 Μύρων,
1827 2521 1875 2544 τοῦ

1050 2566 1201 2596 Μωκισσοῦ,
1234 2567 1279 2591 τοῦ
1314 2562 1433 2601 Κρήτης,
1469 2564 1516 2588 τοὺ
1544 2559 1792 2600 Τραϊανουπόλεως,
1827 2565 1874 2588 του

1050 2603 1232 2646 Ἰεραπόλεως,
1259 2609 1305 2634 τοῦ
1333 2606 1424 2642 Αἴνου,
1455 2609 1500 2633 τοῦ
1523 2606 1658 2644 Δρίστρας,
1681 2604 1728 2632 τοῦ
1757 2608 1874 2640 Ναζιαν-

1047 2655 1103 2692 ζοῦ,
1126 2652 1172 2679 τοῦ
1194 2650 1314 2679 Ἀϐύδουζ
1345 2654 1389 2679 τοῦ
1417 2649 1548 2689 Μιλήτου,
1570 2650 1617 2677 τοῦ
1639 2646 1799 2688 Σηλυϐρίας,
1830 2651 1877 2678 τοῦ

955 2730 1082 2764 NOT/E.

217 2803 282 2844 (25)
296 2801 496 2843 Gognomeuto
514 2799 748 2841 Chrysobergis,
766 2799 803 2831 de
821 2800 906 2842 cujus
922 2802 1008 2831 atate
1023 2798 1079 2834 lib.
1093 2797 1282 2840 praecedente
1295 2795 1406 2828 dictum
1424 2795 1494 2837 (col.
1509 2795 1597 2836 769).
