  <div class='ocr_page' id='page_1' title='image "/cluster/home/n/w/nwhite01/storage/ocr_20150623/119/njp.32101010943965/1035.png"; bbox 0 0 1942 3081; ppageno 0'>
   <div class='ocr_carea' id='block_1_1' title="bbox 217 138 276 170">
    <p class='ocr_par' dir='ltr' id='par_1_1' title="bbox 217 138 276 170">
     <span class='ocr_line' id='line_1_1' title="bbox 217 138 276 170; baseline 0 0"><span class='ocrx_word' id='word_1_1' title='bbox 217 138 276 170; x_wconf 88' lang='grc'><strong>875</strong></span> 
     </span>
    </p>
   </div>
   <div class='ocr_carea' id='block_1_2' title="bbox 911 134 1221 168">
    <p class='ocr_par' dir='ltr' id='par_1_2' title="bbox 911 134 1221 168">
     <span class='ocr_line' id='line_1_2' title="bbox 911 134 1221 168; baseline -0.003 0"><span class='ocrx_word' id='word_1_2' title='bbox 911 137 976 168; x_wconf 93' lang='lat' dir='ltr'><strong>JUS</strong></span> <span class='ocrx_word' id='word_1_3' title='bbox 996 134 1221 168; x_wconf 81' lang='lat' dir='ltr'><strong>CANONICUM</strong></span> 
     </span>
    </p>
   </div>
   <div class='ocr_carea' id='block_1_3' title="bbox 1833 133 1878 166">
    <p class='ocr_par' dir='ltr' id='par_1_3' title="bbox 1833 133 1878 166">
     <span class='ocr_line' id='line_1_3' title="bbox 1833 133 1878 166; baseline 0.044 -2"><span class='ocrx_word' id='word_1_4' title='bbox 1833 133 1878 166; x_wconf 84' lang='grc'><strong>8³16</strong></span> 
     </span>
    </p>
   </div>
   <div class='ocr_carea' id='block_1_4' title="bbox 221 200 1042 246">
    <p class='ocr_par' dir='ltr' id='par_1_4' title="bbox 221 204 1042 246">
     <span class='ocr_line' id='line_1_4' title="bbox 221 204 1042 246; baseline -0.001 -11"><span class='ocrx_word' id='word_1_5' title='bbox 221 216 234 231; x_wconf 80' lang='grc' dir='ltr'><strong>α</strong></span> <span class='ocrx_word' id='word_1_6' title='bbox 251 205 297 235; x_wconf 89' lang='lat' dir='ltr'><strong>vel</strong></span> <span class='ocrx_word' id='word_1_7' title='bbox 311 205 390 236; x_wconf 81' lang='lat' dir='ltr'>aliud</span> <span class='ocrx_word' id='word_1_8' title='bbox 407 205 568 246; x_wconf 82' lang='lat' dir='ltr'><strong>quodpiam</strong></span> <span class='ocrx_word' id='word_1_9' title='bbox 594 204 780 245; x_wconf 85' lang='lat' dir='ltr'><strong>privilegium</strong></span> <span class='ocrx_word' id='word_1_10' title='bbox 818 204 932 245; x_wconf 78' lang='lat' dir='ltr'><strong>adimit,</strong></span> <span class='ocrx_word' id='word_1_11' title='bbox 956 204 1042 235; x_wconf 89' lang='lat' dir='ltr'><strong>etiam</strong></span> 
     </span>
    </p>
   </div>
   <div class='ocr_carea' id='block_1_5' title="bbox 1090 200 1878 246">
    <p class='ocr_par' dir='ltr' id='par_1_5' title="bbox 1090 200 1878 242">
     <span class='ocr_line' id='line_1_5' title="bbox 1090 200 1878 242; baseline -0.003 -12"><span class='ocrx_word' id='word_1_12' title='bbox 1090 214 1103 230; x_wconf 79' lang='grc' dir='ltr'><strong>ε</strong></span> <span class='ocrx_word' id='word_1_13' title='bbox 1125 202 1236 240; x_wconf 84' lang='grc' dir='ltr'>δίκαιον,</span> <span class='ocrx_word' id='word_1_14' title='bbox 1253 203 1271 237; x_wconf 76' lang='grc' dir='ltr'>ἢ</span> <span class='ocrx_word' id='word_1_15' title='bbox 1287 202 1374 242; x_wconf 74' lang='grc' dir='ltr'>ἕτερόν</span> <span class='ocrx_word' id='word_1_16' title='bbox 1389 213 1413 230; x_wconf 86' lang='grc' dir='ltr'><strong>τι</strong></span> <span class='ocrx_word' id='word_1_17' title='bbox 1436 200 1591 241; x_wconf 77' lang='grc' dir='ltr'><strong>προνόμιον,</strong></span> <span class='ocrx_word' id='word_1_18' title='bbox 1615 201 1663 229; x_wconf 77' lang='grc' dir='ltr'>κᾶν</span> <span class='ocrx_word' id='word_1_19' title='bbox 1688 201 1738 229; x_wconf 77' lang='grc' dir='ltr'>ἀπὸ</span> <span class='ocrx_word' id='word_1_20' title='bbox 1764 201 1878 239; x_wconf 73' lang='grc' dir='ltr'><strong>βασιλικῆς</strong></span> 
     </span>
    </p>
   </div>
   <div class='ocr_carea' id='block_1_6' title="bbox 220 247 1042 290">
    <p class='ocr_par' dir='ltr' id='par_1_6' title="bbox 220 247 1042 290">
     <span class='ocr_line' id='line_1_6' title="bbox 220 247 1042 290; baseline 0 -12"><span class='ocrx_word' id='word_1_21' title='bbox 220 260 234 276; x_wconf 77' lang='grc' dir='ltr'><strong><em>σ</em></strong></span> <span class='ocrx_word' id='word_1_22' title='bbox 250 248 440 289; x_wconf 90' lang='lat' dir='ltr'><strong>imperatorio</strong></span> <span class='ocrx_word' id='word_1_23' title='bbox 452 249 630 290; x_wconf 90' lang='lat' dir='ltr'><strong>permissum</strong></span> <span class='ocrx_word' id='word_1_24' title='bbox 639 248 760 279; x_wconf 84' lang='lat' dir='ltr'><strong>infamia</strong></span> <span class='ocrx_word' id='word_1_25' title='bbox 771 249 920 279; x_wconf 69' lang='lat' dir='ltr'><strong>notathaac</strong></span> <span class='ocrx_word' id='word_1_26' title='bbox 929 247 1042 279; x_wconf 87' lang='lat' dir='ltr'><strong>consti-</strong></span> 
     </span>
    </p>
   </div>
   <div class='ocr_carea' id='block_1_7' title="bbox 221 293 1042 334">
    <p class='ocr_par' dir='ltr' id='par_1_7' title="bbox 221 293 1042 334">
     <span class='ocr_line' id='line_1_7' title="bbox 221 293 1042 334; baseline 0 -12"><span class='ocrx_word' id='word_1_27' title='bbox 221 304 232 320; x_wconf 84' lang='grc'><strong>«</strong></span> <span class='ocrx_word' id='word_1_28' title='bbox 252 293 338 331; x_wconf 87' lang='lat' dir='ltr'><strong>tutio,</strong></span> <span class='ocrx_word' id='word_1_29' title='bbox 356 293 562 334; x_wconf 85' lang='lat' dir='ltr'><strong>bonorumque</strong></span> <span class='ocrx_word' id='word_1_30' title='bbox 585 293 787 333; x_wconf 89' lang='lat' dir='ltr'><strong>publicatione</strong></span> <span class='ocrx_word' id='word_1_31' title='bbox 814 293 930 331; x_wconf 85' lang='lat' dir='ltr'><strong>multat,</strong></span> <span class='ocrx_word' id='word_1_32' title='bbox 945 293 1042 333; x_wconf 92' lang='lat' dir='ltr'><strong>ipsum</strong></span> 
     </span>
    </p>
   </div>
   <div class='ocr_carea' id='block_1_8' title="bbox 222 337 730 377">
    <p class='ocr_par' dir='ltr' id='par_1_8' title="bbox 222 337 730 377">
     <span class='ocr_line' id='line_1_8' title="bbox 222 337 730 377; baseline -0.004 -9"><span class='ocrx_word' id='word_1_33' title='bbox 222 349 236 365; x_wconf 72' lang='grc' dir='ltr'><strong>α</strong></span> <span class='ocrx_word' id='word_1_34' title='bbox 255 337 496 368; x_wconf 80' lang='lat' dir='ltr'><strong>etiam~conatum</strong></span> <span class='ocrx_word' id='word_1_35' title='bbox 514 337 698 377; x_wconf 78' lang='lat' dir='ltr'><strong>improbans.</strong></span> <span class='ocrx_word' id='word_1_36' title='bbox 718 350 730 365; x_wconf 72' lang='grc' dir='ltr'>ι)</span> 
     </span>
    </p>
   </div>
   <div class='ocr_carea' id='block_1_9' title="bbox 258 382 1045 423">
    <p class='ocr_par' dir='ltr' id='par_1_9' title="bbox 258 382 1045 423">
     <span class='ocr_line' id='line_1_9' title="bbox 258 382 1045 423; baseline 0.001 -10"><span class='ocrx_word' id='word_1_37' title='bbox 258 382 373 422; x_wconf 85' lang='lat' dir='ltr'><strong>Excipit</strong></span> <span class='ocrx_word' id='word_1_38' title='bbox 398 386 496 414; x_wconf 89' lang='lat' dir='ltr'><strong>autem</strong></span> <span class='ocrx_word' id='word_1_39' title='bbox 534 382 605 412; x_wconf 89' lang='lat' dir='ltr'><strong>sitas</strong></span> <span class='ocrx_word' id='word_1_40' title='bbox 636 383 666 412; x_wconf 93' lang='lat' dir='ltr'><strong>in</strong></span> <span class='ocrx_word' id='word_1_41' title='bbox 685 382 804 422; x_wconf 86' lang='lat' dir='ltr'><strong>Scythia</strong></span> <span class='ocrx_word' id='word_1_42' title='bbox 821 382 986 423; x_wconf 76' lang='lat' dir='ltr'><strong>provincias</strong></span> <span class='ocrx_word' id='word_1_43' title='bbox 1015 386 1045 414; x_wconf 87' lang='lat' dir='ltr'><strong>et</strong></span> 
     </span>
    </p>
   </div>
   <div class='ocr_carea' id='block_1_10' title="bbox 219 426 1044 467">
    <p class='ocr_par' dir='ltr' id='par_1_10' title="bbox 219 426 1044 467">
     <span class='ocr_line' id='line_1_10' title="bbox 219 426 1044 467; baseline -0.001 -9"><span class='ocrx_word' id='word_1_44' title='bbox 219 427 425 467; x_wconf 87' lang='lat' dir='ltr'><strong>Leontopolim</strong></span> <span class='ocrx_word' id='word_1_45' title='bbox 447 426 578 457; x_wconf 60' lang='lat' dir='ltr'><strong>Isauria.</strong></span> <span class='ocrx_word' id='word_1_46' title='bbox 598 427 654 457; x_wconf 85' lang='lat' dir='ltr'><strong>Lex</strong></span> <span class='ocrx_word' id='word_1_47' title='bbox 677 427 748 457; x_wconf 88' lang='lat' dir='ltr'><strong>item</strong></span> <span class='ocrx_word' id='word_1_48' title='bbox 766 430 861 458; x_wconf 87' lang='lat' dir='ltr'><strong>exstat</strong></span> <span class='ocrx_word' id='word_1_49' title='bbox 875 426 942 465; x_wconf 83' lang='lat' dir='ltr'><strong>alia,</strong></span> <span class='ocrx_word' id='word_1_50' title='bbox 960 426 1044 467; x_wconf 90' lang='lat' dir='ltr'><strong>cujus</strong></span> 
     </span>
    </p>
   </div>
   <div class='ocr_carea' id='block_1_11' title="bbox 217 471 495 502">
    <p class='ocr_par' dir='ltr' id='par_1_11' title="bbox 217 471 495 502">
     <span class='ocr_line' id='line_1_11' title="bbox 217 471 495 502; baseline -0.004 0"><span class='ocrx_word' id='word_1_51' title='bbox 217 472 281 502; x_wconf 82' lang='lat' dir='ltr'><strong>haec</strong></span> <span class='ocrx_word' id='word_1_52' title='bbox 295 471 386 502; x_wconf 90' lang='lat' dir='ltr'><strong>verba</strong></span> <span class='ocrx_word' id='word_1_53' title='bbox 402 476 469 502; x_wconf 89' lang='lat' dir='ltr'><strong>sunt</strong></span> <span class='ocrx_word' id='word_1_54' title='bbox 488 481 495 501; x_wconf 90' lang='lat'>:</span> 
     </span>
    </p>
   </div>
   <div class='ocr_carea' id='block_1_12' title="bbox 261 515 1041 555">
    <p class='ocr_par' dir='ltr' id='par_1_12' title="bbox 261 515 1041 555">
     <span class='ocr_line' id='line_1_12' title="bbox 261 515 1041 555; baseline 0.003 -12"><span class='ocrx_word' id='word_1_55' title='bbox 261 528 271 543; x_wconf 78' lang='grc' dir='ltr'><strong>ι</strong></span> <span class='ocrx_word' id='word_1_56' title='bbox 292 515 392 546; x_wconf 87' lang='lat' dir='ltr'><strong>Firma</strong></span> <span class='ocrx_word' id='word_1_57' title='bbox 408 516 467 546; x_wconf 89' lang='lat' dir='ltr'><strong>sint</strong></span> <span class='ocrx_word' id='word_1_58' title='bbox 486 515 688 546; x_wconf 87' lang='lat' dir='ltr'><strong>ecclesiastica</strong></span> <span class='ocrx_word' id='word_1_59' title='bbox 704 515 858 555; x_wconf 80' lang='lat' dir='ltr'><strong>privilegia</strong></span> <span class='ocrx_word' id='word_1_60' title='bbox 873 516 1041 547; x_wconf 71' lang='lat' dir='ltr'><strong>universa.)</strong></span> 
     </span>
    </p>
   </div>
   <div class='ocr_carea' id='block_1_13' title="bbox 258 559 583 600">
    <p class='ocr_par' dir='ltr' id='par_1_13' title="bbox 258 559 583 600">
     <span class='ocr_line' id='line_1_13' title="bbox 258 559 583 600; baseline 0.003 -10"><span class='ocrx_word' id='word_1_61' title='bbox 258 560 392 600; x_wconf 89' lang='lat' dir='ltr'><strong>Itemque</strong></span> <span class='ocrx_word' id='word_1_62' title='bbox 403 568 506 590; x_wconf 85' lang='lat' dir='ltr'><strong>rursus</strong></span> <span class='ocrx_word' id='word_1_63' title='bbox 516 559 583 591; x_wconf 85' lang='lat' dir='ltr'><strong>alia.</strong></span> 
     </span>
    </p>
   </div>
   <div class='ocr_carea' id='block_1_14' title="bbox 263 603 1043 644">
    <p class='ocr_par' dir='ltr' id='par_1_14' title="bbox 263 603 1043 644">
     <span class='ocr_line' id='line_1_14' title="bbox 263 603 1043 644; baseline 0.001 -10"><span class='ocrx_word' id='word_1_64' title='bbox 263 617 276 632; x_wconf 83' lang='lat'><strong><em>«</em></strong></span> <span class='ocrx_word' id='word_1_65' title='bbox 295 604 400 635; x_wconf 87' lang='lat' dir='ltr'><strong>Sacros</strong></span> <span class='ocrx_word' id='word_1_66' title='bbox 417 613 547 635; x_wconf 84' lang='lat' dir='ltr'><strong>canones</strong></span> <span class='ocrx_word' id='word_1_67' title='bbox 566 613 624 634; x_wconf 92' lang='lat' dir='ltr'><strong>non</strong></span> <span class='ocrx_word' id='word_1_68' title='bbox 642 603 751 642; x_wconf 84' lang='lat' dir='ltr'><strong>minus,</strong></span> <span class='ocrx_word' id='word_1_69' title='bbox 769 613 857 644; x_wconf 88' lang='lat' dir='ltr'><strong>quam</strong></span> <span class='ocrx_word' id='word_1_70' title='bbox 870 605 949 644; x_wconf 90' lang='lat' dir='ltr'><strong>ipsas</strong></span> <span class='ocrx_word' id='word_1_71' title='bbox 964 604 1043 644; x_wconf 85' lang='lat' dir='ltr'><strong>leges</strong></span> 
     </span>
    </p>
   </div>
   <div class='ocr_carea' id='block_1_15' title="bbox 221 648 1039 689">
    <p class='ocr_par' dir='ltr' id='par_1_15' title="bbox 221 648 1039 689">
     <span class='ocr_line' id='line_1_15' title="bbox 221 648 1039 689; baseline 0.004 -13"><span class='ocrx_word' id='word_1_72' title='bbox 221 661 234 676; x_wconf 76' lang='grc' dir='ltr'><strong>α</strong></span> <span class='ocrx_word' id='word_1_73' title='bbox 250 649 445 688; x_wconf 82' lang='lat' dir='ltr'><strong>valere,leges</strong></span> <span class='ocrx_word' id='word_1_74' title='bbox 459 649 573 680; x_wconf 87' lang='lat' dir='ltr'><strong>volunt.</strong></span> <span class='ocrx_word' id='word_1_75' title='bbox 586 649 621 678; x_wconf 91' lang='lat' dir='ltr'><strong>Et</strong></span> <span class='ocrx_word' id='word_1_76' title='bbox 634 648 711 688; x_wconf 89' lang='lat' dir='ltr'><strong>quod</strong></span> <span class='ocrx_word' id='word_1_77' title='bbox 728 658 857 680; x_wconf 88' lang='lat' dir='ltr'><strong>canones</strong></span> <span class='ocrx_word' id='word_1_78' title='bbox 869 648 1039 689; x_wconf 87' lang='lat' dir='ltr'><strong>prohibent,</strong></span> 
     </span>
    </p>
   </div>
   <div class='ocr_carea' id='block_1_16' title="bbox 221 693 697 733">
    <p class='ocr_par' dir='ltr' id='par_1_16' title="bbox 221 693 697 733">
     <span class='ocr_line' id='line_1_16' title="bbox 221 693 697 733; baseline -0.004 -10"><span class='ocrx_word' id='word_1_79' title='bbox 221 705 234 721; x_wconf 76' lang='grc' dir='ltr'><strong>α</strong></span> <span class='ocrx_word' id='word_1_80' title='bbox 252 693 281 724; x_wconf 92' lang='lat' dir='ltr'><strong>id</strong></span> <span class='ocrx_word' id='word_1_81' title='bbox 294 693 383 724; x_wconf 88' lang='lat' dir='ltr'><strong>etiam</strong></span> <span class='ocrx_word' id='word_1_82' title='bbox 400 693 559 733; x_wconf 71' lang='lat' dir='ltr'><strong>prohibent</strong></span> <span class='ocrx_word' id='word_1_83' title='bbox 575 693 666 732; x_wconf 84' lang='lat' dir='ltr'><strong>leges.</strong></span> <span class='ocrx_word' id='word_1_84' title='bbox 687 705 697 721; x_wconf 74' lang='grc' dir='ltr'><strong><em>ι</em></strong></span> 
     </span>
    </p>
   </div>
   <div class='ocr_carea' id='block_1_17' title="bbox 255 737 1041 777">
    <p class='ocr_par' dir='ltr' id='par_1_17' title="bbox 255 737 1041 777">
     <span class='ocr_line' id='line_1_17' title="bbox 255 737 1041 777; baseline 0 -10"><span class='ocrx_word' id='word_1_85' title='bbox 255 737 291 768; x_wconf 88' lang='lat' dir='ltr'><strong>Et</strong></span> <span class='ocrx_word' id='word_1_86' title='bbox 306 737 369 768; x_wconf 79' lang='lat' dir='ltr'><strong>haec</strong></span> <span class='ocrx_word' id='word_1_87' title='bbox 384 737 505 777; x_wconf 91' lang='lat' dir='ltr'><strong>quidem</strong></span> <span class='ocrx_word' id='word_1_88' title='bbox 534 737 684 768; x_wconf 76' lang='lat' dir='ltr'><strong>sufﬁciunt</strong></span> <span class='ocrx_word' id='word_1_89' title='bbox 705 737 740 767; x_wconf 93' lang='lat' dir='ltr'><strong>ad</strong></span> <span class='ocrx_word' id='word_1_90' title='bbox 767 737 964 776; x_wconf 86' lang='lat' dir='ltr'><strong>probandum,</strong></span> <span class='ocrx_word' id='word_1_91' title='bbox 983 746 1041 768; x_wconf 92' lang='lat' dir='ltr'><strong>non</strong></span> 
     </span>
    </p>
   </div>
   <div class='ocr_carea' id='block_1_18' title="bbox 219 782 1041 822">
    <p class='ocr_par' dir='ltr' id='par_1_18' title="bbox 219 782 1041 822">
     <span class='ocr_line' id='line_1_18' title="bbox 219 782 1041 822; baseline 0 -10"><span class='ocrx_word' id='word_1_92' title='bbox 219 782 295 812; x_wconf 91' lang='lat' dir='ltr'><strong>duos</strong></span> <span class='ocrx_word' id='word_1_93' title='bbox 310 782 554 821; x_wconf 88' lang='lat' dir='ltr'><strong>metropolitanos</strong></span> <span class='ocrx_word' id='word_1_94' title='bbox 566 782 595 813; x_wconf 90' lang='lat' dir='ltr'><strong>in</strong></span> <span class='ocrx_word' id='word_1_95' title='bbox 605 791 734 812; x_wconf 88' lang='lat' dir='ltr'><strong>unaesse</strong></span> <span class='ocrx_word' id='word_1_96' title='bbox 744 782 1041 822; x_wconf 85' lang='lat' dir='ltr'><strong>provincia,sedtem-</strong></span> 
     </span>
    </p>
   </div>
   <div class='ocr_carea' id='block_1_19' title="bbox 217 826 1040 867">
    <p class='ocr_par' dir='ltr' id='par_1_19' title="bbox 217 826 1040 867">
     <span class='ocr_line' id='line_1_19' title="bbox 217 826 1040 867; baseline 0 -10"><span class='ocrx_word' id='word_1_97' title='bbox 217 835 288 867; x_wconf 88' lang='lat' dir='ltr'><strong>pore</strong></span> <span class='ocrx_word' id='word_1_98' title='bbox 304 826 580 867; x_wconf 85' lang='lat' dir='ltr'><strong>priorem,itemque</strong></span> <span class='ocrx_word' id='word_1_99' title='bbox 593 826 654 866; x_wconf 87' lang='lat' dir='ltr'><strong>jam</strong></span> <span class='ocrx_word' id='word_1_100' title='bbox 672 832 774 865; x_wconf 84' lang='lat' dir='ltr'><strong>pactos</strong></span> <span class='ocrx_word' id='word_1_101' title='bbox 787 826 1040 867; x_wconf 88' lang='lat' dir='ltr'><strong>metropolitanos,</strong></span> 
     </span>
    </p>
   </div>
   <div class='ocr_carea' id='block_1_20' title="bbox 216 870 1041 910">
    <p class='ocr_par' dir='ltr' id='par_1_20' title="bbox 216 870 1041 910">
     <span class='ocr_line' id='line_1_20' title="bbox 216 870 1041 910; baseline 0 -9"><span class='ocrx_word' id='word_1_102' title='bbox 216 871 330 902; x_wconf 81' lang='lat' dir='ltr'><strong>honore</strong></span> <span class='ocrx_word' id='word_1_103' title='bbox 345 871 485 901; x_wconf 83' lang='lat' dir='ltr'><strong>duntaxat</strong></span> <span class='ocrx_word' id='word_1_104' title='bbox 500 871 566 901; x_wconf 91' lang='lat' dir='ltr'><strong>aliis</strong></span> <span class='ocrx_word' id='word_1_105' title='bbox 582 870 730 910; x_wconf 87' lang='lat' dir='ltr'><strong>episcopis</strong></span> <span class='ocrx_word' id='word_1_106' title='bbox 748 874 900 910; x_wconf 68' lang='lat' dir='ltr'><strong>prmstare,</strong></span> <span class='ocrx_word' id='word_1_107' title='bbox 917 876 1041 901; x_wconf 63' lang='lat' dir='ltr'><strong>caeteros</strong></span> 
     </span>
    </p>
   </div>
   <div class='ocr_carea' id='block_1_21' title="bbox 218 915 1037 955">
    <p class='ocr_par' dir='ltr' id='par_1_21' title="bbox 218 915 1037 955">
     <span class='ocr_line' id='line_1_21' title="bbox 218 915 1037 955; baseline 0 -10"><span class='ocrx_word' id='word_1_108' title='bbox 218 915 268 954; x_wconf 92' lang='lat' dir='ltr'><strong>qui</strong></span> <span class='ocrx_word' id='word_1_109' title='bbox 283 915 417 946; x_wconf 88' lang='lat' dir='ltr'><strong>subditos</strong></span> <span class='ocrx_word' id='word_1_110' title='bbox 442 915 482 955; x_wconf 87' lang='lat' dir='ltr'><strong>ei,</strong></span> <span class='ocrx_word' id='word_1_111' title='bbox 510 915 559 955; x_wconf 92' lang='lat' dir='ltr'><strong>qui</strong></span> <span class='ocrx_word' id='word_1_112' title='bbox 588 924 692 955; x_wconf 82' lang='lat' dir='ltr'><strong>reapse</strong></span> <span class='ocrx_word' id='word_1_113' title='bbox 717 915 962 955; x_wconf 86' lang='lat' dir='ltr'><strong>metropolitanus</strong></span> <span class='ocrx_word' id='word_1_114' title='bbox 975 919 1037 950; x_wconf 84' lang='lat' dir='ltr'><strong>est;</strong></span> 
     </span>
    </p>
   </div>
   <div class='ocr_carea' id='block_1_22' title="bbox 216 959 1039 1000">
    <p class='ocr_par' dir='ltr' id='par_1_22' title="bbox 216 959 1039 1000">
     <span class='ocr_line' id='line_1_22' title="bbox 216 959 1039 1000; baseline 0 -10"><span class='ocrx_word' id='word_1_115' title='bbox 216 960 359 1000; x_wconf 85' lang='lat' dir='ltr'><strong>deinceps</strong></span> <span class='ocrx_word' id='word_1_116' title='bbox 376 969 457 998; x_wconf 82' lang='lat' dir='ltr'><strong>vero,</strong></span> <span class='ocrx_word' id='word_1_117' title='bbox 474 969 543 991; x_wconf 91' lang='lat' dir='ltr'><strong>cum</strong></span> <span class='ocrx_word' id='word_1_118' title='bbox 557 960 621 999; x_wconf 90' lang='lat' dir='ltr'><strong>ipse</strong></span> <span class='ocrx_word' id='word_1_119' title='bbox 638 960 681 990; x_wconf 91' lang='lat' dir='ltr'><strong>rei</strong></span> <span class='ocrx_word' id='word_1_120' title='bbox 696 963 818 990; x_wconf 83' lang='lat' dir='ltr'><strong>conatus</strong></span> <span class='ocrx_word' id='word_1_121' title='bbox 833 960 918 990; x_wconf 87' lang='lat' dir='ltr'><strong>etiam</strong></span> <span class='ocrx_word' id='word_1_122' title='bbox 936 959 1039 999; x_wconf 91' lang='lat' dir='ltr'><strong>prohi-</strong></span> 
     </span>
    </p>
   </div>
   <div class='ocr_carea' id='block_1_23' title="bbox 217 1003 1039 1044">
    <p class='ocr_par' dir='ltr' id='par_1_23' title="bbox 217 1003 1039 1044">
     <span class='ocr_line' id='line_1_23' title="bbox 217 1003 1039 1044; baseline -0.001 -9"><span class='ocrx_word' id='word_1_123' title='bbox 217 1003 510 1044; x_wconf 82' lang='lat' dir='ltr'><strong>beatur,episcopum</strong></span> <span class='ocrx_word' id='word_1_124' title='bbox 527 1004 556 1034; x_wconf 91' lang='lat' dir='ltr'><strong>id</strong></span> <span class='ocrx_word' id='word_1_125' title='bbox 573 1013 676 1035; x_wconf 90' lang='lat' dir='ltr'><strong>ausum</strong></span> <span class='ocrx_word' id='word_1_126' title='bbox 692 1003 802 1043; x_wconf 83' lang='lat' dir='ltr'><strong>facere,</strong></span> <span class='ocrx_word' id='word_1_127' title='bbox 813 1003 904 1042; x_wconf 79' lang='lat' dir='ltr'><strong>gradu</strong></span> <span class='ocrx_word' id='word_1_128' title='bbox 918 1013 970 1034; x_wconf 88' lang='lat' dir='ltr'><strong>suo</strong></span> <span class='ocrx_word' id='word_1_129' title='bbox 985 1004 1039 1034; x_wconf 89' lang='lat' dir='ltr'><strong>de-</strong></span> 
     </span>
    </p>
   </div>
   <div class='ocr_carea' id='block_1_24' title="bbox 213 1047 1041 1088">
    <p class='ocr_par' dir='ltr' id='par_1_24' title="bbox 213 1047 1041 1088">
     <span class='ocr_line' id='line_1_24' title="bbox 213 1047 1041 1088; baseline 0 -10"><span class='ocrx_word' id='word_1_130' title='bbox 213 1048 266 1088; x_wconf 87' lang='lat' dir='ltr'><strong>jici</strong></span> <span class='ocrx_word' id='word_1_131' title='bbox 285 1059 291 1079; x_wconf 92' lang='lat'><em>:</em></span> <span class='ocrx_word' id='word_1_132' title='bbox 308 1048 420 1078; x_wconf 90' lang='lat' dir='ltr'><strong>nullum</strong></span> <span class='ocrx_word' id='word_1_133' title='bbox 439 1047 568 1088; x_wconf 87' lang='lat' dir='ltr'><strong>denique</strong></span> <span class='ocrx_word' id='word_1_134' title='bbox 584 1048 771 1088; x_wconf 81' lang='lat' dir='ltr'><strong>privilegium</strong></span> <span class='ocrx_word' id='word_1_135' title='bbox 789 1058 822 1078; x_wconf 89' lang='lat' dir='ltr'><strong>ex</strong></span> <span class='ocrx_word' id='word_1_136' title='bbox 836 1048 952 1088; x_wconf 69' lang='lat' dir='ltr'><strong>iis,qua:</strong></span> <span class='ocrx_word' id='word_1_137' title='bbox 961 1048 1041 1088; x_wconf 84' lang='lat' dir='ltr'><strong>prius</strong></span> 
     </span>
    </p>
   </div>
   <div class='ocr_carea' id='block_1_25' title="bbox 214 1092 1039 1133">
    <p class='ocr_par' dir='ltr' id='par_1_25' title="bbox 214 1092 1039 1133">
     <span class='ocr_line' id='line_1_25' title="bbox 214 1092 1039 1133; baseline -0.001 -10"><span class='ocrx_word' id='word_1_138' title='bbox 214 1093 302 1123; x_wconf 89' lang='lat' dir='ltr'><strong>alicui</strong></span> <span class='ocrx_word' id='word_1_139' title='bbox 318 1092 731 1132; x_wconf 64' lang='lat' dir='ltr'><strong>adhaeseruntepiscopatui,a</strong></span> <span class='ocrx_word' id='word_1_140' title='bbox 747 1102 892 1133; x_wconf 90' lang='lat' dir='ltr'><strong>quoquam</strong></span> <span class='ocrx_word' id='word_1_141' title='bbox 904 1092 1039 1123; x_wconf 89' lang='lat' dir='ltr'><strong>adimen-</strong></span> 
     </span>
    </p>
   </div>
   <div class='ocr_carea' id='block_1_26' title="bbox 215 1137 1042 1177">
    <p class='ocr_par' dir='ltr' id='par_1_26' title="bbox 215 1137 1042 1177">
     <span class='ocr_line' id='line_1_26' title="bbox 215 1137 1042 1177; baseline -0.001 -9"><span class='ocrx_word' id='word_1_142' title='bbox 215 1137 297 1168; x_wconf 93' lang='lat' dir='ltr'><strong>dum.</strong></span> <span class='ocrx_word' id='word_1_143' title='bbox 310 1137 393 1172; x_wconf 83' lang='lat' dir='ltr'><strong>Quod</strong></span> <span class='ocrx_word' id='word_1_144' title='bbox 408 1141 506 1167; x_wconf 85' lang='lat' dir='ltr'><strong>autem</strong></span> <span class='ocrx_word' id='word_1_145' title='bbox 531 1146 591 1167; x_wconf 89' lang='lat' dir='ltr'><strong>non</strong></span> <span class='ocrx_word' id='word_1_146' title='bbox 605 1137 647 1167; x_wconf 83' lang='lat' dir='ltr'><strong>fas</strong></span> <span class='ocrx_word' id='word_1_147' title='bbox 662 1137 701 1167; x_wconf 86' lang='lat' dir='ltr'><strong>sit</strong></span> <span class='ocrx_word' id='word_1_148' title='bbox 716 1145 761 1175; x_wconf 89' lang='lat' dir='ltr'><strong>ea,</strong></span> <span class='ocrx_word' id='word_1_149' title='bbox 778 1146 842 1177; x_wconf 64' lang='lat' dir='ltr'><strong>quae</strong></span> <span class='ocrx_word' id='word_1_150' title='bbox 857 1141 1042 1167; x_wconf 87' lang='lat' dir='ltr'><strong>concernunt</strong></span> 
     </span>
    </p>
   </div>
   <div class='ocr_carea' id='block_1_27' title="bbox 214 1182 1039 1222">
    <p class='ocr_par' dir='ltr' id='par_1_27' title="bbox 214 1182 1039 1222">
     <span class='ocr_line' id='line_1_27' title="bbox 214 1182 1039 1222; baseline 0 -10"><span class='ocrx_word' id='word_1_151' title='bbox 214 1183 380 1222; x_wconf 89' lang='lat' dir='ltr'><strong>episcopos,</strong></span> <span class='ocrx_word' id='word_1_152' title='bbox 394 1182 559 1213; x_wconf 87' lang='lat' dir='ltr'><strong>secundum</strong></span> <span class='ocrx_word' id='word_1_153' title='bbox 577 1191 692 1213; x_wconf 86' lang='lat' dir='ltr'><strong>sacram</strong></span> <span class='ocrx_word' id='word_1_154' title='bbox 709 1182 892 1212; x_wconf 86' lang='lat' dir='ltr'><strong>sanctionem</strong></span> <span class='ocrx_word' id='word_1_155' title='bbox 902 1190 1039 1222; x_wconf 79' lang='lat' dir='ltr'><strong>pragma—</strong></span> 
     </span>
    </p>
   </div>
   <div class='ocr_carea' id='block_1_28' title="bbox 216 1226 1039 1267">
    <p class='ocr_par' dir='ltr' id='par_1_28' title="bbox 216 1226 1039 1267">
     <span class='ocr_line' id='line_1_28' title="bbox 216 1226 1039 1267; baseline -0.001 -10"><span class='ocrx_word' id='word_1_156' title='bbox 216 1227 303 1258; x_wconf 85' lang='lat' dir='ltr'><strong>ticam</strong></span> <span class='ocrx_word' id='word_1_157' title='bbox 321 1227 497 1267; x_wconf 89' lang='lat' dir='ltr'><strong>procedere,</strong></span> <span class='ocrx_word' id='word_1_158' title='bbox 516 1226 568 1257; x_wconf 90' lang='lat' dir='ltr'><strong>sed</strong></span> <span class='ocrx_word' id='word_1_159' title='bbox 582 1227 665 1266; x_wconf 84' lang='lat' dir='ltr'><strong>juxta</strong></span> <span class='ocrx_word' id='word_1_160' title='bbox 690 1226 810 1258; x_wconf 87' lang='lat' dir='ltr'><strong>Patrum</strong></span> <span class='ocrx_word' id='word_1_161' title='bbox 828 1226 970 1258; x_wconf 78' lang='lat' dir='ltr'><strong>duntaxat</strong></span> <span class='ocrx_word' id='word_1_162' title='bbox 985 1226 1039 1256; x_wconf 86' lang='lat' dir='ltr'><strong>de-</strong></span> 
     </span>
    </p>
   </div>
   <div class='ocr_carea' id='block_1_29' title="bbox 214 1271 1040 1311">
    <p class='ocr_par' dir='ltr' id='par_1_29' title="bbox 214 1271 1040 1311">
     <span class='ocr_line' id='line_1_29' title="bbox 214 1271 1040 1311; baseline 0 -10"><span class='ocrx_word' id='word_1_163' title='bbox 214 1271 448 1308; x_wconf 86' lang='lat' dir='ltr'><strong>terminationes,</strong></span> <span class='ocrx_word' id='word_1_164' title='bbox 485 1280 558 1311; x_wconf 91' lang='lat' dir='ltr'><strong>quos</strong></span> <span class='ocrx_word' id='word_1_165' title='bbox 588 1275 617 1301; x_wconf 90' lang='lat' dir='ltr'><strong>et</strong></span> <span class='ocrx_word' id='word_1_166' title='bbox 648 1280 778 1301; x_wconf 89' lang='lat' dir='ltr'><strong>canones</strong></span> <span class='ocrx_word' id='word_1_167' title='bbox 806 1271 980 1301; x_wconf 81' lang='lat' dir='ltr'><strong>vocantzid</strong></span> <span class='ocrx_word' id='word_1_168' title='bbox 1005 1280 1040 1302; x_wconf 85' lang='lat' dir='ltr'><strong>ex</strong></span> 
     </span>
    </p>
   </div>
   <div class='ocr_carea' id='block_1_30' title="bbox 213 1315 1040 1355">
    <p class='ocr_par' dir='ltr' id='par_1_30' title="bbox 213 1315 1040 1355">
     <span class='ocr_line' id='line_1_30' title="bbox 213 1315 1040 1355; baseline -0.001 -9"><span class='ocrx_word' id='word_1_169' title='bbox 213 1315 482 1355; x_wconf 66' lang='lat' dir='ltr'><strong>aliasauctaehujus</strong></span> <span class='ocrx_word' id='word_1_170' title='bbox 493 1315 672 1346; x_wconf 89' lang='lat' dir='ltr'><strong>universalis</strong></span> <span class='ocrx_word' id='word_1_171' title='bbox 683 1319 794 1355; x_wconf 65' lang='lat' dir='ltr'><strong>quartae</strong></span> <span class='ocrx_word' id='word_1_172' title='bbox 806 1315 910 1355; x_wconf 79' lang='lat' dir='ltr'><strong>synodi</strong></span> <span class='ocrx_word' id='word_1_173' title='bbox 924 1315 1040 1346; x_wconf 86' lang='lat' dir='ltr'><strong>actione</strong></span> 
     </span>
    </p>
   </div>
   <div class='ocr_carea' id='block_1_31' title="bbox 214 1358 1041 1400">
    <p class='ocr_par' dir='ltr' id='par_1_31' title="bbox 214 1358 1041 1400">
     <span class='ocr_line' id='line_1_31' title="bbox 214 1358 1041 1400; baseline -0.002 -10"><span class='ocrx_word' id='word_1_174' title='bbox 214 1360 327 1400; x_wconf 88' lang='lat' dir='ltr'><strong>percipi</strong></span> <span class='ocrx_word' id='word_1_175' title='bbox 344 1360 526 1399; x_wconf 88' lang='lat' dir='ltr'><strong>potest.Nam</strong></span> <span class='ocrx_word' id='word_1_176' title='bbox 539 1369 605 1389; x_wconf 91' lang='lat' dir='ltr'><strong>cum</strong></span> <span class='ocrx_word' id='word_1_177' title='bbox 616 1359 719 1390; x_wconf 86' lang='lat' dir='ltr'><strong>civitas</strong></span> <span class='ocrx_word' id='word_1_178' title='bbox 728 1359 852 1399; x_wconf 81' lang='lat' dir='ltr'><strong>Berytus</strong></span> <span class='ocrx_word' id='word_1_179' title='bbox 869 1358 1041 1398; x_wconf 90' lang='lat' dir='ltr'><strong>metropoli-</strong></span> 
     </span>
    </p>
   </div>
   <div class='ocr_carea' id='block_1_32' title="bbox 212 1402 1040 1443">
    <p class='ocr_par' dir='ltr' id='par_1_32' title="bbox 212 1402 1040 1443">
     <span class='ocr_line' id='line_1_32' title="bbox 212 1402 1040 1443; baseline -0.001 -9"><span class='ocrx_word' id='word_1_180' title='bbox 212 1404 303 1434; x_wconf 86' lang='lat' dir='ltr'><strong>ticum</strong></span> <span class='ocrx_word' id='word_1_181' title='bbox 330 1407 380 1443; x_wconf 79' lang='lat' dir='ltr'><strong>jus</strong></span> <span class='ocrx_word' id='word_1_182' title='bbox 406 1403 595 1443; x_wconf 87' lang='lat' dir='ltr'><strong>impetrasset</strong></span> <span class='ocrx_word' id='word_1_183' title='bbox 621 1403 657 1434; x_wconf 86' lang='lat' dir='ltr'><strong>ab</strong></span> <span class='ocrx_word' id='word_1_184' title='bbox 685 1413 719 1433; x_wconf 90' lang='lat' dir='ltr'><strong>eo</strong></span> <span class='ocrx_word' id='word_1_185' title='bbox 757 1403 925 1434; x_wconf 88' lang='lat' dir='ltr'><strong>Theodosio</strong></span> <span class='ocrx_word' id='word_1_186' title='bbox 956 1402 1040 1442; x_wconf 85' lang='lat' dir='ltr'><strong>prin-</strong></span> 
     </span>
    </p>
   </div>
   <div class='ocr_carea' id='block_1_33' title="bbox 212 1447 1042 1487">
    <p class='ocr_par' dir='ltr' id='par_1_33' title="bbox 212 1447 1042 1487">
     <span class='ocr_line' id='line_1_33' title="bbox 212 1447 1042 1487; baseline -0.002 -9"><span class='ocrx_word' id='word_1_187' title='bbox 212 1447 278 1487; x_wconf 86' lang='lat' dir='ltr'><strong>cipe</strong></span> <span class='ocrx_word' id='word_1_188' title='bbox 291 1447 341 1487; x_wconf 72' lang='grc'><strong>(24</strong></span> <span class='ocrx_word' id='word_1_189' title='bbox 356 1447 476 1487; x_wconf 67' lang='grc' dir='ltr'><strong>(25),ηυί</strong></span> <span class='ocrx_word' id='word_1_190' title='bbox 488 1447 522 1477; x_wconf 86' lang='lat' dir='ltr'><strong>ad</strong></span> <span class='ocrx_word' id='word_1_191' title='bbox 541 1447 703 1478; x_wconf 88' lang='lat' dir='ltr'><strong>discrimen</strong></span> <span class='ocrx_word' id='word_1_192' title='bbox 716 1447 796 1477; x_wconf 91' lang='lat' dir='ltr'><strong>illius</strong></span> <span class='ocrx_word' id='word_1_193' title='bbox 806 1447 1042 1486; x_wconf 85' lang='lat' dir='ltr'><strong>majoris,minor</strong></span> 
     </span>
    </p>
   </div>
   <div class='ocr_carea' id='block_1_34' title="bbox 1087 245 1878 287">
    <p class='ocr_par' dir='ltr' id='par_1_34' title="bbox 1087 245 1878 287">
     <span class='ocr_line' id='line_1_34' title="bbox 1087 245 1878 287; baseline 0 -12"><span class='ocrx_word' id='word_1_194' title='bbox 1087 259 1100 274; x_wconf 73' lang='grc' dir='ltr'><strong>α</strong></span> <span class='ocrx_word' id='word_1_195' title='bbox 1124 247 1280 287; x_wconf 66' lang='grc' dir='ltr'>ἐπιτροπῆς,</span> <span class='ocrx_word' id='word_1_196' title='bbox 1303 247 1396 285; x_wconf 74' lang='grc' dir='ltr'>ἀτιμοῖ</span> <span class='ocrx_word' id='word_1_197' title='bbox 1411 248 1454 276; x_wconf 83' lang='grc' dir='ltr'><strong>καὶ</strong></span> <span class='ocrx_word' id='word_1_198' title='bbox 1468 246 1576 284; x_wconf 74' lang='grc' dir='ltr'>δημεύει</span> <span class='ocrx_word' id='word_1_199' title='bbox 1597 247 1614 281; x_wconf 81' lang='grc' dir='ltr'><strong>ἡ</strong></span> <span class='ocrx_word' id='word_1_200' title='bbox 1631 245 1752 284; x_wconf 80' lang='grc' dir='ltr'>διάταξις,</span> <span class='ocrx_word' id='word_1_201' title='bbox 1774 246 1878 286; x_wconf 71' lang='grc' dir='ltr'>ἂκυροῦσα</span> 
     </span>
    </p>
   </div>
   <div class='ocr_carea' id='block_1_35' title="bbox 1087 292 1443 332">
    <p class='ocr_par' dir='ltr' id='par_1_35' title="bbox 1087 292 1443 332">
     <span class='ocr_line' id='line_1_35' title="bbox 1087 292 1443 332; baseline 0.006 -14"><span class='ocrx_word' id='word_1_202' title='bbox 1087 303 1100 318; x_wconf 77' lang='grc' dir='ltr'><strong>α</strong></span> <span class='ocrx_word' id='word_1_203' title='bbox 1123 293 1167 320; x_wconf 79' lang='grc' dir='ltr'>καὶ</span> <span class='ocrx_word' id='word_1_204' title='bbox 1181 292 1231 326; x_wconf 81' lang='grc' dir='ltr'>τὴν</span> <span class='ocrx_word' id='word_1_205' title='bbox 1245 292 1410 332; x_wconf 82' lang='grc' dir='ltr'>ἐγχείρησιν,</span> <span class='ocrx_word' id='word_1_206' title='bbox 1429 303 1443 319; x_wconf 76' lang='lat' dir='ltr'><strong>n</strong></span> 
     </span>
    </p>
   </div>
   <div class='ocr_carea' id='block_1_36' title="bbox 1126 375 1879 420">
    <p class='ocr_par' dir='ltr' id='par_1_36' title="bbox 1126 375 1879 420">
     <span class='ocr_line' id='line_1_36' title="bbox 1126 375 1879 420; baseline 0 -12"><span class='ocrx_word' id='word_1_207' title='bbox 1126 375 1274 420; x_wconf 67' lang='grc' dir='ltr'>’Υπεξαιρετ</span> <span class='ocrx_word' id='word_1_208' title='bbox 1288 380 1315 408; x_wconf 72' lang='grc' dir='ltr'><strong>δὲ</strong></span> <span class='ocrx_word' id='word_1_209' title='bbox 1330 382 1373 409; x_wconf 84' lang='grc' dir='ltr'><strong>καὶ</strong></span> <span class='ocrx_word' id='word_1_210' title='bbox 1387 381 1434 413; x_wconf 81' lang='grc' dir='ltr'><strong>τὰς</strong></span> <span class='ocrx_word' id='word_1_211' title='bbox 1456 381 1482 409; x_wconf 83' lang='grc' dir='ltr'>ὲν</span> <span class='ocrx_word' id='word_1_212' title='bbox 1505 381 1600 417; x_wconf 75' lang='grc' dir='ltr'>Σκυθίᾳ</span> <span class='ocrx_word' id='word_1_213' title='bbox 1614 380 1753 420; x_wconf 76' lang='grc' dir='ltr'>ἐπαρχίας,</span> <span class='ocrx_word' id='word_1_214' title='bbox 1767 381 1806 408; x_wconf 75' lang='grc' dir='ltr'>καὶ</span> <span class='ocrx_word' id='word_1_215' title='bbox 1819 383 1879 408; x_wconf 77' lang='grc' dir='ltr'>Λεον-</span> 
     </span>
    </p>
   </div>
   <div class='ocr_carea' id='block_1_37' title="bbox 1084 421 1879 465">
    <p class='ocr_par' dir='ltr' id='par_1_37' title="bbox 1084 421 1879 465">
     <span class='ocr_line' id='line_1_37' title="bbox 1084 421 1879 465; baseline 0 -13"><span class='ocrx_word' id='word_1_216' title='bbox 1084 424 1192 452; x_wconf 88' lang='grc' dir='ltr'>τόπολιν</span> <span class='ocrx_word' id='word_1_217' title='bbox 1208 427 1257 459; x_wconf 77' lang='grc' dir='ltr'><strong>τῆς</strong></span> <span class='ocrx_word' id='word_1_218' title='bbox 1273 425 1410 465; x_wconf 76' lang='grc' dir='ltr'>Ἰσαυρίας,</span> <span class='ocrx_word' id='word_1_219' title='bbox 1430 421 1511 455; x_wconf 80' lang='grc' dir='ltr'><strong>ἸΕστι</strong></span> <span class='ocrx_word' id='word_1_220' title='bbox 1526 425 1611 458; x_wconf 64' lang='grc' dir='ltr'>δὲκαὶ</span> <span class='ocrx_word' id='word_1_221' title='bbox 1623 425 1709 464; x_wconf 76' lang='grc' dir='ltr'>ἕτερος</span> <span class='ocrx_word' id='word_1_222' title='bbox 1731 425 1813 463; x_wconf 83' lang='grc' dir='ltr'><strong>νόμος⁷</strong></span> <span class='ocrx_word' id='word_1_223' title='bbox 1828 423 1879 452; x_wconf 52' lang='grc' dir='ltr'>οὕτω</span> 
     </span>
    </p>
   </div>
   <div class='ocr_carea' id='block_1_38' title="bbox 1084 467 1210 501">
    <p class='ocr_par' dir='ltr' id='par_1_38' title="bbox 1084 467 1210 501">
     <span class='ocr_line' id='line_1_38' title="bbox 1084 467 1210 501; baseline 0.008 -5"><span class='ocrx_word' id='word_1_224' title='bbox 1084 467 1184 501; x_wconf 78' lang='grc' dir='ltr'>διεξιών</span> <span class='ocrx_word' id='word_1_225' title='bbox 1203 478 1210 486; x_wconf 91' lang='grc'><strong>·</strong></span> 
     </span>
    </p>
   </div>
   <div class='ocr_carea' id='block_1_39' title="bbox 1128 512 1877 552">
    <p class='ocr_par' dir='ltr' id='par_1_39' title="bbox 1128 512 1877 552">
     <span class='ocr_line' id='line_1_39' title="bbox 1128 512 1877 552; baseline 0.003 -12"><span class='ocrx_word' id='word_1_226' title='bbox 1128 523 1139 540; x_wconf 77' lang='grc' dir='ltr'><strong>α</strong></span> <span class='ocrx_word' id='word_1_227' title='bbox 1158 512 1323 542; x_wconf 80' lang='grc' dir='ltr'>Βεϐαιούσθω</span> <span class='ocrx_word' id='word_1_228' title='bbox 1336 514 1370 542; x_wconf 75' lang='grc' dir='ltr'><strong>τὰ</strong></span> <span class='ocrx_word' id='word_1_229' title='bbox 1390 513 1596 548; x_wconf 78' lang='grc' dir='ltr'>ἒκκλησιαστικὰ</span> <span class='ocrx_word' id='word_1_230' title='bbox 1618 513 1703 542; x_wconf 80' lang='grc' dir='ltr'>πάντα</span> <span class='ocrx_word' id='word_1_231' title='bbox 1729 513 1853 552; x_wconf 84' lang='grc' dir='ltr'>προνόμια.</span> <span class='ocrx_word' id='word_1_232' title='bbox 1868 525 1877 542; x_wconf 77' lang='grc' dir='ltr'>ι</span> 
     </span>
    </p>
   </div>
   <div class='ocr_carea' id='block_1_40' title="bbox 1125 557 1376 590">
    <p class='ocr_par' dir='ltr' id='par_1_40' title="bbox 1125 557 1376 590">
     <span class='ocr_line' id='line_1_40' title="bbox 1125 557 1376 590; baseline 0.004 -4"><span class='ocrx_word' id='word_1_233' title='bbox 1125 558 1174 586; x_wconf 82' lang='grc' dir='ltr'>Καὶ</span> <span class='ocrx_word' id='word_1_234' title='bbox 1188 557 1268 586; x_wconf 86' lang='grc' dir='ltr'>πάλιν</span> <span class='ocrx_word' id='word_1_235' title='bbox 1283 558 1376 590; x_wconf 74' lang='grc' dir='ltr'>ἄλλος.</span> 
     </span>
    </p>
   </div>
   <div class='ocr_carea' id='block_1_41' title="bbox 1127 602 1879 642">
    <p class='ocr_par' dir='ltr' id='par_1_41' title="bbox 1127 602 1879 642">
     <span class='ocr_line' id='line_1_41' title="bbox 1127 602 1879 642; baseline 0.001 -13"><span class='ocrx_word' id='word_1_236' title='bbox 1127 614 1140 629; x_wconf 77' lang='grc' dir='ltr'>σι</span> <span class='ocrx_word' id='word_1_237' title='bbox 1159 602 1222 635; x_wconf 84' lang='grc' dir='ltr'>Τοὺς</span> <span class='ocrx_word' id='word_1_238' title='bbox 1237 603 1319 635; x_wconf 84' lang='grc' dir='ltr'>θείους</span> <span class='ocrx_word' id='word_1_239' title='bbox 1333 604 1444 636; x_wconf 86' lang='grc' dir='ltr'>κανόνας</span> <span class='ocrx_word' id='word_1_240' title='bbox 1456 605 1503 632; x_wconf 74' lang='grc' dir='ltr'><strong>οὒκ</strong></span> <span class='ocrx_word' id='word_1_241' title='bbox 1513 603 1621 632; x_wconf 72' lang='grc' dir='ltr'>ἔλαττον</span> <span class='ocrx_word' id='word_1_242' title='bbox 1629 606 1682 631; x_wconf 81' lang='grc' dir='ltr'>τῶν</span> <span class='ocrx_word' id='word_1_243' title='bbox 1693 602 1778 641; x_wconf 85' lang='grc' dir='ltr'>νόμων</span> <span class='ocrx_word' id='word_1_244' title='bbox 1787 603 1879 642; x_wconf 76' lang='grc' dir='ltr'>ἰσχύειν,</span> 
     </span>
    </p>
   </div>
   <div class='ocr_carea' id='block_1_42' title="bbox 1087 647 1880 688">
    <p class='ocr_par' dir='ltr' id='par_1_42' title="bbox 1087 647 1880 688">
     <span class='ocr_line' id='line_1_42' title="bbox 1087 647 1880 688; baseline -0.003 -11"><span class='ocrx_word' id='word_1_245' title='bbox 1087 657 1102 677; x_wconf 81' lang='grc'><strong>(</strong></span> <span class='ocrx_word' id='word_1_246' title='bbox 1123 649 1146 676; x_wconf 84' lang='grc' dir='ltr'>οἱ</span> <span class='ocrx_word' id='word_1_247' title='bbox 1168 647 1243 684; x_wconf 85' lang='grc' dir='ltr'>νόμοι</span> <span class='ocrx_word' id='word_1_248' title='bbox 1257 648 1407 686; x_wconf 82' lang='grc' dir='ltr'>βούλονται,</span> <span class='ocrx_word' id='word_1_249' title='bbox 1432 650 1480 678; x_wconf 78' lang='grc' dir='ltr'><strong>Καὶ</strong></span> <span class='ocrx_word' id='word_1_250' title='bbox 1508 648 1572 688; x_wconf 81' lang='grc' dir='ltr'>ὅπερ</span> <span class='ocrx_word' id='word_1_251' title='bbox 1593 651 1616 676; x_wconf 89' lang='grc' dir='ltr'>οἱ</span> <span class='ocrx_word' id='word_1_252' title='bbox 1639 648 1747 679; x_wconf 83' lang='grc' dir='ltr'>κανόνες</span> <span class='ocrx_word' id='word_1_253' title='bbox 1760 647 1880 683; x_wconf 73' lang='grc' dir='ltr'>κωλύουσι,</span> 
     </span>
    </p>
   </div>
   <div class='ocr_carea' id='block_1_43' title="bbox 1085 692 1442 730">
    <p class='ocr_par' dir='ltr' id='par_1_43' title="bbox 1085 692 1442 730">
     <span class='ocr_line' id='line_1_43' title="bbox 1085 692 1442 730; baseline 0.008 -11"><span class='ocrx_word' id='word_1_254' title='bbox 1085 702 1099 720; x_wconf 70' lang='grc' dir='ltr'>ι</span> <span class='ocrx_word' id='word_1_255' title='bbox 1123 692 1200 720; x_wconf 73' lang='grc' dir='ltr'>τοῦτο</span> <span class='ocrx_word' id='word_1_256' title='bbox 1215 693 1258 720; x_wconf 85' lang='grc' dir='ltr'><strong>καὶ</strong></span> <span class='ocrx_word' id='word_1_257' title='bbox 1275 694 1298 721; x_wconf 84' lang='grc' dir='ltr'>οἱ</span> <span class='ocrx_word' id='word_1_258' title='bbox 1320 693 1408 730; x_wconf 86' lang='grc' dir='ltr'>νόμοι.</span> <span class='ocrx_word' id='word_1_259' title='bbox 1430 704 1442 722; x_wconf 73' lang='grc' dir='ltr'><strong>ν</strong></span> 
     </span>
    </p>
   </div>
   <div class='ocr_carea' id='block_1_44' title="bbox 1123 735 1882 778">
    <p class='ocr_par' dir='ltr' id='par_1_44' title="bbox 1123 735 1882 778">
     <span class='ocr_line' id='line_1_44' title="bbox 1123 735 1882 778; baseline -0.003 -12"><span class='ocrx_word' id='word_1_260' title='bbox 1123 737 1172 766; x_wconf 81' lang='grc' dir='ltr'>Καὶ</span> <span class='ocrx_word' id='word_1_261' title='bbox 1198 741 1279 766; x_wconf 78' lang='grc' dir='ltr'>ταῦτα</span> <span class='ocrx_word' id='word_1_262' title='bbox 1308 749 1355 775; x_wconf 82' lang='grc' dir='ltr'><strong>μεν</strong></span> <span class='ocrx_word' id='word_1_263' title='bbox 1385 738 1494 778; x_wconf 79' lang='grc' dir='ltr'><strong>ἀπόχρη</strong></span> <span class='ocrx_word' id='word_1_264' title='bbox 1522 739 1588 778; x_wconf 78' lang='grc' dir='ltr'>πρὸς</span> <span class='ocrx_word' id='word_1_265' title='bbox 1614 739 1644 766; x_wconf 82' lang='grc' dir='ltr'>τὸ</span> <span class='ocrx_word' id='word_1_266' title='bbox 1673 736 1768 774; x_wconf 79' lang='grc' dir='ltr'>δεῖξαι,</span> <span class='ocrx_word' id='word_1_267' title='bbox 1799 737 1825 765; x_wconf 75' lang='grc' dir='ltr'><strong>οὐ</strong></span> <span class='ocrx_word' id='word_1_268' title='bbox 1849 735 1882 764; x_wconf 64' lang='grc' dir='ltr'>ὂᾶο</span> 
     </span>
    </p>
   </div>
   <div class='ocr_carea' id='block_1_45' title="bbox 1083 780 1881 822">
    <p class='ocr_par' dir='ltr' id='par_1_45' title="bbox 1083 780 1881 822">
     <span class='ocr_line' id='line_1_45' title="bbox 1083 780 1881 822; baseline 0.001 -14"><span class='ocrx_word' id='word_1_269' title='bbox 1083 780 1279 820; x_wconf 79' lang='grc' dir='ltr'>μητροπολίτας</span> <span class='ocrx_word' id='word_1_270' title='bbox 1303 782 1373 810; x_wconf 75' lang='grc' dir='ltr'>εἶναι</span> <span class='ocrx_word' id='word_1_271' title='bbox 1402 783 1430 810; x_wconf 84' lang='grc' dir='ltr'>ὲν</span> <span class='ocrx_word' id='word_1_272' title='bbox 1458 785 1507 820; x_wconf 82' lang='grc' dir='ltr'><strong>μιᾷ</strong></span> <span class='ocrx_word' id='word_1_273' title='bbox 1532 782 1660 822; x_wconf 63' lang='grc' dir='ltr'>ἐπαρχίᾳ,</span> <span class='ocrx_word' id='word_1_274' title='bbox 1693 781 1761 810; x_wconf 75' lang='grc' dir='ltr'>ἀλλὰ</span> <span class='ocrx_word' id='word_1_275' title='bbox 1786 782 1826 809; x_wconf 83' lang='grc' dir='ltr'><strong>τὸν</strong></span> 
     </span>
    </p>
   </div>
   <div class='ocr_carea' id='block_1_46' title="bbox 1083 825 1883 866">
    <p class='ocr_par' dir='ltr' id='par_1_46' title="bbox 1083 825 1883 866">
     <span class='ocr_line' id='line_1_46' title="bbox 1083 825 1883 866; baseline 0 -14"><span class='ocrx_word' id='word_1_276' title='bbox 1083 825 1234 864; x_wconf 73' lang='grc' dir='ltr'>γαιότερον,</span> <span class='ocrx_word' id='word_1_277' title='bbox 1253 827 1301 854; x_wconf 81' lang='grc' dir='ltr'><strong>Καὶ</strong></span> <span class='ocrx_word' id='word_1_278' title='bbox 1316 827 1357 862; x_wconf 68' lang='grc' dir='ltr'>τὸ,</span> <span class='ocrx_word' id='word_1_279' title='bbox 1374 827 1433 859; x_wconf 80' lang='grc' dir='ltr'>τοὺς</span> <span class='ocrx_word' id='word_1_280' title='bbox 1448 827 1595 866; x_wconf 71' lang='grc' dir='ltr'>φθάσαντας</span> <span class='ocrx_word' id='word_1_281' title='bbox 1624 826 1754 866; x_wconf 53' lang='grc' dir='ltr'>ῃνὰτθαι,</span> <span class='ocrx_word' id='word_1_282' title='bbox 1778 829 1809 864; x_wconf 76' lang='grc' dir='ltr'><strong>τῇ</strong></span> <span class='ocrx_word' id='word_1_283' title='bbox 1832 828 1883 863; x_wconf 73' lang='grc' dir='ltr'><strong>τιμῇ</strong></span> 
     </span>
    </p>
   </div>
   <div class='ocr_carea' id='block_1_47' title="bbox 1084 868 1883 911">
    <p class='ocr_par' dir='ltr' id='par_1_47' title="bbox 1084 868 1883 911">
     <span class='ocr_line' id='line_1_47' title="bbox 1084 868 1883 911; baseline 0 -15"><span class='ocrx_word' id='word_1_284' title='bbox 1084 869 1164 906; x_wconf 71' lang='grc' dir='ltr'>μόνον</span> <span class='ocrx_word' id='word_1_285' title='bbox 1177 872 1230 897; x_wconf 83' lang='grc' dir='ltr'>τῶν</span> <span class='ocrx_word' id='word_1_286' title='bbox 1245 868 1331 898; x_wconf 80' lang='grc' dir='ltr'>ἄλλων</span> <span class='ocrx_word' id='word_1_287' title='bbox 1346 871 1497 899; x_wconf 79' lang='grc' dir='ltr'>ἐπισκόπων</span> <span class='ocrx_word' id='word_1_288' title='bbox 1525 871 1663 911; x_wconf 72' lang='grc' dir='ltr'><strong>ὑπερέχειν</strong></span> <span class='ocrx_word' id='word_1_289' title='bbox 1681 879 1688 887; x_wconf 86' lang='grc'>⁶</span> <span class='ocrx_word' id='word_1_290' title='bbox 1719 869 1883 908; x_wconf 71' lang='grc' dir='ltr'><strong>ὑποκειμένους</strong></span> 
     </span>
    </p>
   </div>
   <div class='ocr_carea' id='block_1_48' title="bbox 1083 913 1884 955">
    <p class='ocr_par' dir='ltr' id='par_1_48' title="bbox 1083 913 1884 955">
     <span class='ocr_line' id='line_1_48' title="bbox 1083 913 1884 955; baseline 0 -14"><span class='ocrx_word' id='word_1_291' title='bbox 1083 913 1203 952; x_wconf 79' lang='grc' dir='ltr'><strong>μέντοιγε</strong></span> <span class='ocrx_word' id='word_1_292' title='bbox 1225 917 1263 951; x_wconf 87' lang='grc' dir='ltr'>τῷ</span> <span class='ocrx_word' id='word_1_293' title='bbox 1289 916 1356 944; x_wconf 82' lang='grc' dir='ltr'>κατὰ</span> <span class='ocrx_word' id='word_1_294' title='bbox 1376 915 1501 950; x_wconf 75' lang='grc' dir='ltr'>ἀλήθειαν</span> <span class='ocrx_word' id='word_1_295' title='bbox 1523 915 1706 955; x_wconf 77' lang='grc' dir='ltr'>μητροπολίτῃ</span> <span class='ocrx_word' id='word_1_296' title='bbox 1725 925 1732 932; x_wconf 90' lang='grc'><strong>·</strong></span> <span class='ocrx_word' id='word_1_297' title='bbox 1756 916 1790 946; x_wconf 74' lang='grc' dir='ltr'>εἰς</span> <span class='ocrx_word' id='word_1_298' title='bbox 1809 914 1884 946; x_wconf 77' lang='grc' dir='ltr'>τοεξῆς</span> 
     </span>
    </p>
   </div>
   <div class='ocr_carea' id='block_1_49' title="bbox 1083 957 1883 1000">
    <p class='ocr_par' dir='ltr' id='par_1_49' title="bbox 1083 957 1883 1000">
     <span class='ocr_line' id='line_1_49' title="bbox 1083 957 1883 1000; baseline 0 -15"><span class='ocrx_word' id='word_1_299' title='bbox 1083 957 1109 985; x_wconf 78' lang='grc' dir='ltr'><strong>δὲ</strong></span> <span class='ocrx_word' id='word_1_300' title='bbox 1125 959 1168 986; x_wconf 83' lang='grc' dir='ltr'>καὶ</span> <span class='ocrx_word' id='word_1_301' title='bbox 1183 959 1264 993; x_wconf 71' lang='grc' dir='ltr'>αὖτῆς</span> <span class='ocrx_word' id='word_1_302' title='bbox 1288 962 1338 992; x_wconf 81' lang='grc' dir='ltr'><strong>τῆς</strong></span> <span class='ocrx_word' id='word_1_303' title='bbox 1368 960 1549 1000; x_wconf 77' lang='grc' dir='ltr'><strong>ἐγχειρήσεως</strong></span> <span class='ocrx_word' id='word_1_304' title='bbox 1578 959 1759 998; x_wconf 80' lang='grc' dir='ltr'>κωλυομένης,</span> <span class='ocrx_word' id='word_1_305' title='bbox 1787 960 1827 987; x_wconf 76' lang='grc' dir='ltr'><strong>καὶ</strong></span> <span class='ocrx_word' id='word_1_306' title='bbox 1850 960 1883 986; x_wconf 73' lang='grc' dir='ltr'>τὸν</span> 
     </span>
    </p>
   </div>
   <div class='ocr_carea' id='block_1_50' title="bbox 1081 1002 1884 1041">
    <p class='ocr_par' dir='ltr' id='par_1_50' title="bbox 1081 1002 1884 1041">
     <span class='ocr_line' id='line_1_50' title="bbox 1081 1002 1884 1041; baseline 0.001 -11"><span class='ocrx_word' id='word_1_307' title='bbox 1081 1008 1159 1032; x_wconf 76' lang='grc' dir='ltr'>τοῦτο</span> <span class='ocrx_word' id='word_1_308' title='bbox 1206 1002 1377 1041; x_wconf 73' lang='grc' dir='ltr'>τολμήσαντα</span> <span class='ocrx_word' id='word_1_309' title='bbox 1417 1006 1528 1038; x_wconf 82' lang='grc' dir='ltr'>ποιῆσαι</span> <span class='ocrx_word' id='word_1_310' title='bbox 1572 1004 1726 1041; x_wconf 71' lang='grc' dir='ltr'>ἐπίσκοπον,</span> <span class='ocrx_word' id='word_1_311' title='bbox 1775 1003 1884 1032; x_wconf 76' lang='grc' dir='ltr'>ἔκπτωσιν</span> 
     </span>
    </p>
   </div>
   <div class='ocr_carea' id='block_1_51' title="bbox 1082 1048 1884 1088">
    <p class='ocr_par' dir='ltr' id='par_1_51' title="bbox 1082 1048 1884 1088">
     <span class='ocr_line' id='line_1_51' title="bbox 1082 1048 1884 1088; baseline 0 -13"><span class='ocrx_word' id='word_1_312' title='bbox 1082 1048 1196 1088; x_wconf 77' lang='grc' dir='ltr'>πάσχειν</span> <span class='ocrx_word' id='word_1_313' title='bbox 1218 1048 1264 1075; x_wconf 76' lang='grc' dir='ltr'>τοῦ</span> <span class='ocrx_word' id='word_1_314' title='bbox 1279 1049 1376 1078; x_wconf 75' lang='grc' dir='ltr'>οἰκείου</span> <span class='ocrx_word' id='word_1_315' title='bbox 1396 1050 1498 1088; x_wconf 80' lang='grc' dir='ltr'>βαθμοῦ</span> <span class='ocrx_word' id='word_1_316' title='bbox 1516 1059 1523 1066; x_wconf 75' lang='grc'><strong><em>⁸</em></strong></span> <span class='ocrx_word' id='word_1_317' title='bbox 1551 1050 1640 1078; x_wconf 81' lang='grc' dir='ltr'>καὶτὸ</span> <span class='ocrx_word' id='word_1_318' title='bbox 1662 1048 1746 1087; x_wconf 80' lang='grc' dir='ltr'>μηδὲν</span> <span class='ocrx_word' id='word_1_319' title='bbox 1772 1051 1818 1077; x_wconf 83' lang='grc' dir='ltr'>τῶν</span> <span class='ocrx_word' id='word_1_320' title='bbox 1830 1050 1884 1088; x_wconf 70' lang='grc' dir='ltr'><strong>φθι-</strong></span> 
     </span>
    </p>
   </div>
   <div class='ocr_carea' id='block_1_52' title="bbox 1082 1093 1882 1134">
    <p class='ocr_par' dir='ltr' id='par_1_52' title="bbox 1082 1093 1882 1134">
     <span class='ocr_line' id='line_1_52' title="bbox 1082 1093 1882 1134; baseline 0 -14"><span class='ocrx_word' id='word_1_321' title='bbox 1082 1093 1183 1121; x_wconf 75' lang='grc' dir='ltr'>σάντων</span> <span class='ocrx_word' id='word_1_322' title='bbox 1234 1096 1419 1132; x_wconf 78' lang='grc' dir='ltr'>προσ-παγῆναι</span> <span class='ocrx_word' id='word_1_323' title='bbox 1470 1094 1603 1132; x_wconf 72' lang='grc' dir='ltr'>ἐπισκοπῇ</span> <span class='ocrx_word' id='word_1_324' title='bbox 1650 1106 1701 1123; x_wconf 89' lang='grc' dir='ltr'>τινι</span> <span class='ocrx_word' id='word_1_325' title='bbox 1744 1093 1882 1134; x_wconf 78' lang='grc' dir='ltr'>προνομίων,</span> 
     </span>
    </p>
   </div>
   <div class='ocr_carea' id='block_1_53' title="bbox 1082 1136 1882 1177">
    <p class='ocr_par' dir='ltr' id='par_1_53' title="bbox 1082 1136 1882 1177">
     <span class='ocr_line' id='line_1_53' title="bbox 1082 1136 1882 1177; baseline 0 -13"><span class='ocrx_word' id='word_1_326' title='bbox 1082 1136 1248 1176; x_wconf 68' lang='grc' dir='ltr'>ἀφαιρεῖσθαι</span> <span class='ocrx_word' id='word_1_327' title='bbox 1270 1136 1331 1177; x_wconf 82' lang='grc' dir='ltr'>παρ’</span> <span class='ocrx_word' id='word_1_328' title='bbox 1360 1137 1530 1173; x_wconf 76' lang='grc' dir='ltr'>οἱουδήτινος.</span> <span class='ocrx_word' id='word_1_329' title='bbox 1554 1138 1614 1167; x_wconf 70' lang='lat' dir='ltr'><strong>&quot;Ott</strong></span> <span class='ocrx_word' id='word_1_330' title='bbox 1646 1138 1673 1166; x_wconf 81' lang='grc' dir='ltr'><strong>δὲ</strong></span> <span class='ocrx_word' id='word_1_331' title='bbox 1695 1142 1726 1169; x_wconf 71' lang='grc' dir='ltr'>οὗ</span> <span class='ocrx_word' id='word_1_332' title='bbox 1753 1139 1816 1166; x_wconf 79' lang='grc' dir='ltr'>κατᾶ</span> <span class='ocrx_word' id='word_1_333' title='bbox 1827 1149 1882 1176; x_wconf 73' lang='grc' dir='ltr'>πρα-</span> 
     </span>
    </p>
   </div>
   <div class='ocr_carea' id='block_1_54' title="bbox 1081 1181 1884 1220">
    <p class='ocr_par' dir='ltr' id='par_1_54' title="bbox 1081 1181 1884 1220">
     <span class='ocr_line' id='line_1_54' title="bbox 1081 1181 1884 1220; baseline 0.002 -12"><span class='ocrx_word' id='word_1_334' title='bbox 1081 1182 1210 1220; x_wconf 79' lang='grc' dir='ltr'>γματικὸν</span> <span class='ocrx_word' id='word_1_335' title='bbox 1227 1183 1300 1210; x_wconf 74' lang='grc' dir='ltr'>θετον</span> <span class='ocrx_word' id='word_1_336' title='bbox 1314 1181 1397 1215; x_wconf 73' lang='grc' dir='ltr'>ἔξεστι</span> <span class='ocrx_word' id='word_1_337' title='bbox 1412 1183 1492 1211; x_wconf 84' lang='grc' dir='ltr'>τύπον</span> <span class='ocrx_word' id='word_1_338' title='bbox 1515 1183 1547 1211; x_wconf 82' lang='grc' dir='ltr'><strong>τὰ</strong></span> <span class='ocrx_word' id='word_1_339' title='bbox 1573 1187 1626 1212; x_wconf 84' lang='grc' dir='ltr'>τῶν</span> <span class='ocrx_word' id='word_1_340' title='bbox 1654 1183 1805 1212; x_wconf 72' lang='grc' dir='ltr'>ἐπισκόπων</span> <span class='ocrx_word' id='word_1_341' title='bbox 1829 1193 1884 1220; x_wconf 81' lang='grc' dir='ltr'>προ-</span> 
     </span>
    </p>
   </div>
   <div class='ocr_carea' id='block_1_55' title="bbox 1081 1223 1884 1268">
    <p class='ocr_par' dir='ltr' id='par_1_55' title="bbox 1081 1223 1884 1268">
     <span class='ocr_line' id='line_1_55' title="bbox 1081 1223 1884 1268; baseline 0.004 -15"><span class='ocrx_word' id='word_1_342' title='bbox 1081 1223 1190 1262; x_wconf 73' lang='grc' dir='ltr'>ϐαίνειν,</span> <span class='ocrx_word' id='word_1_343' title='bbox 1219 1227 1287 1255; x_wconf 80' lang='grc' dir='ltr'>κατὰ</span> <span class='ocrx_word' id='word_1_344' title='bbox 1314 1228 1409 1264; x_wconf 79' lang='grc' dir='ltr'>μόνους</span> <span class='ocrx_word' id='word_1_345' title='bbox 1431 1227 1457 1255; x_wconf 79' lang='grc' dir='ltr'><strong>δὲ</strong></span> <span class='ocrx_word' id='word_1_346' title='bbox 1485 1229 1545 1260; x_wconf 82' lang='grc' dir='ltr'>τοὺς</span> <span class='ocrx_word' id='word_1_347' title='bbox 1568 1229 1714 1267; x_wconf 80' lang='grc' dir='ltr'>Πατρικοὺς</span> <span class='ocrx_word' id='word_1_348' title='bbox 1743 1227 1823 1268; x_wconf 82' lang='grc' dir='ltr'>ὅρους,</span> <span class='ocrx_word' id='word_1_349' title='bbox 1837 1227 1884 1256; x_wconf 74' lang='grc' dir='ltr'>τούς</span> 
     </span>
    </p>
   </div>
   <div class='ocr_carea' id='block_1_56' title="bbox 1081 1271 1884 1312">
    <p class='ocr_par' dir='ltr' id='par_1_56' title="bbox 1081 1271 1884 1312">
     <span class='ocr_line' id='line_1_56' title="bbox 1081 1271 1884 1312; baseline 0.005 -14"><span class='ocrx_word' id='word_1_350' title='bbox 1081 1271 1124 1298; x_wconf 85' lang='grc' dir='ltr'><strong>καὶ</strong></span> <span class='ocrx_word' id='word_1_351' title='bbox 1145 1272 1270 1311; x_wconf 84' lang='grc' dir='ltr'>κανόνας,</span> <span class='ocrx_word' id='word_1_352' title='bbox 1286 1271 1311 1304; x_wconf 78' lang='grc' dir='ltr'>ἐξ</span> <span class='ocrx_word' id='word_1_353' title='bbox 1340 1271 1428 1311; x_wconf 67' lang='grc' dir='ltr'>ἑιέρας</span> <span class='ocrx_word' id='word_1_354' title='bbox 1456 1272 1574 1312; x_wconf 78' lang='grc' dir='ltr'>πράξεως</span> <span class='ocrx_word' id='word_1_355' title='bbox 1596 1275 1645 1306; x_wconf 77' lang='grc' dir='ltr'>τῆς</span> <span class='ocrx_word' id='word_1_356' title='bbox 1675 1273 1798 1306; x_wconf 80' lang='grc' dir='ltr'>τοιαύτης</span> <span class='ocrx_word' id='word_1_357' title='bbox 1823 1271 1884 1310; x_wconf 82' lang='grc' dir='ltr'>ἁγίας</span> 
     </span>
    </p>
   </div>
   <div class='ocr_carea' id='block_1_57' title="bbox 1081 1315 1885 1356">
    <p class='ocr_par' dir='ltr' id='par_1_57' title="bbox 1081 1315 1885 1356">
     <span class='ocr_line' id='line_1_57' title="bbox 1081 1315 1885 1356; baseline 0.002 -13"><span class='ocrx_word' id='word_1_358' title='bbox 1081 1315 1264 1353; x_wconf 76' lang='grc' dir='ltr'>οἱκουμενικῆς</span> <span class='ocrx_word' id='word_1_359' title='bbox 1299 1316 1427 1356; x_wconf 77' lang='grc' dir='ltr'>τετάρτης</span> <span class='ocrx_word' id='word_1_360' title='bbox 1456 1316 1562 1345; x_wconf 82' lang='grc' dir='ltr'>συνόδου</span> <span class='ocrx_word' id='word_1_361' title='bbox 1592 1319 1757 1355; x_wconf 73' lang='grc' dir='ltr'>καταμαθεῖν</span> <span class='ocrx_word' id='word_1_362' title='bbox 1785 1316 1885 1345; x_wconf 73' lang='grc' dir='ltr'>δυνατόν.</span> 
     </span>
    </p>
   </div>
   <div class='ocr_carea' id='block_1_58' title="bbox 1082 1359 1886 1401">
    <p class='ocr_par' dir='ltr' id='par_1_58' title="bbox 1082 1359 1886 1401">
     <span class='ocr_line' id='line_1_58' title="bbox 1082 1359 1886 1401; baseline 0 -14"><span class='ocrx_word' id='word_1_363' title='bbox 1082 1361 1134 1392; x_wconf 71' lang='grc' dir='ltr'><strong>Τῆς</strong></span> <span class='ocrx_word' id='word_1_364' title='bbox 1159 1360 1208 1399; x_wconf 80' lang='grc' dir='ltr'><strong>γὰρ</strong></span> <span class='ocrx_word' id='word_1_365' title='bbox 1231 1359 1333 1393; x_wconf 81' lang='grc' dir='ltr'>πόλεως</span> <span class='ocrx_word' id='word_1_366' title='bbox 1365 1365 1492 1400; x_wconf 78' lang='grc' dir='ltr'>Βηρυτοῦ,</span> <span class='ocrx_word' id='word_1_367' title='bbox 1516 1361 1707 1401; x_wconf 81' lang='grc' dir='ltr'>μητροπόλεως</span> <span class='ocrx_word' id='word_1_368' title='bbox 1738 1361 1829 1389; x_wconf 83' lang='grc' dir='ltr'>δίκαιον</span> <span class='ocrx_word' id='word_1_369' title='bbox 1856 1360 1886 1387; x_wconf 76' lang='grc' dir='ltr'><strong>εἷ-</strong></span> 
     </span>
    </p>
   </div>
   <div class='ocr_carea' id='block_1_59' title="bbox 1080 1402 1887 1446">
    <p class='ocr_par' dir='ltr' id='par_1_59' title="bbox 1080 1402 1887 1446">
     <span class='ocr_line' id='line_1_59' title="bbox 1080 1402 1887 1446; baseline 0.004 -15"><span class='ocrx_word' id='word_1_370' title='bbox 1080 1402 1192 1444; x_wconf 71' lang='grc' dir='ltr'>ληφυίας</span> <span class='ocrx_word' id='word_1_371' title='bbox 1221 1405 1292 1444; x_wconf 75' lang='grc' dir='ltr'>παρὰ</span> <span class='ocrx_word' id='word_1_372' title='bbox 1333 1404 1470 1435; x_wconf 79' lang='grc' dir='ltr'>Θεοδοσίου</span> <span class='ocrx_word' id='word_1_373' title='bbox 1504 1410 1549 1433; x_wconf 79' lang='grc' dir='ltr'>τοῦ</span> <span class='ocrx_word' id='word_1_374' title='bbox 1583 1406 1727 1446; x_wconf 77' lang='grc' dir='ltr'>βασιλέως,</span> <span class='ocrx_word' id='word_1_375' title='bbox 1760 1409 1804 1434; x_wconf 81' lang='grc' dir='ltr'>τοῦ</span> <span class='ocrx_word' id='word_1_376' title='bbox 1835 1405 1887 1442; x_wconf 71' lang='grc' dir='ltr'>πρὸς</span> 
     </span>
    </p>
   </div>
   <div class='ocr_carea' id='block_1_60' title="bbox 1079 1447 1888 1490">
    <p class='ocr_par' dir='ltr' id='par_1_60' title="bbox 1079 1447 1888 1490">
     <span class='ocr_line' id='line_1_60' title="bbox 1079 1447 1888 1490; baseline 0 -14"><span class='ocrx_word' id='word_1_377' title='bbox 1079 1447 1280 1482; x_wconf 75' lang='grc' dir='ltr'>ἀντιδιαστολὴν</span> <span class='ocrx_word' id='word_1_378' title='bbox 1307 1453 1353 1477; x_wconf 83' lang='grc' dir='ltr'>τοῦ</span> <span class='ocrx_word' id='word_1_379' title='bbox 1381 1449 1509 1489; x_wconf 79' lang='grc' dir='ltr'>μεγάλου,</span> <span class='ocrx_word' id='word_1_380' title='bbox 1538 1449 1683 1490; x_wconf 82' lang='grc' dir='ltr'>λεγομένου</span> <span class='ocrx_word' id='word_1_381' title='bbox 1717 1453 1820 1489; x_wconf 73' lang='grc' dir='ltr'>μικροῦ.</span> <span class='ocrx_word' id='word_1_382' title='bbox 1848 1449 1888 1478; x_wconf 67' lang='grc' dir='ltr'><strong>Εὖ-</strong></span> 
     </span>
    </p>
   </div>
   <div class='ocr_carea' id='block_1_61' title="bbox 215 1491 1042 1532">
    <p class='ocr_par' dir='ltr' id='par_1_61' title="bbox 215 1491 1040 1531">
     <span class='ocr_line' id='line_1_61' title="bbox 215 1491 1040 1531; baseline -0.001 -9"><span class='ocrx_word' id='word_1_383' title='bbox 215 1491 335 1529; x_wconf 88' lang='lat' dir='ltr'><strong>dicitur,</strong></span> <span class='ocrx_word' id='word_1_384' title='bbox 352 1491 605 1531; x_wconf 86' lang='lat' dir='ltr'><strong>Eustathius,ejus</strong></span> <span class='ocrx_word' id='word_1_385' title='bbox 620 1491 703 1522; x_wconf 93' lang='lat' dir='ltr'><strong>urbis</strong></span> <span class='ocrx_word' id='word_1_386' title='bbox 719 1491 889 1531; x_wconf 88' lang='lat' dir='ltr'><strong>episcopus,</strong></span> <span class='ocrx_word' id='word_1_387' title='bbox 904 1491 954 1522; x_wconf 89' lang='lat' dir='ltr'><strong>illa</strong></span> <span class='ocrx_word' id='word_1_388' title='bbox 968 1500 1040 1522; x_wconf 89' lang='lat' dir='ltr'><strong>con-</strong></span> 
     </span>
    </p>
   </div>
   <div class='ocr_carea' id='block_1_62' title="bbox 1090 1491 1889 1532">
    <p class='ocr_par' dir='ltr' id='par_1_62' title="bbox 1090 1493 1889 1532">
     <span class='ocr_line' id='line_1_62' title="bbox 1090 1493 1889 1532; baseline 0 -12"><span class='ocrx_word' id='word_1_389' title='bbox 1090 1493 1187 1524; x_wconf 78' lang='grc' dir='ltr'>ῖτάθιος</span> <span class='ocrx_word' id='word_1_390' title='bbox 1208 1495 1222 1521; x_wconf 77' lang='grc' dir='ltr'>ὁ</span> <span class='ocrx_word' id='word_1_391' title='bbox 1244 1494 1342 1527; x_wconf 81' lang='grc' dir='ltr'>ταύτης</span> <span class='ocrx_word' id='word_1_392' title='bbox 1368 1495 1417 1527; x_wconf 75' lang='grc' dir='ltr'>τῆς</span> <span class='ocrx_word' id='word_1_393' title='bbox 1440 1493 1543 1524; x_wconf 71' lang='grc' dir='ltr'>πόλεω)</span> <span class='ocrx_word' id='word_1_394' title='bbox 1568 1495 1714 1527; x_wconf 71' lang='grc' dir='ltr'>επίσκοπος</span> <span class='ocrx_word' id='word_1_395' title='bbox 1743 1499 1781 1532; x_wconf 87' lang='grc' dir='ltr'>τῷ</span> <span class='ocrx_word' id='word_1_396' title='bbox 1794 1494 1889 1528; x_wconf 73' lang='grc' dir='ltr'>τοιούτῳ</span> 
     </span>
    </p>
   </div>
   <div class='ocr_carea' id='block_1_63' title="bbox 216 1535 1040 1575">
    <p class='ocr_par' dir='ltr' id='par_1_63' title="bbox 216 1535 1040 1575">
     <span class='ocr_line' id='line_1_63' title="bbox 216 1535 1040 1575; baseline -0.001 -9"><span class='ocrx_word' id='word_1_397' title='bbox 216 1536 353 1567; x_wconf 87' lang='lat' dir='ltr'><strong>cessione</strong></span> <span class='ocrx_word' id='word_1_398' title='bbox 370 1536 580 1575; x_wconf 86' lang='lat' dir='ltr'><strong>metropolitici</strong></span> <span class='ocrx_word' id='word_1_399' title='bbox 592 1536 669 1574; x_wconf 87' lang='lat' dir='ltr'><strong>juris</strong></span> <span class='ocrx_word' id='word_1_400' title='bbox 685 1535 790 1572; x_wconf 89' lang='lat' dir='ltr'><strong>elatus,</strong></span> <span class='ocrx_word' id='word_1_401' title='bbox 809 1535 950 1566; x_wconf 88' lang='lat' dir='ltr'><strong>adversus</strong></span> <span class='ocrx_word' id='word_1_402' title='bbox 962 1536 1040 1566; x_wconf 89' lang='lat' dir='ltr'><strong>Pho-</strong></span> 
     </span>
    </p>
   </div>
   <div class='ocr_carea' id='block_1_64' title="bbox 218 1580 1042 1620">
    <p class='ocr_par' dir='ltr' id='par_1_64' title="bbox 218 1580 1042 1620">
     <span class='ocr_line' id='line_1_64' title="bbox 218 1580 1042 1620; baseline -0.001 -9"><span class='ocrx_word' id='word_1_403' title='bbox 218 1581 290 1612; x_wconf 93' lang='lat' dir='ltr'><strong>tium</strong></span> <span class='ocrx_word' id='word_1_404' title='bbox 307 1580 569 1620; x_wconf 85' lang='lat' dir='ltr'><strong>metropolitanum</strong></span> <span class='ocrx_word' id='word_1_405' title='bbox 585 1580 664 1620; x_wconf 85' lang='lat' dir='ltr'><strong>Tyri,</strong></span> <span class='ocrx_word' id='word_1_406' title='bbox 676 1589 741 1620; x_wconf 67' lang='lat' dir='ltr'><strong>qua:</strong></span> <span class='ocrx_word' id='word_1_407' title='bbox 751 1580 921 1610; x_wconf 65' lang='lat' dir='ltr'><strong>l’hanicum</strong></span> <span class='ocrx_word' id='word_1_408' title='bbox 933 1584 1042 1610; x_wconf 86' lang='lat' dir='ltr'><strong>metro-</strong></span> 
     </span>
    </p>
   </div>
   <div class='ocr_carea' id='block_1_65' title="bbox 216 1623 1041 1666">
    <p class='ocr_par' dir='ltr' id='par_1_65' title="bbox 216 1623 1041 1666">
     <span class='ocr_line' id='line_1_65' title="bbox 216 1623 1041 1666; baseline -0.001 -11"><span class='ocrx_word' id='word_1_409' title='bbox 216 1625 291 1666; x_wconf 84' lang='lat' dir='ltr'><strong>polis</strong></span> <span class='ocrx_word' id='word_1_410' title='bbox 317 1629 371 1663; x_wconf 87' lang='lat' dir='ltr'><strong>est,</strong></span> <span class='ocrx_word' id='word_1_411' title='bbox 400 1624 560 1654; x_wconf 85' lang='lat' dir='ltr'><strong>insurrexit</strong></span> <span class='ocrx_word' id='word_1_412' title='bbox 577 1635 583 1654; x_wconf 89' lang='lat'>:</span> <span class='ocrx_word' id='word_1_413' title='bbox 602 1633 731 1664; x_wconf 88' lang='lat' dir='ltr'><strong>cumque</strong></span> <span class='ocrx_word' id='word_1_414' title='bbox 755 1624 829 1654; x_wconf 91' lang='lat' dir='ltr'><strong>duos</strong></span> <span class='ocrx_word' id='word_1_415' title='bbox 855 1623 997 1664; x_wconf 87' lang='lat' dir='ltr'><strong>quosdam</strong></span> <span class='ocrx_word' id='word_1_416' title='bbox 1016 1626 1041 1655; x_wconf 90' lang='lat' dir='ltr'><strong>ei</strong></span> 
     </span>
    </p>
   </div>
   <div class='ocr_carea' id='block_1_66' title="bbox 214 1669 1041 1709">
    <p class='ocr_par' dir='ltr' id='par_1_66' title="bbox 214 1669 1041 1709">
     <span class='ocr_line' id='line_1_66' title="bbox 214 1669 1041 1709; baseline -0.001 -9"><span class='ocrx_word' id='word_1_417' title='bbox 214 1669 363 1709; x_wconf 89' lang='lat' dir='ltr'><strong>subjecios</strong></span> <span class='ocrx_word' id='word_1_418' title='bbox 379 1669 548 1709; x_wconf 69' lang='lat' dir='ltr'><strong>episcopos,</strong></span> <span class='ocrx_word' id='word_1_419' title='bbox 567 1669 655 1699; x_wconf 88' lang='lat' dir='ltr'><strong>veluti</strong></span> <span class='ocrx_word' id='word_1_420' title='bbox 686 1669 930 1708; x_wconf 77' lang='lat' dir='ltr'><strong>metropolitanus</strong></span> <span class='ocrx_word' id='word_1_421' title='bbox 946 1669 1041 1708; x_wconf 86' lang='lat' dir='ltr'><strong>depo-</strong></span> 
     </span>
    </p>
   </div>
   <div class='ocr_carea' id='block_1_67' title="bbox 215 1712 1041 1754">
    <p class='ocr_par' dir='ltr' id='par_1_67' title="bbox 215 1712 1041 1754">
     <span class='ocr_line' id='line_1_67' title="bbox 215 1712 1041 1754; baseline -0.001 -10"><span class='ocrx_word' id='word_1_422' title='bbox 215 1714 332 1754; x_wconf 78' lang='lat' dir='ltr'><strong>suisset,</strong></span> <span class='ocrx_word' id='word_1_423' title='bbox 348 1718 377 1744; x_wconf 92' lang='lat' dir='ltr'><strong>et</strong></span> <span class='ocrx_word' id='word_1_424' title='bbox 391 1713 426 1744; x_wconf 88' lang='lat' dir='ltr'><strong>ad</strong></span> <span class='ocrx_word' id='word_1_425' title='bbox 456 1713 695 1754; x_wconf 80' lang='lat' dir='ltr'><strong>presbyterorum</strong></span> <span class='ocrx_word' id='word_1_426' title='bbox 711 1712 837 1753; x_wconf 82' lang='lat' dir='ltr'><strong>gradum</strong></span> <span class='ocrx_word' id='word_1_427' title='bbox 854 1713 1041 1750; x_wconf 83' lang='lat' dir='ltr'><strong>detrusisset,</strong></span> 
     </span>
    </p>
   </div>
   <div class='ocr_carea' id='block_1_68' title="bbox 214 1756 1043 1794">
    <p class='ocr_par' dir='ltr' id='par_1_68' title="bbox 214 1756 1043 1794">
     <span class='ocr_line' id='line_1_68' title="bbox 214 1756 1043 1794; baseline -0.001 -5"><span class='ocrx_word' id='word_1_428' title='bbox 214 1759 288 1789; x_wconf 92' lang='lat' dir='ltr'><strong>alios</strong></span> <span class='ocrx_word' id='word_1_429' title='bbox 304 1757 462 1789; x_wconf 84' lang='lat' dir='ltr'><strong>ordinavit.</strong></span> <span class='ocrx_word' id='word_1_430' title='bbox 478 1756 563 1793; x_wconf 89' lang='lat' dir='ltr'><strong>Quod</strong></span> <span class='ocrx_word' id='word_1_431' title='bbox 591 1757 715 1787; x_wconf 91' lang='lat' dir='ltr'><strong>minime</strong></span> <span class='ocrx_word' id='word_1_432' title='bbox 740 1757 838 1787; x_wconf 78' lang='lat' dir='ltr'><strong>ferens</strong></span> <span class='ocrx_word' id='word_1_433' title='bbox 854 1757 989 1794; x_wconf 78' lang='lat' dir='ltr'><strong>l’hotius,</strong></span> <span class='ocrx_word' id='word_1_434' title='bbox 1007 1758 1043 1788; x_wconf 82' lang='lat' dir='ltr'><strong>ad</strong></span> 
     </span>
    </p>
   </div>
   <div class='ocr_carea' id='block_1_69' title="bbox 217 1801 1041 1842">
    <p class='ocr_par' dir='ltr' id='par_1_69' title="bbox 217 1801 1041 1842">
     <span class='ocr_line' id='line_1_69' title="bbox 217 1801 1041 1842; baseline -0.002 -8"><span class='ocrx_word' id='word_1_435' title='bbox 217 1807 351 1834; x_wconf 89' lang='lat' dir='ltr'><strong>sanctam</strong></span> <span class='ocrx_word' id='word_1_436' title='bbox 382 1802 524 1842; x_wconf 80' lang='lat' dir='ltr'><strong>synodum</strong></span> <span class='ocrx_word' id='word_1_437' title='bbox 555 1811 621 1832; x_wconf 87' lang='lat' dir='ltr'><strong>sese</strong></span> <span class='ocrx_word' id='word_1_438' title='bbox 645 1802 778 1833; x_wconf 89' lang='lat' dir='ltr'><strong>contulit.</strong></span> <span class='ocrx_word' id='word_1_439' title='bbox 810 1803 854 1832; x_wconf 89' lang='lat' dir='ltr'><strong>Ac</strong></span> <span class='ocrx_word' id='word_1_440' title='bbox 877 1801 926 1832; x_wconf 89' lang='lat' dir='ltr'><strong>lite</strong></span> <span class='ocrx_word' id='word_1_441' title='bbox 953 1806 1041 1839; x_wconf 83' lang='lat' dir='ltr'><strong>mota,</strong></span> 
     </span>
    </p>
   </div>
   <div class='ocr_carea' id='block_1_70' title="bbox 214 1845 1044 1886">
    <p class='ocr_par' dir='ltr' id='par_1_70' title="bbox 214 1845 1044 1886">
     <span class='ocr_line' id='line_1_70' title="bbox 214 1845 1044 1886; baseline -0.002 -8"><span class='ocrx_word' id='word_1_442' title='bbox 214 1847 393 1878; x_wconf 88' lang='lat' dir='ltr'><strong>sententiam</strong></span> <span class='ocrx_word' id='word_1_443' title='bbox 410 1846 575 1877; x_wconf 88' lang='lat' dir='ltr'><strong>secundum</strong></span> <span class='ocrx_word' id='word_1_444' title='bbox 593 1855 625 1876; x_wconf 91' lang='lat' dir='ltr'><strong>se</strong></span> <span class='ocrx_word' id='word_1_445' title='bbox 641 1846 862 1886; x_wconf 87' lang='lat' dir='ltr'><strong>pronuntiatam</strong></span> <span class='ocrx_word' id='word_1_446' title='bbox 881 1845 957 1883; x_wconf 87' lang='lat' dir='ltr'><strong>tulit,</strong></span> <span class='ocrx_word' id='word_1_447' title='bbox 976 1855 1044 1876; x_wconf 90' lang='lat' dir='ltr'><strong>cum</strong></span> 
     </span>
    </p>
   </div>
   <div class='ocr_carea' id='block_1_71' title="bbox 215 1890 1039 1930">
    <p class='ocr_par' dir='ltr' id='par_1_71' title="bbox 215 1890 1039 1930">
     <span class='ocr_line' id='line_1_71' title="bbox 215 1890 1039 1930; baseline -0.002 -8"><span class='ocrx_word' id='word_1_448' title='bbox 215 1892 290 1922; x_wconf 91' lang='lat' dir='ltr'><strong>nihil</strong></span> <span class='ocrx_word' id='word_1_449' title='bbox 307 1891 460 1922; x_wconf 87' lang='lat' dir='ltr'><strong>Eustathio</strong></span> <span class='ocrx_word' id='word_1_450' title='bbox 474 1890 628 1930; x_wconf 86' lang='lat' dir='ltr'><strong>Berylensi</strong></span> <span class='ocrx_word' id='word_1_451' title='bbox 641 1890 893 1930; x_wconf 80' lang='lat' dir='ltr'><strong>profuisset,quod</strong></span> <span class='ocrx_word' id='word_1_452' title='bbox 910 1891 1039 1930; x_wconf 88' lang='lat' dir='ltr'><strong>impera-</strong></span> 
     </span>
    </p>
   </div>
   <div class='ocr_carea' id='block_1_72' title="bbox 216 1934 1040 1974">
    <p class='ocr_par' dir='ltr' id='par_1_72' title="bbox 216 1934 1040 1974">
     <span class='ocr_line' id='line_1_72' title="bbox 216 1934 1040 1974; baseline -0.004 -7"><span class='ocrx_word' id='word_1_453' title='bbox 216 1936 300 1967; x_wconf 92' lang='lat' dir='ltr'><strong>toriis</strong></span> <span class='ocrx_word' id='word_1_454' title='bbox 315 1945 346 1966; x_wconf 90' lang='lat' dir='ltr'><strong>se</strong></span> <span class='ocrx_word' id='word_1_455' title='bbox 360 1936 466 1966; x_wconf 86' lang='lat' dir='ltr'><strong>litteris</strong></span> <span class='ocrx_word' id='word_1_456' title='bbox 496 1935 640 1965; x_wconf 88' lang='lat' dir='ltr'><strong>munitum</strong></span> <span class='ocrx_word' id='word_1_457' title='bbox 657 1934 781 1971; x_wconf 88' lang='lat' dir='ltr'><strong>diceret,</strong></span> <span class='ocrx_word' id='word_1_458' title='bbox 813 1944 877 1974; x_wconf 77' lang='lat' dir='ltr'><strong>quze</strong></span> <span class='ocrx_word' id='word_1_459' title='bbox 904 1934 960 1964; x_wconf 91' lang='lat' dir='ltr'><strong>sibi</strong></span> <span class='ocrx_word' id='word_1_460' title='bbox 987 1944 1040 1974; x_wconf 91' lang='lat' dir='ltr'><strong>po-</strong></span> 
     </span>
    </p>
   </div>
   <div class='ocr_carea' id='block_1_73' title="bbox 216 1978 1042 2019">
    <p class='ocr_par' dir='ltr' id='par_1_73' title="bbox 216 1978 1042 2019">
     <span class='ocr_line' id='line_1_73' title="bbox 216 1978 1042 2019; baseline -0.001 -8"><span class='ocrx_word' id='word_1_461' title='bbox 216 1985 351 2012; x_wconf 87' lang='lat' dir='ltr'><strong>testatem</strong></span> <span class='ocrx_word' id='word_1_462' title='bbox 370 1980 433 2019; x_wconf 87' lang='lat' dir='ltr'><strong>ejus</strong></span> <span class='ocrx_word' id='word_1_463' title='bbox 458 1979 503 2010; x_wconf 89' lang='lat' dir='ltr'><strong>rei</strong></span> <span class='ocrx_word' id='word_1_464' title='bbox 532 1979 675 2009; x_wconf 81' lang='lat' dir='ltr'><strong>facerent.</strong></span> <span class='ocrx_word' id='word_1_465' title='bbox 694 1978 757 2009; x_wconf 88' lang='lat' dir='ltr'><strong>Non</strong></span> <span class='ocrx_word' id='word_1_466' title='bbox 775 1979 855 2009; x_wconf 90' lang='lat' dir='ltr'><strong>enim</strong></span> <span class='ocrx_word' id='word_1_467' title='bbox 871 1979 1042 2010; x_wconf 86' lang='lat' dir='ltr'><strong>attendebat</strong></span> 
     </span>
    </p>
   </div>
   <div class='ocr_carea' id='block_1_74' title="bbox 213 2023 1041 2065">
    <p class='ocr_par' dir='ltr' id='par_1_74' title="bbox 213 2023 1041 2065">
     <span class='ocr_line' id='line_1_74' title="bbox 213 2023 1041 2065; baseline 0 -10"><span class='ocrx_word' id='word_1_468' title='bbox 213 2025 250 2056; x_wconf 89' lang='lat' dir='ltr'><strong>iis</strong></span> <span class='ocrx_word' id='word_1_469' title='bbox 257 2024 467 2065; x_wconf 65' lang='lat' dir='ltr'><strong>synodus,qum</strong></span> <span class='ocrx_word' id='word_1_470' title='bbox 479 2023 514 2053; x_wconf 89' lang='lat' dir='ltr'><strong>ab</strong></span> <span class='ocrx_word' id='word_1_471' title='bbox 526 2023 590 2063; x_wconf 92' lang='lat' dir='ltr'><strong>ipso</strong></span> <span class='ocrx_word' id='word_1_472' title='bbox 602 2023 789 2060; x_wconf 81' lang='lat' dir='ltr'><strong>dicebantur;</strong></span> <span class='ocrx_word' id='word_1_473' title='bbox 801 2024 854 2054; x_wconf 86' lang='lat' dir='ltr'><strong>sed</strong></span> <span class='ocrx_word' id='word_1_474' title='bbox 865 2023 895 2053; x_wconf 93' lang='lat' dir='ltr'><strong>in</strong></span> <span class='ocrx_word' id='word_1_475' title='bbox 906 2023 1041 2055; x_wconf 72' lang='lat' dir='ltr'><strong>examine</strong></span> 
     </span>
    </p>
   </div>
   <div class='ocr_carea' id='block_1_75' title="bbox 216 2067 1042 2108">
    <p class='ocr_par' dir='ltr' id='par_1_75' title="bbox 216 2067 1042 2108">
     <span class='ocr_line' id='line_1_75' title="bbox 216 2067 1042 2108; baseline -0.001 -8"><span class='ocrx_word' id='word_1_476' title='bbox 216 2078 395 2106; x_wconf 46' lang='lat' dir='ltr'><strong>causagcum</strong></span> <span class='ocrx_word' id='word_1_477' title='bbox 412 2067 564 2108; x_wconf 62' lang='lat' dir='ltr'><strong>prazsides,</strong></span> <span class='ocrx_word' id='word_1_478' title='bbox 583 2068 725 2108; x_wconf 78' lang='lat' dir='ltr'><strong>synodum</strong></span> <span class='ocrx_word' id='word_1_479' title='bbox 741 2068 823 2108; x_wconf 88' lang='lat' dir='ltr'><strong>prius</strong></span> <span class='ocrx_word' id='word_1_480' title='bbox 832 2068 952 2099; x_wconf 87' lang='lat' dir='ltr'><strong>disertis</strong></span> <span class='ocrx_word' id='word_1_481' title='bbox 961 2068 1042 2100; x_wconf 89' lang='lat' dir='ltr'><strong>hisce</strong></span> 
     </span>
    </p>
   </div>
   <div class='ocr_carea' id='block_1_76' title="bbox 214 2112 1042 2151">
    <p class='ocr_par' dir='ltr' id='par_1_76' title="bbox 214 2112 1042 2151">
     <span class='ocr_line' id='line_1_76' title="bbox 214 2112 1042 2151; baseline -0.001 -7"><span class='ocrx_word' id='word_1_482' title='bbox 214 2114 314 2144; x_wconf 86' lang='lat' dir='ltr'><strong>verbis</strong></span> <span class='ocrx_word' id='word_1_483' title='bbox 331 2113 563 2151; x_wconf 71' lang='lat' dir='ltr'><strong>interrogassent</strong></span> <span class='ocrx_word' id='word_1_484' title='bbox 580 2121 586 2143; x_wconf 75' lang='grc' dir='ltr'>ε</span> <span class='ocrx_word' id='word_1_485' title='bbox 609 2112 829 2143; x_wconf 71' lang='lat' dir='ltr'><strong>«Placuitorbis</strong></span> <span class='ocrx_word' id='word_1_486' title='bbox 841 2113 1042 2144; x_wconf 87' lang='lat' dir='ltr'><strong>sacratissimo</strong></span> 
     </span>
    </p>
   </div>
   <div class='ocr_carea' id='block_1_77' title="bbox 1083 1536 1888 1579">
    <p class='ocr_par' dir='ltr' id='par_1_77' title="bbox 1083 1536 1888 1579">
     <span class='ocr_line' id='line_1_77' title="bbox 1083 1536 1888 1579; baseline 0.001 -15"><span class='ocrx_word' id='word_1_487' title='bbox 1083 1536 1276 1577; x_wconf 75' lang='grc' dir='ltr'>φιλοτιμήματι</span> <span class='ocrx_word' id='word_1_488' title='bbox 1311 1538 1359 1572; x_wconf 76' lang='grc' dir='ltr'>τῆς</span> <span class='ocrx_word' id='word_1_489' title='bbox 1396 1538 1585 1578; x_wconf 85' lang='grc' dir='ltr'>μητροπόλεως</span> <span class='ocrx_word' id='word_1_490' title='bbox 1613 1540 1798 1579; x_wconf 78' lang='grc' dir='ltr'>κατεπαρθεὶς,</span> <span class='ocrx_word' id='word_1_491' title='bbox 1832 1548 1888 1566; x_wconf 79' lang='grc' dir='ltr'>κατ-</span> 
     </span>
    </p>
   </div>
   <div class='ocr_carea' id='block_1_78' title="bbox 1083 1581 1890 1624">
    <p class='ocr_par' dir='ltr' id='par_1_78' title="bbox 1083 1581 1890 1624">
     <span class='ocr_line' id='line_1_78' title="bbox 1083 1581 1890 1624; baseline 0.005 -16"><span class='ocrx_word' id='word_1_492' title='bbox 1083 1581 1207 1615; x_wconf 73' lang='grc' dir='ltr'>εξανέστη</span> <span class='ocrx_word' id='word_1_493' title='bbox 1229 1583 1330 1610; x_wconf 84' lang='grc' dir='ltr'>Φωτίου</span> <span class='ocrx_word' id='word_1_494' title='bbox 1351 1587 1397 1611; x_wconf 78' lang='grc' dir='ltr'>τοῦ</span> <span class='ocrx_word' id='word_1_495' title='bbox 1432 1583 1626 1623; x_wconf 68' lang='grc' dir='ltr'>μητροπολίτου</span> <span class='ocrx_word' id='word_1_496' title='bbox 1654 1587 1704 1618; x_wconf 83' lang='grc' dir='ltr'>τῆς</span> <span class='ocrx_word' id='word_1_497' title='bbox 1736 1584 1824 1624; x_wconf 80' lang='grc' dir='ltr'>Τύρου,</span> <span class='ocrx_word' id='word_1_498' title='bbox 1852 1585 1890 1614; x_wconf 76' lang='grc' dir='ltr'><strong>τῆς</strong></span> 
     </span>
    </p>
   </div>
   <div class='ocr_carea' id='block_1_79' title="bbox 1083 1627 1890 1666">
    <p class='ocr_par' dir='ltr' id='par_1_79' title="bbox 1083 1627 1890 1666">
     <span class='ocr_line' id='line_1_79' title="bbox 1083 1627 1890 1666; baseline 0.002 -14"><span class='ocrx_word' id='word_1_499' title='bbox 1083 1628 1135 1653; x_wconf 86' lang='grc' dir='ltr'><strong>τῶν</strong></span> <span class='ocrx_word' id='word_1_500' title='bbox 1153 1627 1282 1654; x_wconf 81' lang='grc' dir='ltr'>Φοινίκων</span> <span class='ocrx_word' id='word_1_501' title='bbox 1300 1627 1491 1666; x_wconf 81' lang='grc' dir='ltr'>μητροπόλεως</span> <span class='ocrx_word' id='word_1_502' title='bbox 1507 1637 1513 1644; x_wconf 92' lang='grc'>·</span> <span class='ocrx_word' id='word_1_503' title='bbox 1544 1628 1588 1656; x_wconf 76' lang='grc' dir='ltr'><strong>καὶ</strong></span> <span class='ocrx_word' id='word_1_504' title='bbox 1621 1627 1665 1656; x_wconf 79' lang='grc' dir='ltr'><strong>δύο</strong></span> <span class='ocrx_word' id='word_1_505' title='bbox 1699 1630 1775 1660; x_wconf 76' lang='grc' dir='ltr'>τινὰς</span> <span class='ocrx_word' id='word_1_506' title='bbox 1796 1629 1890 1656; x_wconf 77' lang='grc' dir='ltr'>ὑποκει-</span> 
     </span>
    </p>
   </div>
   <div class='ocr_carea' id='block_1_80' title="bbox 1084 1669 1890 1710">
    <p class='ocr_par' dir='ltr' id='par_1_80' title="bbox 1084 1669 1890 1710">
     <span class='ocr_line' id='line_1_80' title="bbox 1084 1669 1890 1710; baseline 0.002 -13"><span class='ocrx_word' id='word_1_507' title='bbox 1084 1669 1175 1707; x_wconf 79' lang='grc' dir='ltr'>μένους</span> <span class='ocrx_word' id='word_1_508' title='bbox 1200 1670 1270 1707; x_wconf 78' lang='grc' dir='ltr'>αὒτῷ</span> <span class='ocrx_word' id='word_1_509' title='bbox 1295 1671 1453 1704; x_wconf 79' lang='grc' dir='ltr'>ἐπισκόπους</span> <span class='ocrx_word' id='word_1_510' title='bbox 1478 1671 1607 1710; x_wconf 83' lang='grc' dir='ltr'>καθελὼν,</span> <span class='ocrx_word' id='word_1_511' title='bbox 1638 1673 1676 1704; x_wconf 81' lang='grc' dir='ltr'>ὡς</span> <span class='ocrx_word' id='word_1_512' title='bbox 1697 1671 1776 1706; x_wconf 85' lang='grc' dir='ltr'>δῆθεν</span> <span class='ocrx_word' id='word_1_513' title='bbox 1803 1682 1890 1710; x_wconf 71' lang='grc' dir='ltr'>μητρο-</span> 
     </span>
    </p>
   </div>
   <div class='ocr_carea' id='block_1_81' title="bbox 1083 1713 1890 1756">
    <p class='ocr_par' dir='ltr' id='par_1_81' title="bbox 1083 1713 1890 1756">
     <span class='ocr_line' id='line_1_81' title="bbox 1083 1713 1890 1756; baseline 0.006 -15"><span class='ocrx_word' id='word_1_514' title='bbox 1083 1713 1206 1752; x_wconf 75' lang='grc' dir='ltr'>πολίτης,</span> <span class='ocrx_word' id='word_1_515' title='bbox 1235 1725 1279 1743; x_wconf 84' lang='grc' dir='ltr'><strong>και</strong></span> <span class='ocrx_word' id='word_1_516' title='bbox 1315 1716 1351 1747; x_wconf 80' lang='grc' dir='ltr'>εἷς</span> <span class='ocrx_word' id='word_1_517' title='bbox 1379 1715 1559 1756; x_wconf 64' lang='grc' dir='ltr'>πρεσϐιδτὲρων</span> <span class='ocrx_word' id='word_1_518' title='bbox 1586 1716 1687 1754; x_wconf 84' lang='grc' dir='ltr'>βαθμὸν</span> <span class='ocrx_word' id='word_1_519' title='bbox 1723 1717 1890 1750; x_wconf 73' lang='grc' dir='ltr'>κατασπάσας,</span> 
     </span>
    </p>
   </div>
   <div class='ocr_carea' id='block_1_82' title="bbox 1085 1753 1892 1801">
    <p class='ocr_par' dir='ltr' id='par_1_82' title="bbox 1085 1753 1892 1801">
     <span class='ocr_line' id='line_1_82' title="bbox 1085 1753 1892 1801; baseline 0.001 -16"><span class='ocrx_word' id='word_1_520' title='bbox 1085 1758 1186 1797; x_wconf 78' lang='grc' dir='ltr'>ἐτέρους</span> <span class='ocrx_word' id='word_1_521' title='bbox 1201 1753 1430 1799; x_wconf 77' lang='grc' dir='ltr'>κεχειροτόνηκεν,</span> <span class='ocrx_word' id='word_1_522' title='bbox 1460 1753 1491 1790; x_wconf 59' lang='grc' dir='ltr'><strong>ΗΟ</strong></span> <span class='ocrx_word' id='word_1_523' title='bbox 1508 1753 1551 1798; x_wconf 33' lang='grc' dir='ltr'><strong>,μὴ</strong></span> <span class='ocrx_word' id='word_1_524' title='bbox 1579 1753 1664 1801; x_wconf 73' lang='grc' dir='ltr'>ιρέρων</span> <span class='ocrx_word' id='word_1_525' title='bbox 1693 1763 1707 1790; x_wconf 84' lang='grc' dir='ltr'>ὁ</span> <span class='ocrx_word' id='word_1_526' title='bbox 1730 1762 1841 1798; x_wconf 73' lang='grc' dir='ltr'>Φώτιος,</span> <span class='ocrx_word' id='word_1_527' title='bbox 1866 1762 1892 1796; x_wconf 74' lang='grc' dir='ltr'>τῇ</span> 
     </span>
    </p>
   </div>
   <div class='ocr_carea' id='block_1_83' title="bbox 1084 1803 1891 1846">
    <p class='ocr_par' dir='ltr' id='par_1_83' title="bbox 1084 1803 1891 1846">
     <span class='ocr_line' id='line_1_83' title="bbox 1084 1803 1891 1846; baseline 0.005 -17"><span class='ocrx_word' id='word_1_528' title='bbox 1084 1803 1145 1841; x_wconf 75' lang='grc' dir='ltr'>ἁγίᾳ</span> <span class='ocrx_word' id='word_1_529' title='bbox 1177 1803 1338 1842; x_wconf 78' lang='grc' dir='ltr'>προσέδραμε</span> <span class='ocrx_word' id='word_1_530' title='bbox 1380 1804 1489 1842; x_wconf 83' lang='grc' dir='ltr'>συνόδῳ.</span> <span class='ocrx_word' id='word_1_531' title='bbox 1532 1806 1581 1835; x_wconf 86' lang='grc' dir='ltr'>Καὶ</span> <span class='ocrx_word' id='word_1_532' title='bbox 1616 1805 1690 1839; x_wconf 80' lang='grc' dir='ltr'>δίκης</span> <span class='ocrx_word' id='word_1_533' title='bbox 1722 1806 1891 1846; x_wconf 74' lang='grc' dir='ltr'>κρατηθείσης,</span> 
     </span>
    </p>
   </div>
   <div class='ocr_carea' id='block_1_84' title="bbox 1084 1846 1893 1890">
    <p class='ocr_par' dir='ltr' id='par_1_84' title="bbox 1084 1846 1893 1890">
     <span class='ocr_line' id='line_1_84' title="bbox 1084 1846 1893 1890; baseline 0.006 -16"><span class='ocrx_word' id='word_1_534' title='bbox 1084 1847 1132 1880; x_wconf 80' lang='grc' dir='ltr'><strong>τὴν</strong></span> <span class='ocrx_word' id='word_1_535' title='bbox 1171 1846 1320 1877; x_wconf 70' lang='grc' dir='ltr'>δικαιοῦσαν</span> <span class='ocrx_word' id='word_1_536' title='bbox 1349 1849 1490 1890; x_wconf 75' lang='grc' dir='ltr'>ἀπείληφε,</span> <span class='ocrx_word' id='word_1_537' title='bbox 1525 1849 1607 1888; x_wconf 77' lang='grc' dir='ltr'>μηδὲν</span> <span class='ocrx_word' id='word_1_538' title='bbox 1635 1850 1818 1890; x_wconf 76' lang='grc' dir='ltr'>ὠφεληθέντας</span> <span class='ocrx_word' id='word_1_539' title='bbox 1850 1850 1893 1878; x_wconf 60' lang='grc' dir='ltr'><strong>Εὖ-</strong></span> 
     </span>
    </p>
   </div>
   <div class='ocr_carea' id='block_1_85' title="bbox 1081 1891 1894 1933">
    <p class='ocr_par' dir='ltr' id='par_1_85' title="bbox 1081 1891 1894 1933">
     <span class='ocr_line' id='line_1_85' title="bbox 1081 1891 1894 1933; baseline 0.005 -14"><span class='ocrx_word' id='word_1_540' title='bbox 1081 1891 1184 1919; x_wconf 78' lang='grc' dir='ltr'>σταθίου</span> <span class='ocrx_word' id='word_1_541' title='bbox 1211 1892 1257 1921; x_wconf 72' lang='grc' dir='ltr'><strong>τοῦ</strong></span> <span class='ocrx_word' id='word_1_542' title='bbox 1290 1895 1339 1926; x_wconf 85' lang='grc' dir='ltr'>τῆς</span> <span class='ocrx_word' id='word_1_543' title='bbox 1377 1897 1503 1933; x_wconf 78' lang='grc' dir='ltr'>Βηρυτοῦ,</span> <span class='ocrx_word' id='word_1_544' title='bbox 1539 1894 1569 1923; x_wconf 74' lang='grc' dir='ltr'>ἐκ</span> <span class='ocrx_word' id='word_1_545' title='bbox 1603 1900 1649 1925; x_wconf 82' lang='grc' dir='ltr'>τοῦ</span> <span class='ocrx_word' id='word_1_546' title='bbox 1669 1894 1819 1933; x_wconf 70' lang='grc' dir='ltr'>βασιλικοῖς</span> <span class='ocrx_word' id='word_1_547' title='bbox 1834 1894 1894 1932; x_wconf 80' lang='grc' dir='ltr'>ὠχυ-</span> 
     </span>
    </p>
   </div>
   <div class='ocr_carea' id='block_1_86' title="bbox 1082 1937 1893 1979">
    <p class='ocr_par' dir='ltr' id='par_1_86' title="bbox 1082 1937 1893 1979">
     <span class='ocr_line' id='line_1_86' title="bbox 1082 1937 1893 1979; baseline 0.004 -16"><span class='ocrx_word' id='word_1_548' title='bbox 1082 1937 1178 1975; x_wconf 79' lang='grc' dir='ltr'>ρῶσθαι</span> <span class='ocrx_word' id='word_1_549' title='bbox 1217 1937 1353 1975; x_wconf 71' lang='grc' dir='ltr'>γράμμαοι</span> <span class='ocrx_word' id='word_1_550' title='bbox 1382 1937 1481 1978; x_wconf 83' lang='grc' dir='ltr'>λέγειν,</span> <span class='ocrx_word' id='word_1_551' title='bbox 1519 1946 1577 1971; x_wconf 82' lang='grc' dir='ltr'>τοῖς</span> <span class='ocrx_word' id='word_1_552' title='bbox 1613 1939 1783 1979; x_wconf 76' lang='grc' dir='ltr'>ἐπιτρέπωσι</span> <span class='ocrx_word' id='word_1_553' title='bbox 1816 1942 1893 1967; x_wconf 74' lang='grc' dir='ltr'>τοῦτο.</span> 
     </span>
    </p>
   </div>
   <div class='ocr_carea' id='block_1_87' title="bbox 1083 1981 1893 2024">
    <p class='ocr_par' dir='ltr' id='par_1_87' title="bbox 1083 1981 1893 2024">
     <span class='ocr_line' id='line_1_87' title="bbox 1083 1981 1893 2024; baseline 0.004 -16"><span class='ocrx_word' id='word_1_554' title='bbox 1083 1982 1118 2009; x_wconf 77' lang='grc' dir='ltr'>Οὐ</span> <span class='ocrx_word' id='word_1_555' title='bbox 1133 1981 1182 2020; x_wconf 76' lang='grc' dir='ltr'><strong>γὰρ</strong></span> <span class='ocrx_word' id='word_1_556' title='bbox 1197 1981 1345 2022; x_wconf 84' lang='grc' dir='ltr'>πρόσεσχεν</span> <span class='ocrx_word' id='word_1_557' title='bbox 1369 1983 1386 2016; x_wconf 78' lang='grc' dir='ltr'>ἦ</span> <span class='ocrx_word' id='word_1_558' title='bbox 1409 1981 1515 2015; x_wconf 80' lang='grc' dir='ltr'>σύνοδος</span> <span class='ocrx_word' id='word_1_559' title='bbox 1541 1989 1601 2016; x_wconf 79' lang='grc' dir='ltr'>τοῖς</span> <span class='ocrx_word' id='word_1_560' title='bbox 1630 1983 1691 2024; x_wconf 82' lang='grc' dir='ltr'>παρ’</span> <span class='ocrx_word' id='word_1_561' title='bbox 1723 1985 1802 2013; x_wconf 75' lang='grc' dir='ltr'><strong>αὖτοῦ</strong></span> <span class='ocrx_word' id='word_1_562' title='bbox 1825 1982 1893 2021; x_wconf 83' lang='grc' dir='ltr'>λεγο-</span> 
     </span>
    </p>
   </div>
   <div class='ocr_carea' id='block_1_88' title="bbox 1083 2023 1894 2068">
    <p class='ocr_par' dir='ltr' id='par_1_88' title="bbox 1083 2023 1894 2068">
     <span class='ocr_line' id='line_1_88' title="bbox 1083 2023 1894 2068; baseline 0.007 -16"><span class='ocrx_word' id='word_1_563' title='bbox 1083 2023 1182 2062; x_wconf 77' lang='grc' dir='ltr'>μένοις,</span> <span class='ocrx_word' id='word_1_564' title='bbox 1222 2025 1289 2054; x_wconf 54' lang='lat' dir='ltr'><strong>me;</strong></span> <span class='ocrx_word' id='word_1_565' title='bbox 1327 2027 1376 2060; x_wconf 74' lang='grc' dir='ltr'>τῆς</span> <span class='ocrx_word' id='word_1_566' title='bbox 1412 2027 1558 2061; x_wconf 79' lang='grc' dir='ltr'>ὑποθέσεως</span> <span class='ocrx_word' id='word_1_567' title='bbox 1593 2028 1818 2068; x_wconf 56' lang='grc' dir='ltr'>δοκιμαζομέδης,</span> <span class='ocrx_word' id='word_1_568' title='bbox 1852 2029 1894 2054; x_wconf 80' lang='grc' dir='ltr'>τῶν</span> 
     </span>
    </p>
   </div>
   <div class='ocr_carea' id='block_1_89' title="bbox 1083 2068 1895 2111">
    <p class='ocr_par' dir='ltr' id='par_1_89' title="bbox 1083 2068 1895 2111">
     <span class='ocr_line' id='line_1_89' title="bbox 1083 2068 1895 2111; baseline 0.006 -15"><span class='ocrx_word' id='word_1_569' title='bbox 1083 2068 1220 2108; x_wconf 79' lang='grc' dir='ltr'>ἀρχόντων</span> <span class='ocrx_word' id='word_1_570' title='bbox 1242 2071 1366 2110; x_wconf 85' lang='grc' dir='ltr'>πρότερον</span> <span class='ocrx_word' id='word_1_571' title='bbox 1383 2071 1571 2111; x_wconf 74' lang='grc' dir='ltr'>ἐρωτήσαντων</span> <span class='ocrx_word' id='word_1_572' title='bbox 1593 2073 1643 2107; x_wconf 78' lang='grc' dir='ltr'>τὴν</span> <span class='ocrx_word' id='word_1_573' title='bbox 1670 2072 1779 2101; x_wconf 79' lang='grc' dir='ltr'>σύνοδον</span> <span class='ocrx_word' id='word_1_574' title='bbox 1797 2081 1803 2088; x_wconf 94' lang='grc'><strong>·</strong></span> <span class='ocrx_word' id='word_1_575' title='bbox 1820 2072 1895 2111; x_wconf 76' lang='grc' dir='ltr'>ῥητῶς</span> 
     </span>
    </p>
   </div>
   <div class='ocr_carea' id='block_1_90' title="bbox 1083 2113 1894 2157">
    <p class='ocr_par' dir='ltr' id='par_1_90' title="bbox 1083 2113 1894 2157">
     <span class='ocr_line' id='line_1_90' title="bbox 1083 2113 1894 2157; baseline 0.007 -17"><span class='ocrx_word' id='word_1_576' title='bbox 1083 2113 1165 2145; x_wconf 56' lang='grc' dir='ltr'>οὕτως</span> <span class='ocrx_word' id='word_1_577' title='bbox 1183 2122 1190 2129; x_wconf 87' lang='grc'><strong><em>⁸</em></strong></span> <span class='ocrx_word' id='word_1_578' title='bbox 1240 2125 1254 2142; x_wconf 72' lang='grc' dir='ltr'><strong>α</strong></span> <span class='ocrx_word' id='word_1_579' title='bbox 1284 2118 1327 2152; x_wconf 82' lang='grc' dir='ltr'><strong>Τῷ</strong></span> <span class='ocrx_word' id='word_1_580' title='bbox 1366 2117 1493 2153; x_wconf 78' lang='grc' dir='ltr'>θειοτάτῳ</span> <span class='ocrx_word' id='word_1_581' title='bbox 1527 2116 1642 2157; x_wconf 78' lang='grc' dir='ltr'>δεσπότῃ</span> <span class='ocrx_word' id='word_1_582' title='bbox 1668 2118 1720 2152; x_wconf 75' lang='grc' dir='ltr'><strong>τῆς</strong></span> <span class='ocrx_word' id='word_1_583' title='bbox 1751 2116 1894 2155; x_wconf 75' lang='grc' dir='ltr'>οἰκουμένης</span> 
     </span>
    </p>
   </div>
   <div class='ocr_carea' id='block_1_91' title="bbox 218 2157 1042 2203">
    <p class='ocr_par' dir='ltr' id='par_1_91' title="bbox 218 2157 1042 2198">
     <span class='ocr_line' id='line_1_91' title="bbox 218 2157 1042 2198; baseline 0.002 -12"><span class='ocrx_word' id='word_1_584' title='bbox 218 2171 231 2186; x_wconf 77' lang='grc' dir='ltr'><strong>α</strong></span> <span class='ocrx_word' id='word_1_585' title='bbox 250 2158 426 2198; x_wconf 83' lang='lat' dir='ltr'><strong>domino,ne</strong></span> <span class='ocrx_word' id='word_1_586' title='bbox 442 2158 606 2195; x_wconf 81' lang='lat' dir='ltr'><strong>secundum</strong></span> <span class='ocrx_word' id='word_1_587' title='bbox 625 2166 723 2188; x_wconf 87' lang='lat' dir='ltr'><strong>sacras</strong></span> <span class='ocrx_word' id='word_1_588' title='bbox 740 2157 892 2197; x_wconf 88' lang='lat' dir='ltr'><strong>epistolas,</strong></span> <span class='ocrx_word' id='word_1_589' title='bbox 905 2162 955 2188; x_wconf 87' lang='lat' dir='ltr'><strong>aut</strong></span> <span class='ocrx_word' id='word_1_590' title='bbox 971 2167 1042 2188; x_wconf 88' lang='lat' dir='ltr'><strong>san-</strong></span> 
     </span>
    </p>
   </div>
   <div class='ocr_carea' id='block_1_92' title="bbox 1090 2157 1895 2203">
    <p class='ocr_par' dir='ltr' id='par_1_92' title="bbox 1090 2157 1895 2202">
     <span class='ocr_line' id='line_1_92' title="bbox 1090 2157 1895 2202; baseline 0.004 -16"><span class='ocrx_word' id='word_1_591' title='bbox 1090 2168 1101 2186; x_wconf 73' lang='grc' dir='ltr'><strong>α</strong></span> <span class='ocrx_word' id='word_1_592' title='bbox 1125 2157 1214 2198; x_wconf 77' lang='grc' dir='ltr'>ἤρεσε,</span> <span class='ocrx_word' id='word_1_593' title='bbox 1239 2160 1279 2197; x_wconf 83' lang='grc' dir='ltr'><strong>μὴ</strong></span> <span class='ocrx_word' id='word_1_594' title='bbox 1303 2161 1370 2189; x_wconf 78' lang='grc' dir='ltr'>κατὰ</span> <span class='ocrx_word' id='word_1_595' title='bbox 1399 2163 1459 2190; x_wconf 80' lang='grc' dir='ltr'>θεῖα</span> <span class='ocrx_word' id='word_1_596' title='bbox 1486 2162 1641 2202; x_wconf 84' lang='grc' dir='ltr'>γράμματα,</span> <span class='ocrx_word' id='word_1_597' title='bbox 1659 2162 1676 2196; x_wconf 82' lang='grc' dir='ltr'><strong>ἢ</strong></span> <span class='ocrx_word' id='word_1_598' title='bbox 1698 2163 1770 2191; x_wconf 76' lang='grc' dir='ltr'>κατὰ</span> <span class='ocrx_word' id='word_1_599' title='bbox 1781 2171 1895 2201; x_wconf 76' lang='grc' dir='ltr'>πραγμα-</span> 
     </span>
    </p>
   </div>
   <div class='ocr_carea' id='block_1_93' title="bbox 218 2202 1045 2243">
    <p class='ocr_par' dir='ltr' id='par_1_93' title="bbox 218 2202 1045 2243">
     <span class='ocr_line' id='line_1_93' title="bbox 218 2202 1045 2243; baseline 0 -9"><span class='ocrx_word' id='word_1_600' title='bbox 218 2214 231 2234; x_wconf 89' lang='grc'><strong>‹</strong></span> <span class='ocrx_word' id='word_1_601' title='bbox 252 2203 366 2234; x_wconf 89' lang='lat' dir='ltr'><strong>ctiones</strong></span> <span class='ocrx_word' id='word_1_602' title='bbox 377 2202 799 2243; x_wconf 80' lang='lat' dir='ltr'><strong>pragmaticas,episcoporum</strong></span> <span class='ocrx_word' id='word_1_603' title='bbox 815 2202 932 2241; x_wconf 84' lang='lat' dir='ltr'><strong>negotia</strong></span> <span class='ocrx_word' id='word_1_604' title='bbox 943 2212 1045 2242; x_wconf 89' lang='lat' dir='ltr'><strong>proce-</strong></span> 
     </span>
    </p>
   </div>
   <div class='ocr_carea' id='block_1_94' title="bbox 219 2245 1045 2286">
    <p class='ocr_par' dir='ltr' id='par_1_94' title="bbox 219 2245 1045 2286">
     <span class='ocr_line' id='line_1_94' title="bbox 219 2245 1045 2286; baseline 0.002 -10"><span class='ocrx_word' id='word_1_605' title='bbox 219 2259 230 2276; x_wconf 78' lang='grc' dir='ltr'><strong><em>υ</em></strong></span> <span class='ocrx_word' id='word_1_606' title='bbox 251 2247 390 2285; x_wconf 82' lang='lat' dir='ltr'><strong>dant,sed</strong></span> <span class='ocrx_word' id='word_1_607' title='bbox 400 2247 483 2286; x_wconf 88' lang='lat' dir='ltr'><strong>juxta</strong></span> <span class='ocrx_word' id='word_1_608' title='bbox 493 2249 610 2277; x_wconf 87' lang='lat' dir='ltr'><strong>Patrum</strong></span> <span class='ocrx_word' id='word_1_609' title='bbox 622 2256 762 2277; x_wconf 86' lang='lat' dir='ltr'><strong>canones.</strong></span> <span class='ocrx_word' id='word_1_610' title='bbox 777 2245 859 2277; x_wconf 85' lang='lat' dir='ltr'><strong>Dicat</strong></span> <span class='ocrx_word' id='word_1_611' title='bbox 867 2256 936 2286; x_wconf 85' lang='lat' dir='ltr'><strong>ergo</strong></span> <span class='ocrx_word' id='word_1_612' title='bbox 945 2252 1045 2278; x_wconf 85' lang='lat' dir='ltr'><strong>sancta</strong></span> 
     </span>
    </p>
   </div>
   <div class='ocr_carea' id='block_1_95' title="bbox 220 2291 1046 2333">
    <p class='ocr_par' dir='ltr' id='par_1_95' title="bbox 220 2291 1046 2333">
     <span class='ocr_line' id='line_1_95' title="bbox 220 2291 1046 2333; baseline 0 -11"><span class='ocrx_word' id='word_1_613' title='bbox 220 2302 235 2323; x_wconf 75' lang='grc' dir='ltr'>ι(</span> <span class='ocrx_word' id='word_1_614' title='bbox 251 2292 433 2333; x_wconf 86' lang='lat' dir='ltr'><strong>synodus,an</strong></span> <span class='ocrx_word' id='word_1_615' title='bbox 440 2292 482 2322; x_wconf 84' lang='lat' dir='ltr'><strong>fas</strong></span> <span class='ocrx_word' id='word_1_616' title='bbox 490 2291 574 2327; x_wconf 87' lang='lat' dir='ltr'><strong>sit,ut</strong></span> <span class='ocrx_word' id='word_1_617' title='bbox 586 2300 639 2331; x_wconf 89' lang='lat' dir='ltr'><strong>per</strong></span> <span class='ocrx_word' id='word_1_618' title='bbox 645 2300 757 2322; x_wconf 87' lang='lat' dir='ltr'><strong>sacram</strong></span> <span class='ocrx_word' id='word_1_619' title='bbox 766 2291 974 2331; x_wconf 78' lang='lat' dir='ltr'><strong>pragmaticam</strong></span> <span class='ocrx_word' id='word_1_620' title='bbox 982 2302 1046 2322; x_wconf 87' lang='lat' dir='ltr'><strong>san-</strong></span> 
     </span>
    </p>
   </div>
   <div class='ocr_carea' id='block_1_96' title="bbox 219 2335 1046 2376">
    <p class='ocr_par' dir='ltr' id='par_1_96' title="bbox 219 2335 1046 2376">
     <span class='ocr_line' id='line_1_96' title="bbox 219 2335 1046 2376; baseline 0.002 -10"><span class='ocrx_word' id='word_1_621' title='bbox 219 2350 232 2366; x_wconf 74' lang='grc' dir='ltr'><strong>α</strong></span> <span class='ocrx_word' id='word_1_622' title='bbox 249 2337 377 2368; x_wconf 90' lang='lat' dir='ltr'><strong>ctionem</strong></span> <span class='ocrx_word' id='word_1_623' title='bbox 385 2336 505 2367; x_wconf 84' lang='lat' dir='ltr'><strong>alterius</strong></span> <span class='ocrx_word' id='word_1_624' title='bbox 509 2335 1046 2376; x_wconf 79' lang='lat' dir='ltr'><strong>juraEcclesiaealiirapiantepiscopi?</strong></span> 
     </span>
    </p>
   </div>
   <div class='ocr_carea' id='block_1_97' title="bbox 221 2380 1045 2421">
    <p class='ocr_par' dir='ltr' id='par_1_97' title="bbox 221 2380 1045 2421">
     <span class='ocr_line' id='line_1_97' title="bbox 221 2380 1045 2421; baseline 0 -9"><span class='ocrx_word' id='word_1_625' title='bbox 221 2392 234 2411; x_wconf 73' lang='grc' dir='ltr'><strong>ι</strong></span> <span class='ocrx_word' id='word_1_626' title='bbox 251 2383 358 2412; x_wconf 87' lang='lat' dir='ltr'><strong>Sancta</strong></span> <span class='ocrx_word' id='word_1_627' title='bbox 368 2380 499 2421; x_wconf 79' lang='lat' dir='ltr'><strong>synodus</strong></span> <span class='ocrx_word' id='word_1_628' title='bbox 507 2380 721 2420; x_wconf 85' lang='lat' dir='ltr'><strong>respondit.Ad</strong></span> <span class='ocrx_word' id='word_1_629' title='bbox 728 2387 828 2410; x_wconf 83' lang='lat' dir='ltr'><strong>versus</strong></span> <span class='ocrx_word' id='word_1_630' title='bbox 835 2389 964 2411; x_wconf 82' lang='lat' dir='ltr'><strong>canones</strong></span> <span class='ocrx_word' id='word_1_631' title='bbox 971 2381 1045 2412; x_wconf 90' lang='lat' dir='ltr'><strong>nihil</strong></span> 
     </span>
    </p>
   </div>
   <div class='ocr_carea' id='block_1_98' title="bbox 219 2423 1044 2466">
    <p class='ocr_par' dir='ltr' id='par_1_98' title="bbox 219 2423 1044 2466">
     <span class='ocr_line' id='line_1_98' title="bbox 219 2423 1044 2466; baseline 0.001 -10"><span class='ocrx_word' id='word_1_632' title='bbox 219 2437 234 2455; x_wconf 71' lang='grc' dir='ltr'><strong>ιι</strong></span> <span class='ocrx_word' id='word_1_633' title='bbox 251 2425 463 2466; x_wconf 76' lang='lat' dir='ltr'><strong>pragmaticum</strong></span> <span class='ocrx_word' id='word_1_634' title='bbox 471 2425 590 2455; x_wconf 84' lang='lat' dir='ltr'><strong>valebit.</strong></span> <span class='ocrx_word' id='word_1_635' title='bbox 604 2423 739 2455; x_wconf 88' lang='lat' dir='ltr'><strong>Canones</strong></span> <span class='ocrx_word' id='word_1_636' title='bbox 748 2426 865 2454; x_wconf 85' lang='lat' dir='ltr'><strong>Patrum</strong></span> <span class='ocrx_word' id='word_1_637' title='bbox 880 2425 937 2455; x_wconf 88' lang='lat' dir='ltr'><strong>rati</strong></span> <span class='ocrx_word' id='word_1_638' title='bbox 946 2430 1044 2458; x_wconf 88' lang='lat' dir='ltr'><strong>sunto.</strong></span> 
     </span>
    </p>
   </div>
   <div class='ocr_carea' id='block_1_99' title="bbox 220 2468 1045 2510">
    <p class='ocr_par' dir='ltr' id='par_1_99' title="bbox 220 2468 1045 2510">
     <span class='ocr_line' id='line_1_99' title="bbox 220 2468 1045 2510; baseline 0.005 -12"><span class='ocrx_word' id='word_1_639' title='bbox 220 2483 233 2498; x_wconf 75' lang='grc' dir='ltr'><strong>α</strong></span> <span class='ocrx_word' id='word_1_640' title='bbox 251 2471 385 2510; x_wconf 87' lang='lat' dir='ltr'><strong>Cumque</strong></span> <span class='ocrx_word' id='word_1_641' title='bbox 396 2469 538 2510; x_wconf 65' lang='lat' dir='ltr'><strong>praesides</strong></span> <span class='ocrx_word' id='word_1_642' title='bbox 554 2469 662 2499; x_wconf 89' lang='lat' dir='ltr'><strong>iterum</strong></span> <span class='ocrx_word' id='word_1_643' title='bbox 673 2469 817 2500; x_wconf 87' lang='lat' dir='ltr'><strong>dixissent</strong></span> <span class='ocrx_word' id='word_1_644' title='bbox 832 2479 838 2499; x_wconf 95' lang='lat'>:</span> <span class='ocrx_word' id='word_1_645' title='bbox 851 2468 915 2500; x_wconf 88' lang='lat' dir='ltr'><strong>Jam</strong></span> <span class='ocrx_word' id='word_1_646' title='bbox 928 2474 1045 2510; x_wconf 89' lang='lat' dir='ltr'><strong>tempus</strong></span> 
     </span>
    </p>
   </div>
   <div class='ocr_carea' id='block_1_100' title="bbox 222 2512 1043 2554">
    <p class='ocr_par' dir='ltr' id='par_1_100' title="bbox 222 2512 1043 2554">
     <span class='ocr_line' id='line_1_100' title="bbox 222 2512 1043 2554; baseline 0.001 -10"><span class='ocrx_word' id='word_1_647' title='bbox 222 2526 233 2544; x_wconf 76' lang='grc' dir='ltr'>α</span> <span class='ocrx_word' id='word_1_648' title='bbox 252 2518 306 2553; x_wconf 86' lang='lat' dir='ltr'><strong>est,</strong></span> <span class='ocrx_word' id='word_1_649' title='bbox 324 2518 355 2544; x_wconf 95' lang='lat' dir='ltr'><strong>ut</strong></span> <span class='ocrx_word' id='word_1_650' title='bbox 371 2523 387 2544; x_wconf 88' lang='lat' dir='ltr'><strong>a</strong></span> <span class='ocrx_word' id='word_1_651' title='bbox 404 2513 516 2554; x_wconf 88' lang='lat' dir='ltr'><strong>synodo</strong></span> <span class='ocrx_word' id='word_1_652' title='bbox 529 2513 753 2553; x_wconf 85' lang='lat' dir='ltr'><strong>erudiamur,an</strong></span> <span class='ocrx_word' id='word_1_653' title='bbox 768 2513 811 2543; x_wconf 80' lang='lat' dir='ltr'><strong>fas</strong></span> <span class='ocrx_word' id='word_1_654' title='bbox 826 2512 877 2550; x_wconf 91' lang='lat' dir='ltr'><strong>sit,</strong></span> <span class='ocrx_word' id='word_1_655' title='bbox 890 2516 922 2543; x_wconf 90' lang='lat' dir='ltr'><strong>ut</strong></span> <span class='ocrx_word' id='word_1_656' title='bbox 935 2522 1043 2545; x_wconf 90' lang='lat' dir='ltr'><strong>secun-</strong></span> 
     </span>
    </p>
   </div>
   <div class='ocr_carea' id='block_1_101' title="bbox 1089 2204 1894 2247">
    <p class='ocr_par' dir='ltr' id='par_1_101' title="bbox 1089 2204 1894 2247">
     <span class='ocr_line' id='line_1_101' title="bbox 1089 2204 1894 2247; baseline 0.001 -16"><span class='ocrx_word' id='word_1_657' title='bbox 1089 2214 1103 2230; x_wconf 75' lang='grc' dir='ltr'>ι</span> <span class='ocrx_word' id='word_1_658' title='bbox 1125 2204 1213 2235; x_wconf 85' lang='grc' dir='ltr'>τικοὺς</span> <span class='ocrx_word' id='word_1_659' title='bbox 1248 2204 1356 2241; x_wconf 82' lang='grc' dir='ltr'>τύπους,</span> <span class='ocrx_word' id='word_1_660' title='bbox 1402 2206 1434 2235; x_wconf 76' lang='grc' dir='ltr'><strong>τὰ</strong></span> <span class='ocrx_word' id='word_1_661' title='bbox 1471 2209 1523 2234; x_wconf 84' lang='grc' dir='ltr'>τῶν</span> <span class='ocrx_word' id='word_1_662' title='bbox 1560 2205 1712 2235; x_wconf 79' lang='grc' dir='ltr'>ἐπισκόπων</span> <span class='ocrx_word' id='word_1_663' title='bbox 1748 2206 1894 2247; x_wconf 72' lang='grc' dir='ltr'>προϐαίνειν,</span> 
     </span>
    </p>
   </div>
   <div class='ocr_carea' id='block_1_102' title="bbox 1089 2247 1897 2291">
    <p class='ocr_par' dir='ltr' id='par_1_102' title="bbox 1089 2247 1897 2291">
     <span class='ocr_line' id='line_1_102' title="bbox 1089 2247 1897 2291; baseline 0.005 -17"><span class='ocrx_word' id='word_1_664' title='bbox 1089 2259 1102 2274; x_wconf 79' lang='grc' dir='ltr'>ι</span> <span class='ocrx_word' id='word_1_665' title='bbox 1126 2247 1194 2276; x_wconf 70' lang='grc' dir='ltr'>ἀλλὰ</span> <span class='ocrx_word' id='word_1_666' title='bbox 1233 2249 1276 2276; x_wconf 86' lang='grc' dir='ltr'>καὶ</span> <span class='ocrx_word' id='word_1_667' title='bbox 1312 2250 1373 2282; x_wconf 80' lang='grc' dir='ltr'>τοὺς</span> <span class='ocrx_word' id='word_1_668' title='bbox 1403 2250 1515 2283; x_wconf 80' lang='grc' dir='ltr'>κανόνας</span> <span class='ocrx_word' id='word_1_669' title='bbox 1543 2254 1598 2279; x_wconf 85' lang='grc' dir='ltr'>τῶν</span> <span class='ocrx_word' id='word_1_670' title='bbox 1631 2252 1768 2291; x_wconf 80' lang='grc' dir='ltr'>Πατέρων,</span> <span class='ocrx_word' id='word_1_671' title='bbox 1804 2250 1897 2280; x_wconf 78' lang='grc' dir='ltr'>Εἱπάτω</span> 
     </span>
    </p>
   </div>
   <div class='ocr_carea' id='block_1_103' title="bbox 1089 2293 1896 2336">
    <p class='ocr_par' dir='ltr' id='par_1_103' title="bbox 1089 2293 1896 2336">
     <span class='ocr_line' id='line_1_103' title="bbox 1089 2293 1896 2336; baseline 0.007 -17"><span class='ocrx_word' id='word_1_672' title='bbox 1089 2304 1103 2319; x_wconf 73' lang='grc' dir='ltr'>ι</span> <span class='ocrx_word' id='word_1_673' title='bbox 1126 2293 1169 2320; x_wconf 84' lang='grc' dir='ltr'><strong>οὗν</strong></span> <span class='ocrx_word' id='word_1_674' title='bbox 1191 2293 1208 2327; x_wconf 87' lang='grc' dir='ltr'><strong>ἡ</strong></span> <span class='ocrx_word' id='word_1_675' title='bbox 1230 2294 1290 2332; x_wconf 81' lang='grc' dir='ltr'>ἁγία</span> <span class='ocrx_word' id='word_1_676' title='bbox 1312 2293 1429 2331; x_wconf 78' lang='grc' dir='ltr'>σύνοδος,</span> <span class='ocrx_word' id='word_1_677' title='bbox 1453 2296 1475 2322; x_wconf 84' lang='grc' dir='ltr'>εἶ</span> <span class='ocrx_word' id='word_1_678' title='bbox 1499 2294 1582 2328; x_wconf 79' lang='grc' dir='ltr'>ἐξιστι</span> <span class='ocrx_word' id='word_1_679' title='bbox 1604 2296 1671 2325; x_wconf 82' lang='grc' dir='ltr'>κατὰ</span> <span class='ocrx_word' id='word_1_680' title='bbox 1686 2297 1762 2325; x_wconf 74' lang='grc' dir='ltr'>θεῖον</span> <span class='ocrx_word' id='word_1_681' title='bbox 1783 2305 1896 2336; x_wconf 71' lang='grc' dir='ltr'>πραγμα-</span> 
     </span>
    </p>
   </div>
   <div class='ocr_carea' id='block_1_104' title="bbox 1089 2338 1898 2379">
    <p class='ocr_par' dir='ltr' id='par_1_104' title="bbox 1089 2338 1898 2379">
     <span class='ocr_line' id='line_1_104' title="bbox 1089 2338 1898 2379; baseline 0.005 -14"><span class='ocrx_word' id='word_1_682' title='bbox 1089 2347 1105 2365; x_wconf 82' lang='lat'><strong>¢</strong></span> <span class='ocrx_word' id='word_1_683' title='bbox 1126 2338 1199 2365; x_wconf 82' lang='grc' dir='ltr'>τικὸν</span> <span class='ocrx_word' id='word_1_684' title='bbox 1226 2339 1306 2367; x_wconf 85' lang='grc' dir='ltr'>τύπον</span> <span class='ocrx_word' id='word_1_685' title='bbox 1334 2338 1473 2379; x_wconf 68' lang='grc' dir='ltr'>ἀλλοτρίαις</span> <span class='ocrx_word' id='word_1_686' title='bbox 1502 2339 1644 2374; x_wconf 76' lang='grc' dir='ltr'>ἐκκλησίας</span> <span class='ocrx_word' id='word_1_687' title='bbox 1680 2339 1770 2369; x_wconf 79' lang='grc' dir='ltr'>δίκαια</span> <span class='ocrx_word' id='word_1_688' title='bbox 1808 2340 1898 2379; x_wconf 70' lang='grc' dir='ltr'>ἑτέρως</span> 
     </span>
    </p>
   </div>
   <div class='ocr_carea' id='block_1_105' title="bbox 1089 2381 1897 2425">
    <p class='ocr_par' dir='ltr' id='par_1_105' title="bbox 1089 2381 1897 2425">
     <span class='ocr_line' id='line_1_105' title="bbox 1089 2381 1897 2425; baseline 0.004 -16"><span class='ocrx_word' id='word_1_689' title='bbox 1089 2393 1103 2410; x_wconf 71' lang='grc' dir='ltr'><em>ι</em></span> <span class='ocrx_word' id='word_1_690' title='bbox 1126 2381 1283 2415; x_wconf 81' lang='grc' dir='ltr'>ἐπισκόπους</span> <span class='ocrx_word' id='word_1_691' title='bbox 1311 2386 1519 2425; x_wconf 62' lang='grc' dir='ltr'>παραιρεῖσθαι,</span> <span class='ocrx_word' id='word_1_692' title='bbox 1563 2386 1580 2419; x_wconf 82' lang='grc' dir='ltr'>ἡ</span> <span class='ocrx_word' id='word_1_693' title='bbox 1609 2385 1670 2424; x_wconf 82' lang='grc' dir='ltr'>ἁγία</span> <span class='ocrx_word' id='word_1_694' title='bbox 1707 2384 1813 2418; x_wconf 80' lang='grc' dir='ltr'>σύνοδος</span> <span class='ocrx_word' id='word_1_695' title='bbox 1852 2384 1897 2412; x_wconf 76' lang='lat'><strong>&#39;11:-</strong></span> 
     </span>
    </p>
   </div>
   <div class='ocr_carea' id='block_1_106' title="bbox 1090 2426 1898 2470">
    <p class='ocr_par' dir='ltr' id='par_1_106' title="bbox 1090 2426 1898 2470">
     <span class='ocr_line' id='line_1_106' title="bbox 1090 2426 1898 2470; baseline 0.006 -17"><span class='ocrx_word' id='word_1_696' title='bbox 1090 2438 1104 2454; x_wconf 74' lang='grc' dir='ltr'><strong>α</strong></span> <span class='ocrx_word' id='word_1_697' title='bbox 1127 2426 1255 2465; x_wconf 85' lang='grc' dir='ltr'>εκρίνατο,</span> <span class='ocrx_word' id='word_1_698' title='bbox 1280 2430 1352 2456; x_wconf 79' lang='grc' dir='ltr'><strong>Κατά</strong></span> <span class='ocrx_word' id='word_1_699' title='bbox 1377 2429 1437 2460; x_wconf 85' lang='grc' dir='ltr'>τοὺς</span> <span class='ocrx_word' id='word_1_700' title='bbox 1458 2429 1570 2462; x_wconf 83' lang='grc' dir='ltr'>κανόνας</span> <span class='ocrx_word' id='word_1_701' title='bbox 1584 2429 1616 2455; x_wconf 73' lang='lat'><strong>5&#39;5</strong></span> <span class='ocrx_word' id='word_1_702' title='bbox 1642 2431 1827 2470; x_wconf 80' lang='grc' dir='ltr'>πραγματικὸν</span> <span class='ocrx_word' id='word_1_703' title='bbox 1849 2439 1898 2466; x_wconf 77' lang='grc' dir='ltr'>μη-</span> 
     </span>
    </p>
   </div>
   <div class='ocr_carea' id='block_1_107' title="bbox 1091 2471 1897 2514">
    <p class='ocr_par' dir='ltr' id='par_1_107' title="bbox 1091 2471 1897 2514">
     <span class='ocr_line' id='line_1_107' title="bbox 1091 2471 1897 2514; baseline 0.005 -16"><span class='ocrx_word' id='word_1_704' title='bbox 1091 2483 1104 2499; x_wconf 69' lang='lat' dir='ltr'><strong>c</strong></span> <span class='ocrx_word' id='word_1_705' title='bbox 1127 2471 1168 2499; x_wconf 79' lang='grc' dir='ltr'>ὁὲν</span> <span class='ocrx_word' id='word_1_706' title='bbox 1189 2471 1319 2510; x_wconf 80' lang='grc' dir='ltr'>ἰσχύσειν.</span> <span class='ocrx_word' id='word_1_707' title='bbox 1343 2473 1373 2501; x_wconf 81' lang='grc' dir='ltr'><strong>Οἱ</strong></span> <span class='ocrx_word' id='word_1_708' title='bbox 1399 2474 1508 2506; x_wconf 83' lang='grc' dir='ltr'>κανόνες</span> <span class='ocrx_word' id='word_1_709' title='bbox 1529 2477 1582 2503; x_wconf 85' lang='grc' dir='ltr'>τῶν</span> <span class='ocrx_word' id='word_1_710' title='bbox 1611 2474 1735 2514; x_wconf 85' lang='grc' dir='ltr'>Πατέρων</span> <span class='ocrx_word' id='word_1_711' title='bbox 1765 2474 1897 2514; x_wconf 77' lang='grc' dir='ltr'>κρατείτω·</span> 
     </span>
    </p>
   </div>
   <div class='ocr_carea' id='block_1_108' title="bbox 1092 2517 1898 2559">
    <p class='ocr_par' dir='ltr' id='par_1_108' title="bbox 1092 2517 1898 2559">
     <span class='ocr_line' id='line_1_108' title="bbox 1092 2517 1898 2559; baseline 0.002 -15"><span class='ocrx_word' id='word_1_712' title='bbox 1092 2526 1103 2544; x_wconf 76' lang='grc' dir='ltr'><strong>ιι</strong></span> <span class='ocrx_word' id='word_1_713' title='bbox 1128 2527 1187 2547; x_wconf 85' lang='grc' dir='ltr'>σαν.</span> <span class='ocrx_word' id='word_1_714' title='bbox 1203 2517 1252 2545; x_wconf 83' lang='grc' dir='ltr'>Καὶ</span> <span class='ocrx_word' id='word_1_715' title='bbox 1266 2517 1337 2549; x_wconf 81' lang='grc' dir='ltr'>αὖθις</span> <span class='ocrx_word' id='word_1_716' title='bbox 1353 2520 1405 2546; x_wconf 86' lang='grc' dir='ltr'><strong>τῶν</strong></span> <span class='ocrx_word' id='word_1_717' title='bbox 1430 2517 1568 2559; x_wconf 77' lang='grc' dir='ltr'>ἀρχόντων</span> <span class='ocrx_word' id='word_1_718' title='bbox 1590 2519 1719 2548; x_wconf 82' lang='grc' dir='ltr'>είπόντων</span> <span class='ocrx_word' id='word_1_719' title='bbox 1735 2527 1743 2535; x_wconf 83' lang='grc'><strong>⁸</strong></span> <span class='ocrx_word' id='word_1_720' title='bbox 1775 2519 1826 2549; x_wconf 77' lang='grc' dir='ltr'><strong>Νῦν</strong></span> <span class='ocrx_word' id='word_1_721' title='bbox 1850 2529 1898 2546; x_wconf 81' lang='grc' dir='ltr'>και-</span> 
     </span>
    </p>
   </div>
   <div class='ocr_carea' id='block_1_109' title="bbox 889 2591 1257 2631">
    <p class='ocr_par' dir='ltr' id='par_1_109' title="bbox 889 2591 1257 2631">
     <span class='ocr_line' id='line_1_109' title="bbox 889 2591 1257 2631; baseline 0.019 -8"><span class='ocrx_word' id='word_1_722' title='bbox 889 2591 1016 2627; x_wconf 81' lang='lat' dir='ltr'><strong>VABUE</strong></span> <span class='ocrx_word' id='word_1_723' title='bbox 1039 2596 1257 2631; x_wconf 83' lang='lat' dir='ltr'><strong>LECTIONES.</strong></span> 
     </span>
    </p>
   </div>
   <div class='ocr_carea' id='block_1_110' title="bbox 257 2663 497 2692">
    <p class='ocr_par' dir='ltr' id='par_1_110' title="bbox 257 2663 497 2692">
     <span class='ocr_line' id='line_1_110' title="bbox 257 2663 497 2692; baseline 0.004 -2"><span class='ocrx_word' id='word_1_724' title='bbox 257 2663 288 2690; x_wconf 73' lang='lat'><strong>53</strong></span> <span class='ocrx_word' id='word_1_725' title='bbox 301 2667 354 2692; x_wconf 85' lang='grc' dir='ltr'>τῶν</span> <span class='ocrx_word' id='word_1_726' title='bbox 369 2663 497 2692; x_wconf 84' lang='grc' dir='ltr'>κανόνων.</span> 
     </span>
    </p>
   </div>
   <div class='ocr_carea' id='block_1_111' title="bbox 1001 2726 1126 2761">
    <p class='ocr_par' dir='ltr' id='par_1_111' title="bbox 1001 2726 1126 2761">
     <span class='ocr_line' id='line_1_111' title="bbox 1001 2726 1126 2761; baseline 0.024 -3"><span class='ocrx_word' id='word_1_727' title='bbox 1001 2726 1126 2761; x_wconf 66' lang='lat' dir='ltr'><strong>NOTIE.</strong></span> 
     </span>
    </p>
   </div>
   <div class='ocr_carea' id='block_1_112' title="bbox 260 2787 1285 2831">
    <p class='ocr_par' dir='ltr' id='par_1_112' title="bbox 260 2787 1285 2831">
     <span class='ocr_line' id='line_1_112' title="bbox 260 2787 1285 2831; baseline -0.001 -9"><span class='ocrx_word' id='word_1_728' title='bbox 260 2790 380 2831; x_wconf 59' lang='grc' dir='ltr'><strong>(ΞΛ-25)</strong></span> <span class='ocrx_word' id='word_1_729' title='bbox 394 2789 493 2821; x_wconf 82' lang='lat' dir='ltr'><strong>Exstat</strong></span> <span class='ocrx_word' id='word_1_730' title='bbox 509 2789 636 2820; x_wconf 87' lang='lat' dir='ltr'><strong>edictum</strong></span> <span class='ocrx_word' id='word_1_731' title='bbox 654 2789 672 2819; x_wconf 92' lang='lat' dir='ltr'><strong>l.</strong></span> <span class='ocrx_word' id='word_1_732' title='bbox 692 2798 742 2821; x_wconf 96' lang='lat' dir='ltr'><strong>un.</strong></span> <span class='ocrx_word' id='word_1_733' title='bbox 758 2789 792 2821; x_wconf 87' lang='lat' dir='ltr'><strong>C.</strong></span> <span class='ocrx_word' id='word_1_734' title='bbox 810 2787 856 2820; x_wconf 78' lang='lat' dir='ltr'><strong>De</strong></span> <span class='ocrx_word' id='word_1_735' title='bbox 871 2793 998 2830; x_wconf 78' lang='lat' dir='ltr'><strong>metrop.</strong></span> <span class='ocrx_word' id='word_1_736' title='bbox 1019 2789 1145 2830; x_wconf 82' lang='lat' dir='ltr'><strong>Beryto,</strong></span> <span class='ocrx_word' id='word_1_737' title='bbox 1161 2788 1212 2821; x_wconf 88' lang='lat' dir='ltr'><strong>lib.</strong></span> <span class='ocrx_word' id='word_1_738' title='bbox 1235 2797 1285 2821; x_wconf 76' lang='lat' dir='ltr'><strong>XL.</strong></span> 
     </span>
    </p>
   </div>
  </div>
