1942 3081
209 136 268 169 879

898 138 913 169 J
918 137 963 168 US
984 136 1208 170 GANONICUM

1842 138 1896 172 880

211 205 275 244 ejus
297 203 431 235 miraculi
459 203 561 243 gratia,
591 203 668 244 quod
691 204 849 235 oculariter
863 204 970 234 factum
986 203 1032 234 fuit

1117 209 1125 232 Ξ
1161 203 1282 244 Ἀνδρέου
1316 204 1524 245 ὀφθαλμοφανῶς
1555 206 1697 246 γενόμενον
1724 208 1823 244 θαῦμα,
1859 206 1897 234 ἐπὶ

210 249 246 279 ab
261 248 312 279 illo
330 248 437 279 eximio
454 248 609 289 primoque
638 253 739 279 vocato
755 249 887 289 apostolo
903 248 1032 285 Andrea,

211 294 239 324 in
256 293 388 324 Abarum
405 293 625 333 eversione,qui
641 292 708 325 totis
722 301 830 325 CCXVIII
845 293 931 324 annis
946 292 1033 323 Pelo-

210 347 375 378 ponnesum
388 337 685 378 obtinuerant,usque
700 338 773 368 adeo
785 337 822 368 ab
834 337 959 378 imperio
973 336 1033 367 Ro-

211 391 300 412 mano
317 382 418 419 avulsi,
436 386 467 412 ut
482 391 568 412 nemo
587 383 737 412 Romanus
748 382 779 412 in
796 382 1031 422 Peloponnesum

210 427 255 458 vel
271 426 376 467 pedem
392 426 503 457 inferre
522 431 637 466 posset;
655 430 725 457 tunc
737 430 834 457 autem
851 426 938 456 unius
953 425 1033 456 hora;

210 471 305 511 spatio
318 471 631 502 fueruntexterminati
641 481 693 511 per
710 472 802 502 solam
819 471 1033 512 apparitionem

210 515 299 555 hujus
315 515 413 555 primo
423 515 518 546 vocati
533 515 669 554 apostoli,
686 519 714 546 et
725 515 789 555 ipsa
802 516 884 553 regio
901 518 959 545 tota
973 514 1034 546 Ro-

210 559 306 590 manis
321 559 455 590 restituta
470 559 607 598 sceptris.

249 605 294 635 Ac
309 604 436 644 primum
453 603 574 644 quidem
591 604 700 643 profert
718 612 839 634 auream
856 603 967 634 bullam
984 603 1032 633 in-

210 648 298 679 dicati
314 648 469 688 principis,
486 649 535 688 qui
563 652 592 679 et
607 649 683 679 hanc
707 648 802 688 ipsam
818 648 1033 679 sanctissimam

209 694 381 724 Patrensem
388 692 550 723 Ecclesiam
561 702 595 723 ex
606 693 862 732 archiepiscopatu
869 693 903 722 ad
919 697 1029 722 metro-

211 737 287 778 polis
296 737 417 777 gloriam
430 737 526 768 evexit
535 737 572 767 ob
581 737 661 768 illius
673 737 774 767 eximii
786 737 952 777 prodigium
962 746 1033 776 apo-

210 782 358 822 stoli,quze
380 781 525 819 diximus;
549 786 577 812 et
592 786 651 812 tres
667 782 852 822 episcopatus
870 782 897 812 ei
913 782 1031 821 largitus

210 829 264 864 est,
279 826 513 866 Metboueusem,
527 826 796 863 Lacedaemonium,
813 830 841 857 et
852 825 1029 857 Sarsocoro-
1043 852 1062 876 Β

210 880 334 902 nensem
353 881 359 902 :
377 871 484 902 deinde
509 871 630 902 alteram
653 871 721 902 huic
737 880 908 907 consonam,
925 870 1032 901 Leonis

211 922 239 946 et
266 915 428 946 Alexandri
451 920 640 955 augustorum
659 926 666 945 :
690 925 724 946 ac
748 915 863 946 tertiam
879 914 1030 954 ,Romani,

210 961 426 1002 Cbristophori,
446 967 474 993 et
489 962 683 1002 Constantini,
709 962 888 1002 reliquarum
902 961 1032 1001 vestigiis

210 1006 402 1038 inhaerentem
416 1007 566 1047 ;itemque
584 1011 689 1047 praeter
699 1007 751 1037 has
764 1006 1030 1047 aliam,Nicephori

209 1050 315 1082 Phocae
338 1051 496 1091 :quintam
524 1051 653 1091 denique
677 1051 837 1082 Botaniatas
866 1051 955 1089 illius,
981 1050 1032 1090 qui

211 1096 296 1135 paulo
308 1099 375 1126 ante
386 1105 485 1126 rerum
498 1096 606 1135 potitus
614 1096 677 1134 fuit,
683 1105 747 1136 qum
759 1097 916 1126 recensitze
926 1104 1032 1126 omnes

210 1139 414 1179 obsignantur.
425 1140 675 1171 Neocmsariensis
686 1149 803 1181 quoque
814 1139 952 1170 similiter
965 1149 1032 1169 mo—

210 1189 351 1216 numento
376 1185 640 1216 dominiMichaelis
656 1185 841 1224 patriarchae,
859 1184 952 1215 beatae
969 1193 1034 1214 me-

210 1229 311 1260 moriae
323 1229 426 1260 nititur
438 1238 446 1267 ;
459 1233 487 1260 et
497 1239 588 1260 aurea
599 1229 678 1261 bulla
687 1229 800 1260 domini
810 1229 962 1260 Michaelis
972 1228 1033 1258 Du—

210 1282 262 1304 cas.
279 1273 474 1304 Inveniuntur
487 1278 515 1304 et
532 1278 607 1311 acta,
617 1283 683 1314 quae
699 1273 905 1313 traduntquod
915 1273 1033 1313 episco-

211 1318 480 1358 patus,quicuuque
494 1318 531 1349 ad
547 1318 758 1358 metropolium
775 1318 947 1357 dignitatem
964 1326 1034 1357 pro-

211 1363 339 1393 vehendi
355 1367 450 1401 erant,
467 1372 526 1393 non
548 1363 634 1393 aliter
654 1363 683 1393 id
706 1362 959 1402 assequebantur;
976 1361 1036 1392 nisi

212 1406 339 1447 publicae
366 1407 499 1438 utilitatis
522 1407 552 1438 id
580 1408 717 1438 suaderet
745 1406 831 1443 ratio,
854 1411 883 1436 et
907 1406 1034 1446 synodus

210 1451 416 1487 asseutiretur,
444 1456 472 1482 et
487 1451 620 1483 ecclesim
635 1451 778 1481 honorem
796 1455 959 1490 accepturae
976 1459 1036 1480 me-

212 1496 405 1536 tropolitanus
420 1496 675 1526 remuneratioues
691 1504 723 1526 se
739 1495 843 1534 dignas
859 1504 892 1525 ex
903 1495 1033 1534 impera-

212 1540 286 1570 toris
312 1550 401 1571 manu
426 1545 614 1580 consecutus,
643 1549 677 1571 ea
692 1549 756 1580 quae
776 1543 962 1579 gererentur,
979 1548 1033 1578 ap-

213 1583 363 1624 probaret.
395 1585 450 1616 Tot
466 1586 555 1625 igitur
570 1589 657 1625 utque
683 1585 751 1615 talia
767 1594 833 1615 cum
855 1583 1036 1614 adminicula

213 1629 283 1667 sint,
301 1633 360 1660 tam
374 1630 521 1660 universis
535 1629 714 1667 communia,
737 1638 823 1668 quam
840 1628 965 1667 singulis
982 1637 1035 1668 pe-

213 1674 338 1705 culiaria
355 1684 360 1705 :
380 1675 453 1705 mihi
481 1684 564 1712 sane,
591 1674 709 1713 meique
735 1673 881 1704 similibus
910 1672 1032 1704 videtur.

212 1718 425 1749 humanissime
452 1719 602 1759 princeps,
636 1727 702 1748 esse
732 1718 837 1748 factum
852 1718 938 1757 hujus
955 1717 1034 1748 modi

212 1766 241 1793 et
256 1763 391 1804 iniquum
406 1767 434 1794 et
450 1772 584 1799 enorme,
602 1766 764 1802 contraque
780 1771 878 1792 sacros
893 1771 1031 1799 canones,

213 1812 242 1838 et
270 1807 398 1839 decretis
428 1807 631 1848 spiritualibus
660 1816 694 1837 ac
723 1806 838 1846 legibus
852 1806 1031 1837 adversum:

211 1862 267 1884 nec
279 1854 349 1883 satis
365 1852 475 1884 habere
493 1852 611 1889 virium,
628 1861 692 1892 qua:
718 1851 753 1882 ab
767 1851 936 1882 adversaria
951 1854 1034 1890 parte

212 1902 389 1937 opponatur.
407 1896 479 1928 Nam
502 1906 599 1936 neque
615 1905 699 1927 sacra
715 1895 895 1936 pragmatica
909 1895 1033 1936 sanatio,

211 1942 302 1972 veluti
313 1941 449 1981 superius
479 1945 524 1972 est
551 1941 748 1978 declaratum,
765 1941 905 1971 adversus
920 1939 1035 1970 divinos

211 1995 341 2017 canones
365 1985 495 2016 valebit:
523 1995 619 2025 neque
645 1985 865 2021 condemnatio,
881 1993 946 2024 quae
961 1993 1035 2014 cou-

211 2034 254 2061 tra
280 2031 360 2069 leges
375 2039 504 2061 canones
527 2030 632 2070 tendit,
662 2029 819 2060 laudabilis
834 2038 898 2059 esse
915 2029 1032 2068 poterit.

211 2073 348 2110 Quamvis
377 2074 457 2105 enim
487 2074 631 2114 scriptum
659 2083 676 2103 a
704 2075 866 2104 constituta
895 2073 1035 2103 divinitus

211 2118 364 2158 majestate
390 2122 438 2149 tua
468 2118 670 2152 subnotatum,
693 2117 854 2148 artiﬁciose
870 2121 956 2156 atque
971 2126 1034 2147 ora-

1077 248 1217 282 διακοσίοις
1236 249 1369 278 δεκαοκτὼ
1389 250 1496 291 χρόνοις
1525 250 1596 283 ὅλοις
1623 251 1818 291 κατασχόντων
1851 251 1897 284 τὴν

1076 293 1290 332 Πελοπόννησον,
1326 294 1370 322 καὶ
1397 295 1447 328 τῆς
1470 290 1625 333 Ῥωμαῖκῆς
1646 290 1734 336 ἄρχης
1763 296 1898 333 ἀποτεμο-

1076 337 1174 376 μένων,
1212 340 1249 370 ὡς
1285 337 1353 376 μηδὲ
1380 338 1448 367 πόδα
1476 340 1571 378 βαλεῖν
1606 340 1674 372 ὅλως
1711 339 1835 368 δύνασθαι
1874 341 1899 368 ἒν

1075 383 1142 421 αὖτῇ
1169 379 1302 421 Ῥωμαῖον
1329 382 1407 422 ἄνδρα
1424 391 1431 398 ⁸
1461 383 1487 412 ἐν
1516 388 1565 422 μ.ιᾷ
1592 383 1619 412 δὲ
1647 385 1702 424 ὥρᾳ
1728 385 1830 413 τούτων
1854 385 1899 421 μὲν

1074 426 1266 466 ἀφανισθέντων
1292 427 1322 456 ἐκ
1346 428 1430 464 μόνης
1453 428 1605 467 ἐπιφανείας
1627 434 1674 459 τοῦ
1697 429 1898 469 πρωτοκλήτου,

1074 475 1122 505 τῆς
1155 471 1181 499 δὲ
1218 472 1308 512 χώρας
1337 471 1442 505 ἁπάσης
1470 481 1529 505 τοῖς
1559 469 1722 511 Ῥωμαϊκοῖς
1755 474 1900 513 σκήπτροις

1075 516 1268 551 ἐπανελθούσης
1273 541 1280 548 .

1117 606 1164 634 Καὶ
1186 606 1289 645 πρῶτον
1313 608 1361 644 μὲν
1384 605 1559 646 προϐάλλεται
1582 607 1613 635 τὸ
1634 610 1681 634 τοῦ
1702 606 1828 645 ῥηθέντος
1850 607 1899 644 βα-

1075 649 1168 682 σιλέως
1194 649 1401 690 χρυσόϐουλλον,
1425 655 1472 680 τοῦ
1499 652 1542 680 καὶ
1572 652 1621 685 τὴν
1644 651 1724 685 αὐτὴν
1747 652 1901 690 ἁγιογινάτην

1075 694 1218 728 ἐκκλησίαν
1247 699 1368 736 Πατρῶν,
1395 696 1420 728 ἐξ
1450 696 1665 736 ἀρχιεπισκοπῆς
1694 697 1730 728 εἷς
1759 697 1900 735 μητροπό-

1073 740 1140 772 λεως
1169 741 1245 774 δόξαν
1283 741 1474 781 ἀναγαγόντος,
1512 742 1553 771 διὰ
1592 743 1623 770 τὸ
1657 743 1734 781 ῥηθὲν
1763 743 1901 782 τεράστιον

1072 785 1118 813 τοῦ
1139 787 1289 825 κορυφαίου,
1321 787 1365 814 καὶ
1388 787 1474 826 τρισίν
1508 786 1668 818 ἐπισκοπαϊς
1698 786 1780 820 αὐτὴν
1809 785 1901 825 δωρη-

1074 830 1198 869 σαμένου,
1220 833 1254 868 τῇ
1282 830 1403 870 Μεθώνῃ,
1433 834 1466 869 τῆ
1494 830 1680 871 Λακεδαίμονι,
1711 832 1754 858 καὶ
1776 834 1811 869 τῇ
1833 834 1902 869 Σαρ-

1073 875 1208 914 σοκορώνῃ
1226 885 1233 891 ·
1261 876 1305 903 καὶ
1333 875 1421 915 ἕτερον
1457 877 1541 913 τούτῷ
1571 875 1690 912 συνᾷδον,
1720 875 1836 908 Λέοντος
1856 877 1902 903 καὶ

1074 918 1242 958 Ἀλεξάνδρου
1269 922 1322 947 τῶν
1351 919 1483 957 βασιλέων
1498 927 1505 935 '
1548 921 1592 948 καὶ
1634 921 1719 959 τρίτον
1749 915 1901 958 (Ρωμανοῧ,

1074 964 1263 1003 Χριστοφόρου,
1290 965 1334 992 καὶ
1374 965 1581 1002 Κωνσταντίνου,
1622 964 1681 992 κατ’
1722 964 1802 1004 ἴχνος
1838 965 1902 995 τοῖς

1072 1007 1163 1040 ἄλλοις
1180 1008 1273 1046 βαῖνον
1290 1016 1298 1023 ·
1329 1009 1372 1037 καὶ
1396 1007 1462 1036 ἄλλο
1477 1009 1520 1038 ἐπὶ
1533 1009 1650 1041 τούτοις.
1679 1009 1832 1048 Νικηφόρον)
1854 1012 1902 1036 τοῦ

1072 1055 1153 1080 Φωκᾶ
1169 1062 1177 1069 ·
1215 1054 1258 1080 καὶ
1283 1053 1404 1091 πέμπτον
1437 1053 1479 1081 ἐπὶ
1514 1054 1628 1091 τούτοις,
1657 1058 1704 1083 τοῦ
1732 1055 1782 1093 πρὸ
1805 1055 1902 1092 μικροῦ

1073 1095 1288 1134 βεϐασιλευκότος
1328 1096 1374 1124 τοῦ
1415 1098 1600 1134 Βοτανειάτου,
1643 1099 1705 1130 τοὺς
1742 1098 1900 1138 εἰρημένους

1073 1141 1173 1173 πάντας
1203 1141 1445 1181 ἐπισφραγίζοντος.
1490 1143 1538 1171 Καὶ
1573 1143 1587 1170 ὃ
1626 1143 1829 1182 Νεοκαισαρείας
1874 1141 1903 1170 δὲ

1074 1185 1225 1224 ἐστήρικται
1254 1185 1353 1223 ὁμοίως
1377 1186 1548 1224 ὑπομνήματι
1582 1192 1628 1216 τοῦ
1659 1186 1687 1214 ἐν
1715 1188 1833 1226 μακαρία

1075 1229 1142 1262 λέξει
1178 1231 1354 1270 πατριάρχου,
1377 1231 1456 1270 κυροῦ
1480 1231 1604 1271 Μιχαὴλ,
1639 1232 1681 1259 καὶ
1709 1230 1905 1271 χρυσοϐούλλῳ

1076 1278 1154 1314 κυροῦ
1179 1274 1292 1314 Μιχαὴλ
1312 1278 1360 1303 τοῦ
1385 1275 1482 1305 Λούκα.
1514 1276 1680 1315 Εὑρίσκονται
1702 1275 1729 1304 δὲ
1757 1277 1802 1304 καὶ
1829 1276 1904 1315 πρά-

1077 1318 1127 1352 ξεις
1156 1318 1362 1359 διαγορεύουσαι,
1386 1319 1426 1347 ὅτι
1455 1330 1504 1359 περ
1525 1319 1584 1348 ὅσαι
1606 1324 1659 1348 τῶν
1680 1320 1835 1349 ἐπισκοπῶν
1866 1321 1903 1352 εἷς

1077 1363 1268 1403 μητροπόλεων
1296 1363 1406 1402 ἔμελλον
1434 1363 1639 1398 ἀναϐιϐασθῆναι
1661 1364 1751 1401 κλέος,
1773 1366 1821 1393 οὐκ
1850 1364 1904 1392 ἆλ-

1076 1407 1130 1439 λως
1153 1409 1245 1436 τούτου
1276 1408 1416 1448 ἐπέτυχον,
1448 1409 1470 1436 εἰ
1498 1409 1537 1446 μὴ
1572 1409 1736 1450 κοινωφελὴς
1758 1408 1904 1449 προῦκειτο

1076 1453 1221 1492 οἰκονομία,
1244 1454 1286 1480 καὶ
1311 1454 1329 1487 ἡ
1359 1451 1463 1484 σύνοδος
1493 1452 1659 1490 κατεδέξατο,
1688 1454 1732 1482 καὶ
1759 1455 1774 1481 ὁ
1795 1465 1903 1492 μητρο-

1075 1496 1185 1530 πολίτης
1200 1499 1249 1530 τῆς
1274 1497 1421 1535 μελλούσης
1449 1499 1592 1535 τιμηθῆναι
1620 1498 1762 1532 ἐκκλησίας
1791 1498 1903 1527 anc-.35-

1076 1552 1130 1572 σεις
1154 1541 1225 1574 ἀξίας
1246 1542 1361 1580 εἰληφὼς
1387 1545 1437 1575 τῆς
1465 1542 1606 1580 βασιλικῆς
1621 1542 1717 1583 δεξιᾶς,
1733 1549 1794 1575 τοῖς
1810 1554 1903 1582 πρατ-

1076 1586 1196 1624 τομένοις
1225 1587 1361 1624 συνῄνεσε,
1399 1587 1536 1616 Τοσούτων
1567 1587 1653 1616 τοίνυν
1681 1588 1763 1617 ὄντων
1792 1589 1905 1626 βοηθη-

1077 1631 1178 1670 μάτων,
1204 1631 1248 1658 καὶ
1281 1634 1376 1659 κοινῶν
1404 1637 1462 1662 τοῖς
1490 1634 1566 1670 sciat,
1597 1632 1641 1660 καὶ
1669 1635 1722 1660 τῶν
1736 1632 1907 1660 καθεκαστον

1075 1674 1158 1712 ἰδίων,
1184 1674 1242 1703 ἐμοί
1269 1686 1296 1702 τε
1323 1676 1367 1703 καὶ
1393 1681 1452 1706 τοῖς
1481 1676 1583 1713 ὁμοίοις
1603 1675 1688 1716 δοκεῖ,
1713 1676 1906 1716 φιλανθρωπό-
1932 1690 1933 1694 π

1075 1730 1137 1747 τατε
1173 1719 1291 1760 βασιλεῦ,
1320 1720 1474 1759 παράνομον
1501 1720 1573 1748 εἶναι
1613 1721 1657 1748 καὶ
1690 1720 1820 1759 ἄρρυθμον
1854 1723 1906 1756 τὴν

1075 1765 1198 1797 τοιαύτην
1219 1765 1323 1804 πρᾶξιν,
1349 1765 1393 1793 καὶ
1413 1768 1466 1792 τῶν
1495 1765 1570 1804 ἱερῶν
1597 1765 1714 1794 κανόνων
1729 1765 1906 1807 ἆπεναντίαν,

1075 1809 1118 1836 καὶ
1146 1815 1204 1841 τοῖς
1233 1816 1423 1847 πνευματικοῖς
1458 1809 1528 1848 ὅροις
1562 1810 1606 1837 καὶ
1634 1809 1724 1847 νόμοις
1753 1811 1905 1852 ἀντίθετον,

1075 1855 1119 1882 καὶ
1134 1855 1185 1893 οὔχ
1212 1855 1288 1882 ἱκανὰ
1316 1855 1348 1882 τὰ
1369 1854 1440 1894 παρὰ
1461 1859 1508 1883 τοῦ
1536 1853 1693 1893 ἆντιῤῥόπου
1722 1854 1821 1894 μέρους
1852 1857 1905 1884 ἀν-

1075 1898 1233 1936 τιτιθέμενα.
1251 1898 1315 1927 Οὔτε
1338 1899 1386 1938 γὰρ
1416 1899 1600 1937 πραγματικὸς
1629 1900 1700 1931 θεῖος
1722 1900 1805 1932 τύπος
1832 1904 1907 1929 κατα

1075 1946 1127 1970 τῶν
1141 1943 1216 1970 θείων
1235 1942 1353 1971 κανόνων
1387 1943 1502 1982 ἰσχύσει,
1530 1943 1567 1975 ὡς
1595 1942 1692 1971 ἄνωθεν
1720 1942 1906 1983 διατετράνω-

1075 1998 1131 2027 ται,
1149 1988 1208 2015 οὔτε
1230 1987 1283 2025 μὴν
1312 1987 1452 2022 καταδίκη,
1479 1987 1561 2025 ὁμόσε
1593 1986 1683 2025 νόμων
1707 1989 1750 2016 καὶ
1778 1991 1906 2019 κανόνων

1076 2035 1210 2071 χωροῦσα,
1227 2031 1364 2066 ἐπαινετή,
1388 2032 1417 2060 Εἰ
1440 2031 1489 2071 γὰρ
1510 2031 1553 2059 καὶ
1571 2032 1602 2059 τὸ
1625 2032 1766 2069 σημείωμα
1789 2035 1841 2066 τῆς
1876 2035 1907 2062 ὲκ
1931 2039 1933 2042 ⁴

1077 2080 1142 2104 Θεοῦ
1176 2075 1310 2114 βασιλείας
1338 2086 1395 2111 σου,
1422 2078 1555 2115 τεχνικῶς
1585 2076 1630 2104 καὶ
1655 2075 1801 2115 ῥητορικῶς
1829 2088 1907 2106 χατ-

1076 2121 1240 2161 εσκεύασται,
1269 2122 1314 2149 καὶ
1341 2121 1452 2150 πιθανὸν
1483 2120 1557 2149 δοκεῖ
1585 2127 1645 2152 τοῖς
1668 2121 1782 2154 πολλοῖς
1800 2130 1807 2137 “
1839 2123 1906 2152 ἀλλ’

211 2163 287 2193 torie
319 2163 425 2194 factum
442 2167 496 2201 est,
514 2172 550 2194 ac
566 2163 649 2202 vulgo
663 2162 751 2193 ﬁdem
768 2162 877 2192 mereri
893 2162 1008 2192 videtur
1025 2170 1031 2192 :

1117 2176 1147 2194 τω
1161 2166 1205 2194 καὶ
1233 2164 1352 2206 δυνατὸν,
1381 2165 1476 2204 νόμους
1498 2165 1603 2194 ἀνελεῖν
1629 2166 1674 2194 καὶ
1701 2167 1826 2203 κανόνας,
1861 2171 1909 2197 καὶ

209 2217 268 2238 nou
284 2212 382 2239 tamen
392 2208 510 2248 etleges
525 2212 612 2247 atque
629 2216 758 2238 canones
781 2211 913 2238 evertere
926 2210 1031 2246 potest,

209 2256 237 2282 at
254 2253 405 2284 veritatem
431 2257 598 2284 succutere.
624 2251 697 2283 Nam
723 2254 867 2291 argutatio
898 2255 928 2282 et
942 2251 1032 2282 ratio-

210 2297 387 2335 cinationes,
407 2307 442 2328 ex
456 2297 493 2328 iis
509 2300 715 2337 sumptze,quae
729 2296 882 2327 hominum
900 2295 1033 2336 opinioni

210 2345 418 2373 consentaneae
432 2342 651 2379 videntur,cum
669 2350 728 2371 non
740 2341 798 2371 sint
810 2349 817 2377 ;
830 2340 918 2380 longe
926 2340 1033 2371 absunt

210 2395 226 2416 a
240 2396 309 2417 vero
326 2394 414 2427 atque
425 2386 560 2417 scientia.
576 2386 639 2417 Nec
666 2386 753 2424 longa
768 2385 951 2416 consuetudo
965 2385 1031 2416 elli—

209 2431 267 2462 ciet
282 2435 460 2471 unquam,ut
485 2431 610 2471 id,quod
639 2430 675 2461 ab
699 2430 783 2460 initio
798 2430 959 2461 subsistere
974 2439 1033 2460 non

209 2476 313 2516 potuit,
331 2476 427 2507 locum
454 2475 571 2506 habeat.
598 2475 681 2505 Tunc
706 2475 783 2505 enim
814 2475 899 2514 longa
915 2484 1034 2515 quoque

210 2521 397 2553 consuetudo
412 2522 470 2552 vim
488 2521 561 2559 legis
575 2520 698 2558 obtinet,
709 2520 825 2561 quando
839 2524 1033 2560 praeterquam

211 2565 289 2606 quod
320 2565 472 2597 curatione
502 2574 561 2596 non
588 2571 708 2605 pugnat,
736 2573 792 2596 nec
821 2565 915 2604 legem
932 2566 1033 2596 everti.

210 2610 248 2640 At
262 2620 330 2641 cum
346 2611 402 2641 hoc
418 2610 505 2641 modo
521 2610 596 2640 sacri
620 2619 749 2640 canones
764 2613 944 2650 evertantur,
960 2619 1034 2650 qua-

210 2663 279 2684 nam
307 2655 422 2686 ratione
447 2654 639 2692 consuetudo,
672 2663 736 2692 quae
765 2653 807 2684 sic
832 2654 961 2694 irrepsit,
980 2655 1033 2685 ad-

210 2699 452 2730 mittetur?Nam
477 2699 546 2730 audi
558 2699 631 2738 legis
646 2698 735 2728 verba
752 2707 757 2729 :
777 2698 877 2734 «Quod
894 2708 952 2729 non
968 2709 1034 2730 cum

209 2743 326 2774 ratione
342 2744 544 2775 introductum
573 2748 626 2782 est,
641 2743 692 2773 sed
707 2752 759 2783 per
775 2752 909 2773 errorem
926 2748 955 2774 et
967 2754 1035 2774 con-

211 2789 399 2822 suetudinem
407 2790 534 2821 obtinuit
545 2789 574 2819 in
585 2787 732 2819 similibus
739 2789 836 2819 valere
845 2798 903 2818 non
914 2788 1012 2823 debet.
1021 2802 1033 2822 ι

1074 2211 1123 2244 τὴν
1138 2210 1262 2245 ἀλήθειαν
1283 2217 1452 2241 κατασετσαιε
1484 2210 1636 2250 Σοφιστεία,
1665 2210 1726 2250 γὰρ,
1759 2213 1805 2240 καὶ
1832 2213 1909 2242 ουλε

1074 2255 1207 2294 λογισμοὶ,
1224 2255 1253 2283 ἐκ
1274 2255 1436 2294 φαινομένων
1453 2254 1573 2292 ἐνδόξων⁹
1590 2255 1630 2292 μὴ
1655 2254 1738 2283 ὄντων
1765 2255 1805 2293 δὲ,
1834 2258 1912 2297 πόρο

1073 2300 1111 2339 ῥω
1125 2303 1172 2328 τοῦ
1187 2300 1260 2332 ὄντος
1283 2301 1328 2328 καὶ
1346 2301 1498 2338 ἐπιστήμης
1519 2301 1594 2330 εἰσίν.
1624 2298 1698 2328 Ἀλλ’
1725 2300 1784 2330 οὐδὲ
1811 2306 1911 2343 μακρὰ

1074 2345 1207 2385 συνήθεια,
1243 2346 1273 2373 τὸ
1302 2345 1428 2384 ἆπαρχῆς
1456 2344 1646 2384 ἀνυπόστατον,
1681 2345 1718 2376 είς
1756 2346 1909 2376 ὑπόστασιν

1074 2389 1127 2422 ἄξει
1158 2389 1232 2419 ποτε.
1271 2390 1335 2418 Τότε
1362 2390 1411 2428 γὰρ
1432 2390 1476 2417 καὶ
1503 2390 1520 2423 ἡ
1549 2389 1637 2428 μακρὰ
1661 2390 1784 2424 συνήθεια
1827 2392 1909 2421 οὐδὲν

1077 2435 1155 2467 ἦττον
1173 2435 1254 2472 νόμου
1275 2441 1378 2473 κρατεῖ,
1406 2433 1468 2462 ὅταν
1491 2435 1557 2473 πρὸς
1583 2436 1622 2470 τῷ
1636 2433 1675 2471 μὴ
1697 2433 1837 2473 ἀλόγιστος
1856 2439 1909 2465 εἴ-

1075 2490 1127 2516 ναι,
1153 2480 1195 2507 καὶ
1210 2479 1290 2517 νόμον
1315 2479 1363 2506 οὐκ
1386 2478 1491 2518 ἀναιρῇ.
1517 2476 1575 2506 Ὧδε
1596 2477 1623 2506 δὲ
1643 2480 1696 2506 τῶν
1723 2480 1801 2507 θείων
1829 2481 1910 2509 ἁνα-

1075 2523 1243 2563 τρεπομὲνων
1270 2524 1399 2561 κανόνων,
1430 2524 1498 2559 ποίῳ
1525 2523 1646 2562 λογισμῷ
1674 2524 1798 2558 συνήθεια
1825 2525 1911 2563 λαμ-

1076 2567 1190 2596 ϐάνουσα
1217 2567 1381 2608 παρείσδυσιν
1408 2567 1661 2608 προσδεχθήσεται;
1705 2567 1820 2608 Ἀκούσῃ
1851 2572 1912 2610 γὰρ

1076 2616 1122 2641 τοῦ
1138 2613 1221 2650 νόμου
1235 2612 1359 2652 λέγοντος
1376 2623 1383 2630 ·
1412 2624 1424 2640 ‹
1443 2613 1479 2641 Τὸ
1508 2612 1547 2650 μὴ
1577 2613 1644 2649 μετὰ
1659 2612 1788 2651 λογισμοῦ
1802 2615 1887 2643 εἷσενε
1898 2634 1933 2641 -η

1076 2658 1151 2697 χθὲν,
1182 2657 1250 2685 ἀλλὰ
1276 2658 1344 2685 κατὰ
1371 2656 1476 2690 πλάνην
1509 2657 1553 2684 καὶ
1579 2657 1715 2691 συνήθειαν
1750 2662 1912 2698 κρατῆσαν,

1076 2703 1106 2730 οὒ
1134 2701 1176 2731 δεῖ
1197 2709 1304 2740 κρατεῖν
1329 2701 1355 2730 ἒν
1384 2708 1442 2734 τοῖς
1469 2702 1581 2738 ὁμοίοις.
1599 2712 1613 2729 η
1638 2703 1691 2730 Οὐκ
1711 2701 1861 2741 ἀγνοοῦμεν
1876 2705 1915 2734 δὲ

1076 2748 1119 2775 καὶ
1154 2747 1186 2775 τὰ
1225 2745 1287 2786 παρ’
1330 2746 1404 2774 ἐνίων
1443 2745 1641 2786 προσφερόμενα
1676 2747 1758 2786 πικρὰ
1793 2748 1917 2786 ῥήματα

1076 2793 1108 2819 τὰ
1135 2791 1312 2828 σπουδάζοντα
1341 2791 1439 2832 δωρεὰν
1464 2789 1647 2819 ἀποδεικνύειν
1673 2791 1827 2833 βασιλικὴν,
1855 2795 1921 2828 τὴν
