1942 3081
211 144 271 178 883

890 149 956 180 JUS
976 147 1211 181 CANONICUM.

1839 143 1890 176 884

209 220 343 253 tempore
358 212 473 254 praefuit
482 213 609 254 imperio
627 225 633 242 :
648 213 783 245 ducentis
793 218 859 254 post
870 214 967 255 annis,
979 214 1033 245 sub

1124 216 1216 249 ιοσίοις
1250 216 1369 256 ὕστερον,
1411 216 1453 244 ἐπὶ
1483 214 1666 255 Θεοφυλάκτου
1700 217 1744 242 τοῦ
1780 211 1889 249 ἀοιδίμου

209 257 321 289 celebri
348 257 514 298 patriarcha
540 258 771 299 Theophylacto,
801 259 888 298 jussu
911 259 1037 290 Romani

212 302 340 333 senioris
354 302 554 343 imperatoris,
573 312 677 342 preces
699 303 844 334 offerente
867 303 1035 343 Nicephoro

212 346 352 386 quodam,
368 351 488 387 pastore
503 347 639 388 principe
663 347 909 388 Neocwsariensi,
926 349 1036 379 consti-

212 395 306 422 tutum
336 395 381 422 est
407 391 536 423 tribunal
564 392 683 423 mistum
712 402 746 424 ex
780 393 979 433 pontiﬁcibus,
1007 396 1036 423 et

212 435 308 467 doctis
321 435 393 466 viris
421 436 590 474 senatoriis,
619 437 723 468 eodem
753 437 930 478 patriarcha,
947 446 1034 477 quem

211 479 350 517 diximus,
382 480 568 521 praesidente.
596 481 659 517 Quo
684 481 714 512 iu
737 482 849 521 judicio
871 482 1035 513 secundum

212 525 471 565 metropolitanum
488 529 533 556 est
553 527 785 566 pronuntiatum.
802 526 864 557 Hoc
880 525 1035 556 manifesto

213 574 296 609 paret
319 578 354 600 ex
370 569 488 601 illorum
518 570 737 607 snbnotatione,
755 571 805 611 qui
831 571 868 602 de
882 579 970 603 causa
983 579 1035 601 co-

211 617 398 653 gnoverunt;
423 614 519 655 deque
540 619 733 647 monumento
760 616 832 646 dicti
849 615 1034 656 patriarchae,

211 661 240 688 et
269 667 358 689 aurea
387 658 468 690 bulla
493 659 719 700 imperatorum,
746 660 884 697 Romani,
907 659 1036 691 Christo-

213 702 309 742 phori,
326 708 356 733 et
367 704 740 744 Constantiuiobsignante
756 705 899 744 judicata.
910 703 969 734 Nec
984 703 1036 734 abs

212 755 246 777 re
260 746 380 786 quidem
397 747 526 787 benigne
547 748 720 788 imperator.
739 748 812 779 Nam
827 748 906 789 quod
925 748 1036 779 factum

213 793 260 822 est
275 791 574 831 male,corrigendum
585 797 629 823 est
639 793 727 823 bene.
745 793 794 823 Sic
810 793 948 832 equidem
964 800 1035 822 sen-

213 835 264 867 tio.
283 834 332 866 Sic
341 837 511 876 pronuntio,
528 837 672 868 doctrinis
683 847 699 867 a
711 837 872 877 majoribus
883 836 966 877 quasi
984 845 1036 875 per

1077 260 1255 300 πατριάρχου,
1278 255 1393 289 κελεύσει
1428 259 1559 299 βασιλέως
1588 255 1724 297 Ῥωμανοῡ
1750 260 1799 285 τοῦ
1832 266 1892 295 πρε-

1077 303 1211 344 σϐυτερίου,
1234 304 1259 338 ἐξ
1288 306 1417 340 αἰτήσεως
1453 304 1602 344 Νικτρόρου
1638 303 1721 339 τινὸς,
1752 300 1891 338 ποιμενάρ-

1076 361 1128 389 χου
1161 350 1364 390 Νεοκαισαρείας
1404 350 1596 389 τυγχάνοντος,
1640 347 1808 384 δικαστήριον
1847 345 1891 373 ἆν-

1077 394 1140 427 ἐστη
1156 395 1297 434 συμμιγὲς,
1313 394 1344 423 ἔκ
1358 405 1386 422 τε
1411 394 1569 434 ἀρχιερέων,
1592 393 1635 421 καὶ
1655 392 1805 431 ὲλλογίμων
1832 401 1891 428 συγ-

1076 438 1219 476 κλητινῶν,
1249 440 1449 479 προκαθημένου
1486 440 1529 467 καὶ
1557 438 1636 466 αὒτοῦ
1678 440 1724 464 τοῦ
1761 434 1891 475 εἰρημένον

1076 484 1251 523 πατριάρχου.
1272 478 1328 512 Καὶ
1351 485 1368 518 ἡ
1398 486 1497 512 νικῶσα
1519 486 1555 520 εῷ
1583 480 1769 521 μητροπολίτῃ
1797 478 1870 510 ἐδόθη
1885 488 1891 495 ·

1076 528 1217 566 παρίστησι
1259 530 1336 556 τοῦτο
1380 531 1490 568 τρανῶς.
1534 528 1564 555 τὸ
1605 530 1658 554 τῶν
1699 524 1891 552 δικαιωσάντων

1077 573 1231 610 σημείωμο,
1260 574 1304 601 καὶ
1330 573 1476 610 ὑπόμνημα
1496 575 1542 600 τοῦ
1564 571 1687 610 ῥηθέντος
1718 569 1893 610 πατριάρχω,

1076 618 1120 645 καὶ
1154 609 1346 656 χρυσόϐουλλος
1381 609 1460 656 λόγος
1491 619 1544 644 τῶν
1565 609 1712 654 νβαςιλέων,
1753 609 1894 650 “Ρωμανοῦ,

1078 663 1265 703 Χριστοφόρου,
1307 664 1350 691 καὶ
1392 661 1598 698 Κωνσταντίνου,
1641 660 1838 700 ἐπισφραγίζων
1868 658 1896 684 τὰ

1077 708 1228 746 κεκριμένα.
1246 708 1295 736 Καὶ
1316 707 1437 743 εἰκότως,
1468 706 1595 746 φιλάγαθε
1625 704 1745 743 βασιλεῦ,
1786 704 1822 731 Τὸ
1851 703 1894 740 γὰρ

1077 753 1165 784 κακῶς
1193 751 1347 791 γενόμενον,
1384 751 1441 780 δέον
1473 750 1645 790 διορθωθῆναι
1687 748 1790 780 καλῶς.
1829 746 1895 775 Οὕτω

1077 799 1173 836 φρονῶ.
1211 796 1299 828 Οὕτως
1342 796 1531 836 ἀποφαίνομαι,
1561 802 1621 826 ταῖς
1657 791 1895 832 πατροπαραδότοις

1077 839 1254 873 διδασκαλίαις
1281 844 1333 869 τῶν
1361 841 1441 879 ἁγίων
1478 840 1608 880 θεονρόρων
1650 838 1776 878 Πατέρων
1807 836 1895 873 ἐπόμει
1927 849 1928 860 ι

215 889 318 910 manus
333 881 464 921 acceptis
479 885 648 912 sanctorum
661 882 885 921 afﬂatorumque
896 880 1036 911 divinitus

1125 907 1133 919 ,
1164 886 1207 913 καὶ
1234 892 1293 916 τοῖς
1320 887 1401 925 ἱεροῖς
1430 886 1474 913 καὶ
1494 885 1573 917 θείοις
1600 884 1692 912 κανόσι
1719 884 1851 921 ποιχῶν.
1867 881 1898 909 Οὖ

213 925 333 955 Patrum
348 924 538 963 insistens,et
546 929 750 956 sacrosanctos
759 934 886 956 canones
897 933 1034 964 sequens.

211 969 274 999 Nec
289 969 369 1000 enim
386 974 533 1008 sanctum,
551 966 606 1000 ne'c
622 971 736 1010 justum
759 970 852 1007 duco;
869 970 945 1009 quod
957 969 1038 1008 juste

214 1016 377 1053 sancteque
387 1014 494 1045 factum
513 1024 569 1045 non
594 1020 648 1046 est.
677 1015 741 1045 Non
764 1015 851 1045 etiam
878 1014 1037 1044 multorum

216 1057 372 1097 opiniones
399 1063 511 1097 metuo,
539 1059 590 1099 qui
615 1069 662 1090 me
682 1059 783 1090 volunt
799 1067 950 1090 concessae
967 1056 1039 1088 mihi

215 1102 357 1133 divinitus
366 1102 506 1135 Ecclesia;
519 1104 742 1144 privilegiorum
756 1104 901 1135 rationem
914 1103 1036 1138 habere,

216 1156 272 1178 nec
289 1156 324 1178 ea
339 1148 383 1178 vel
394 1149 605 1188 uegligere,vel
615 1154 725 1179 temere
742 1147 946 1188 prodere.Non
959 1146 1037 1176 enim

213 1192 270 1223 hoc
286 1192 458 1232 pontiﬁcum
475 1197 529 1229 est,
554 1197 586 1224 ut
604 1193 771 1224 necessario
788 1196 890 1233 putent
906 1190 1040 1222 ecclesiae

217 1245 279 1268 suae
294 1236 447 1277 privilegia
473 1237 529 1268 sibi
556 1237 629 1268 citra
656 1238 815 1269 discrimen
840 1235 958 1273 tuenda,
984 1239 1040 1265 tam

213 1282 308 1322 justa,
326 1292 413 1324 quam
442 1284 552 1324 injusta
570 1294 576 1314 :
593 1284 645 1314 sed
661 1294 727 1324 quae
747 1284 828 1323 justa
842 1287 920 1319 sunt,
951 1280 1042 1311 invio-

217 1327 319 1358 labilia
340 1332 478 1367 praestare
504 1328 633 1366 debent;
667 1328 784 1367 injustis
813 1336 881 1358 vero
922 1326 1040 1357 cedere.

217 1370 290 1402 Nam
307 1372 358 1412 qui
372 1381 542 1404 sermonem
570 1373 701 1404 veritatis
724 1376 805 1403 recte
817 1380 918 1403 secare
934 1370 970 1401 de
986 1370 1042 1400 do-

217 1416 322 1447 ctrinis
348 1417 494 1448 sermonis
524 1417 577 1448 Dei
607 1416 829 1456 Servatorisque
854 1416 946 1446 nostri
970 1414 1041 1446 Jesu

1078 930 1128 968 γὰρ
1149 929 1232 969 ὅσιον,
1263 929 1319 958 οὐδὲ
1348 929 1445 957 δίκαιον
1473 928 1589 968 ἥγημαι,
1619 929 1649 956 τὸ
1672 927 1711 964 μὴ
1741 926 1848 957 δικαίως
1875 935 1898 952 τε

1079 975 1122 1002 καὶ
1143 975 1221 1006 ὁσίως
1250 975 1391 1013 γενόμενον
1408 982 1415 990 ·
1447 975 1539 1002 οὒκοῦν
1561 972 1618 1002 οὒδὲ
1643 972 1759 1012 πέφρικα
1779 971 1826 1001 τας
1853 973 1898 997 τῶν

1079 1018 1186 1047 πολλῶν
1206 1019 1365 1058 ὑπολήψεις,
1395 1018 1534 1051 ἀξιούντων
1567 1028 1601 1055 με
1629 1020 1682 1045 τῶν
1710 1016 1760 1049 τῆς
1783 1015 1813 1043 ἐκ
1841 1018 1897 1042 Θεοῦ

1079 1062 1221 1096 δεδομένης
1250 1075 1295 1101 μοι
1321 1063 1463 1096 ἐκκλησίας
1493 1062 1684 1090 ἀντιποιεῖσθαι
1714 1061 1760 1088 καὶ
1794 1059 1833 1097 μή
1853 1070 1897 1086 κα-

1080 1107 1205 1145 ταμελεϊν
1234 1108 1393 1147 προνομίων,
1424 1109 1467 1136 καὶ
1496 1107 1612 1138 εὖκόλως
1640 1111 1722 1136 ταῦτα
1755 1105 1896 1145 προΐεσθαι,

1081 1153 1117 1180 Οὒ
1151 1152 1200 1191 γάρ
1229 1152 1283 1180 ἐστι
1315 1154 1367 1180 τῶν
1397 1151 1557 1191 ἀρχιερέων,
1588 1152 1624 1182 ὡς
1659 1151 1809 1189 ἐπάναγκες
1832 1149 1897 1176 εἶναι

1081 1197 1133 1224 τῶν
1161 1198 1210 1230 τῆς
1245 1198 1341 1228 οἶκείας
1383 1196 1527 1230 ἐκκλησίας
1568 1196 1717 1235 προνομίων
1760 1193 1899 1233 ἀδιαφόρως
1927 1232 1928 1235 η

1081 1240 1237 1280 ἀντέχεσθαι
1263 1240 1366 1269 δικοίων
1395 1252 1423 1268 τε
1451 1241 1506 1278 ἅμα
1533 1241 1576 1268 καὶ
1612 1239 1711 1268 ἀδίκων
1728 1247 1735 1253 ⁸
1779 1237 1848 1266 ἀλλὰ
1874 1237 1900 1264 τέι

1083 1285 1131 1322 μὲν
1166 1285 1251 1314 δίκαια
1286 1285 1423 1325 φυλάττειν
1465 1284 1603 1320 ὰλώϐητα,
1654 1287 1706 1312 τῶν
1747 1282 1777 1310 δὲ
1813 1281 1898 1309 ἀδίκων

1082 1329 1251 1369 ὕπεκχωρεῐν
1277 1331 1320 1358 καὶ
1355 1330 1513 1369 ἐξξστασθαι.
1550 1331 1586 1358 Οὖ
1606 1330 1655 1368 γὰρ
1687 1329 1732 1356 τὸν
1765 1330 1814 1360 τῆς
1836 1326 1896 1357 im-

1081 1374 1151 1406 θείας
1179 1374 1257 1414 λόγον
1296 1375 1449 1413 ὀρθοτομεῖν
1492 1375 1522 1402 ἒκ
1556 1376 1608 1402 τῶν
1651 1372 1822 1411 διόαγμάτων
1859 1373 1898 1402 τῆς

1081 1417 1268 1453 αὒτοαληθείας
1303 1424 1350 1448 τοῦ
1378 1420 1463 1457 Λόγου
1491 1423 1556 1447 Θεοῦ
1589 1419 1633 1446 καὶ
1668 1419 1796 1456 Σωτῆρος
1833 1415 1899 1452 ἡμῶν

217 1459 339 1498 Christi,
356 1460 407 1500 qui
422 1461 529 1492 veritas
544 1461 608 1501 ipsa
623 1465 678 1497 est,
696 1462 816 1491 omnino
829 1460 904 1500 jussi
926 1468 1038 1496 sumus,

1125 1468 1171 1493 σοῦ
1205 1468 1317 1503 Χριστοῦ
1352 1463 1467 1495 καθάπαξ
1504 1462 1718 1500 κεκελευσμένοι,
1749 1462 1800 1489 οὒκ
1828 1459 1896 1486 ἐναί-

218 1513 278 1535 non
303 1505 390 1544 plane
414 1505 491 1544 apud
521 1505 613 1536 Deum
643 1510 779 1545 expertes
803 1505 914 1535 erimus
935 1503 1038 1543 culpa}.

1127 1509 1260 1540 ιπάντως
1291 1508 1403 1545 ἐσόμεθα
1437 1511 1473 1545 τῷ
1507 1511 1575 1545 Θεῷ,
1607 1508 1628 1534 εἱ
1656 1506 1789 1545 προῦργου
1826 1509 1897 1534 ταῦτα

218 1548 244 1578 si
256 1548 293 1579 ob
302 1549 395 1580 animi
406 1551 498 1580 nostri
523 1549 659 1580 aﬂ‘ectum
678 1549 739 1580 haec
753 1549 835 1580 lucra
850 1548 1040 1579 sectabimur.

217 1593 259 1624 Ac
288 1602 342 1624 nos
367 1594 500 1634 quidem,
527 1603 544 1624 a
568 1593 676 1634 quibus
700 1594 867 1624 necessario
884 1593 1039 1632 “agitatur,

219 1641 251 1668 ut
264 1637 370 1669 divinis
386 1638 540 1678 praaceptis
553 1642 581 1669 et
597 1638 806 1669 traditionibus
821 1637 950 1674 Patrum,
970 1636 1042 1666 nihil

219 1682 362 1713 ducamus
385 1682 547 1723 antiquius,
579 1682 632 1713 sed
661 1691 695 1713 ea
721 1691 773 1722 pro
795 1681 906 1712 viribus
935 1680 1043 1711 nostris

217 1725 332 1757 illibata
347 1735 500 1758 servemus
514 1737 521 1765 ;
537 1726 580 1758 sic
596 1730 625 1757 et
639 1726 830 1764 sentimus,et
841 1725 1040 1757 decernimus.

216 1771 314 1804 Velim
339 1781 419 1812 vero,
437 1775 487 1803 tua
502 1780 620 1812 quoque
637 1772 684 1812 pia
711 1771 962 1810 serenissimaque
978 1779 1042 1800 ma—

214 1815 308 1856 jestas
322 1825 386 1847 rem
403 1815 584 1853 consideret,
600 1815 740 1856 quodque
756 1815 831 1846 facto
856 1815 944 1846 fuerit
956 1823 1041 1854 opus,

216 1860 325 1893 faciat:
354 1864 446 1901 atque
472 1860 527 1891 hoc
555 1860 643 1891 modo
669 1861 809 1900 majestas
827 1865 876 1891 tua
896 1859 937 1899 id,
965 1858 1043 1899 quod

219 1905 341 1936 omnino
356 1909 385 1936 et
398 1905 644 1945 reprehensionis
658 1909 687 1935 et
709 1904 840 1935 scandali
855 1913 960 1945 expers
976 1903 1041 1940 erit,

217 1953 276 1981 tam
292 1949 387 1990 ipsius
412 1949 478 1987 Dei,
495 1958 584 1990 quam
599 1958 750 1981 sacrorum
777 1958 923 1980 canonum
937 1957 1042 1988 respe—

219 1998 279 2035 ctu,
292 1997 400 2026 servet.

526 2050 635 2083 LUGzE
657 2051 733 2091 (es).

215 2110 261 2143 Ne
276 2110 381 2142 clerici
395 2109 536 2148 auferant
550 2117 598 2155 ea,
623 2117 689 2155 quae
703 2108 743 2139 ad
752 2108 896 2155 _¢_’ccle_sias
911 2107 958 2139 vel
973 2108 1040 2148 ept-

399 2158 502 2190 scopos
515 2152 677 2180 morientes
691 2152 851 2189 pertinent.

253 2250 346 2282 Mensi
372 2249 471 2281 Martii
499 2248 548 2280 die
575 2257 606 2286 x,
631 2247 704 2279 feria
733 2257 754 2287 ι,
782 2249 961 2289 ρτωεὶᾱειιῑε
978 2258 1042 2279 san-

219 2294 351 2326 ctissimo
367 2294 489 2326 domino
519 2297 620 2324 nostro
637 2296 666 2323 et
689 2293 848 2324 universali
865 2293 1040 2333 patriarcha,

216 2339 337 2371 domino
353 2339 482 2376 Luca,in
502 2337 616 2369 dextris
634 2337 781 2368 Alexiacis
794 2338 1038 2375 catechumeniis,

214 2383 417 2416 assidentibus
441 2383 472 2414 in
498 2382 625 2414 concilio
657 2391 771 2420 magna}
786 2382 879 2422 ipsius
895 2382 1041 2413 sanctitati

214 2428 422 2460 sacratissimis
438 2426 628 2468 pontiﬁcibus
643 2426 830 2467 Caesariensi,
843 2426 1040 2465 Heracliensi,

215 2473 397 2510 Amasiensi,
411 2472 568 2510 Melitenm,
594 2471 867 2509 Thessalonicensi,
884 2471 1039 2502 Neocwsa-

214 2517 318 2556 riensi,
336 2517 474 2559 Myrensi,
491 2516 632 2553 Mocisso,
657 2516 806 2554 Cretensi,
831 2516 1041 2556 TrajanOpoli—

215 2565 296 2601 tano,
323 2562 555 2603 Hierapolitano,
587 2560 667 2598 1Eni,
694 2560 829 2600 Dristrae,
845 2560 1039 2600 Nazianzeno,

212 2606 366 2648 Abydeno,
395 2607 521 2645 Milesio,
561 2604 714 2646 Selybriae,
742 2605 847 2645 Bizyae,
879 2607 1038 2644 Maroneae,

213 2651 305 2690 Parii,
329 2652 385 2691 Cii,
407 2655 497 2694 Apro,
523 2650 615 2687 Nicaa,
646 2649 782 2688 Gotthiae,
811 2649 1038 2689 Matrachorum,

1083 1552 1125 1580 διὰ
1146 1553 1226 1585 πάθος
1248 1553 1280 1581 τὰ
1307 1551 1386 1591 κέρδη
1411 1553 1568 1589 ποιήσομεν.
1595 1551 1644 1580 Καὶ
1665 1551 1747 1587 ἡμεῖς
1780 1550 1829 1587 μὲν
1851 1560 1899 1587 μη-

1083 1596 1125 1624 δὲν
1141 1598 1327 1636 προτιμότερον
1342 1599 1394 1624 τῶν
1421 1597 1496 1624 θείων
1517 1595 1631 1623 ἐντολῶν
1658 1595 1702 1622 καὶ
1724 1594 1779 1622 τῶν
1810 1596 1900 1632 [Iupi-

1083 1644 1136 1670 κῶν
1172 1641 1339 1681 παραδόσεων
1376 1647 1462 1669 ποιεῖν
1491 1639 1629 1679 ἐξανάγκες
1659 1637 1821 1679 ὀφείλοντες,
1850 1636 1900 1665 ἀλλ’

1083 1686 1261 1723 ἂμενάπτωτα
1277 1689 1358 1714 ταῦτα
1378 1684 1528 1724 φυλάττειν,
1558 1685 1595 1715 ὡς
1623 1682 1745 1720 δύναμις,
1769 1683 1840 1710 οὕτω
1864 1682 1899 1709 καὶ

1083 1741 1193 1768 νοουμεν
1209 1731 1252 1758 γαὶ
1267 1730 1416 1768 ὁριζόμεθα.
1440 1729 1608 1761 Σκοπησάτω
1636 1727 1663 1755 δὲ
1684 1728 1728 1755 καὶ
1749 1728 1782 1755 τὸ
1805 1725 1898 1756 εὗσεόὲς

1083 1775 1126 1802 καὶ
1148 1774 1319 1814 παγγάληνον
1335 1773 1429 1813 κράτος
1444 1784 1500 1810 σου,
1517 1774 1561 1801 καὶ
1574 1772 1778 1809 οἷκονομησάτω
1793 1773 1823 1799 τὸ
1837 1770 1898 1798 δέοιθ’

1084 1820 1128 1847 καὶ
1144 1819 1157 1847 ὃ
1172 1819 1276 1850 πάντως
1294 1818 1443 1856 ἄμεμπτον,
1460 1819 1504 1846 καὶ
1518 1818 1700 1857 ἀπρόσκοπον,
1710 1817 1755 1844 καὶ
1770 1817 1836 1856 πρὸς
1844 1815 1898 1843 Θεὸν

1087 1864 1175 1901 αὐτὸν,
1192 1865 1236 1891 καὶ
1251 1864 1316 1903 πρὸς
1331 1863 1391 1894 τοὺς
1407 1863 1489 1902 ἱεροὺς
1505 1861 1617 1893 κανόνας
1633 1859 1787 1900 διαφυλάξοι
1801 1862 1818 1894 ἡ
1829 1861 1899 1898 βασι-

1085 1907 1143 1936 λεία
1156 1919 1213 1938 σου.

1432 2050 1556 2077 ΛΟΥΚΑ.

1087 2122 1098 2139 ιι
1131 2111 1192 2150 Περὶ
1219 2116 1265 2140 τοῦ
1301 2111 1339 2148 μὴ
1374 2110 1570 2150 ἀφαρπάζεσθαι
1600 2110 1659 2141 τοὺς
1695 2108 1837 2148 κληρικοὺς
1870 2107 1897 2135 τὰ

1123 2148 1183 2183 ταῖς
1245 2148 1408 2188 ἐκκλησίαις,
1431 2148 1434 2149 ν
1465 2149 1483 2183 ἢ
1539 2149 1694 2181 ἐπισκόποις
1749 2148 1896 2177 ﬁla-animm

1124 2191 1253 2226 ἀνήκοντα
1259 2215 1265 2222 ,
1290 2201 1303 2220 ι

1125 2249 1193 2282 Μηνὶ
1229 2249 1334 2287 Ματρίιμ
1371 2243 1401 2282 ι’,
1437 2248 1523 2287 ἡμέρᾳ
1546 2242 1583 2286 β’,
1621 2248 1833 2287 προκαθημένου,
1858 2250 1896 2273 τοῦ

1083 2293 1230 2333 ἁγιωτάτου
1244 2295 1321 2331 ἡμῶν
1349 2293 1476 2321 δεσπότου
1502 2292 1546 2320 καὶ
1567 2293 1749 2330 οἱκουμενικοῦ
1776 2290 1894 2329 πατριάρ-

1083 2350 1135 2379 χου
1163 2338 1240 2378 κυροῦ
1267 2341 1365 2374 Αουκᾶ,
1395 2338 1420 2366 ἐν
1449 2344 1506 2368 τοῖς
1537 2335 1632 2369 δεξιοῖς
1653 2336 1817 2368 Ἀλεξιαχοϊς
1836 2345 1895 2362 κατ-

1083 2382 1267 2422 ηχουμενίοις,
1297 2381 1512 2421 συνεδριαζόντων
1548 2384 1582 2419 τῇ
1624 2380 1728 2420 μεγάλῃ
1770 2379 1894 2419 ἁγιωσύνῃ

1083 2430 1159 2458 αὐτοῦ
1201 2427 1348 2467 ἱερωτάτων
1388 2425 1546 2465 ἀρχιερέων,
1589 2429 1635 2454 τοῦ
1664 2425 1829 2464 Καισαρείας,
1856 2425 1894 2450 τοῦ

1086 2468 1252 2511 Ἡρακλείας,
1290 2472 1336 2499 τοῦ
1373 2471 1527 2507 Ἀμασείας,
1570 2475 1616 2499 τοῦ
1660 2468 1821 2502 Μελιτηνῆς,
1854 2469 1893 2494 τοῦ

1084 2517 1291 2553 Θεσσαλονίκης,
1327 2518 1373 2544 τοῦ
1402 2515 1615 2554 Νεοκαισαρείας,
1643 2517 1688 2542 τοῦ
1725 2515 1828 2553 Μύρων,
1854 2515 1893 2539 τοῦ

1083 2566 1235 2596 Μωκισσοῦ,
1268 2566 1313 2590 τοῦ
1349 2560 1466 2600 Κρήτης,
1503 2563 1550 2587 τοῦ
1577 2558 1822 2598 Τραϊανουπόλεως,
1853 2568 1893 2584 του

1084 2602 1266 2646 Ἱεραπόλεως,
1293 2608 1339 2633 τοῦ
1366 2604 1457 2640 Αἴνου,
1488 2607 1534 2632 τοῦ
1557 2605 1692 2643 Δρίστρας,
1715 2603 1762 2630 τοῦ
1790 2606 1892 2638 Nazav-

1081 2645 1137 2691 ζου,
1160 2651 1207 2679 τοῦ
1228 2649 1347 2678 Ἀϐύδου(
1378 2653 1423 2678 τοῦ
1451 2648 1582 2688 Μιλήτου,
1604 2649 1651 2676 τοῦ
1672 2645 1828 2687 Σηλυϐρίας,
1855 2646 1894 2673 τοῦ

990 2730 1116 2763 NOTAE.

251 2803 316 2844 (25)
330 2801 531 2843 Cognomeuto
549 2799 783 2840 Chrysobergis,
800 2798 838 2830 de
855 2798 940 2840 cujus
956 2801 1043 2829 aetate
1057 2796 1113 2833 lib.
1128 2796 1316 2838 praecedente
1329 2794 1440 2827 dictum
1458 2794 1528 2836 (col.
1543 2794 1631 2835 769).
