1942 3081
192 113 250 148 867

870 114 936 146 JUS
955 112 1178 145 GANONICUM

1822 104 1886 144 868

192 180 259 211 aliis
274 179 449 221 quibusdam
466 181 601 212 diversus
627 180 772 221 capitulis,
804 183 864 211 tum
880 179 918 210 de
933 188 1006 220 quai-

1091 183 1114 207 5v
1136 180 1154 213 ἢ
1189 178 1380 219 μητροπόλεων
1401 179 1503 216 ἀξίωμα
1530 177 1749 216 ἆνεϐιῦάοθησαν,
1774 177 1886 206 ἔσονται

192 225 289 256 stione
305 225 456 266 proposita
476 225 677 265 complectens
706 225 770 256 haec
800 225 835 255 ad
863 223 985 255 verbum
1004 232 1011 254 :

193 282 206 298 α
223 269 400 310 Quicunque
415 279 484 301 vero
514 270 701 310 episcopatus
726 269 903 309 jamdudum
920 268 1012 299 evecti

192 314 301 345 suntad
315 314 523 354 metropolium
530 314 752 351 sublimitatem,
765 314 810 344 vel
821 313 846 344 si
861 314 1013 353 episcopa-

189 363 236 390 tus
264 358 301 389 ad
316 358 635 398 archiepiscopatuum,
660 363 708 388 aut
736 357 943 396 metropolium
965 356 1010 386 di-

189 402 329 442 gnitatem
347 402 547 433 ascenderunt
563 412 570 432 :
605 401 765 433 manebunt
791 406 820 433 et
835 401 891 442 ipsi
907 401 1010 432 eadem

187 446 218 477 in
235 446 377 485 dignitate
391 455 424 476 ac
439 446 543 486 gradu,
567 455 622 477 nec
638 455 690 477 eos
704 446 860 487 quisquam
877 446 913 476 ad
931 445 1010 476 infe-

1055 225 1098 252 καὶ
1112 224 1187 252 αὗται
1211 224 1253 253 ἐπὶ
1267 226 1315 258 τῆς
1332 224 1414 257 αὐτῆς
1449 223 1520 256 ἀξίας
1535 224 1647 252 ἑστῶσαι
1683 224 1727 252 καὶ
1759 223 1883 260 βάσεως,

1054 269 1098 296 καὶ
1113 268 1193 301 οὖδεὶς
1222 269 1318 300 ταύτας
1346 267 1509 298 ὑποϐιὸάσει.
1546 269 1577 297 τὸ
1604 268 1798 305 ἀμετακίνητον
1836 267 1885 294 καὶ

1054 312 1133 341 πάλιν
1147 313 1300 353 ὀφειλούσας
1314 315 1468 350 κεκτῆσθαι,
1505 313 1594 348 ὥσπερ
1621 312 1652 346 δὴ
1683 313 1727 340 καὶ
1751 312 1882 340 τετύπω-

1053 368 1107 394 ται,
1125 358 1168 386 καὶ
1193 358 1332 397 γεγόνασιν
1348 365 1356 372 ·
1374 359 1395 385 εἰ
1424 358 1462 395 μή
1490 368 1541 385 που
1577 358 1700 396 χρονικὸν
1731 356 1814 396 ἴσως,
1837 353 1885 383 καὶ

1053 402 1206 440 προσώποις
1243 402 1420 442 περιγραπτὸν
1448 403 1478 430 τὸ
1504 403 1626 430 τοσοῦτον
1661 400 1808 440 δεδώρηται
1831 411 1883 440 φι-

1053 445 1189 483 λοτίμημα
1205 447 1274 485 παρά
1289 458 1358 478 τινος
1373 446 1514 484 βασιλέως,
1541 457 1552 474 ι

187 491 298 522 riorem
314 491 429 530 rediget
446 492 555 531 locum,
572 491 625 521 sed
642 491 751 522 habere
766 490 917 521 debebunt
940 490 995 520 hoc
1007 489 1069 529 jus,
1093 494 1125 520 ut
1149 490 1282 521 innovari
1305 494 1464 530 nequeant,
1486 489 1736 531 quemadmodum
1753 493 1783 520 et
1798 498 1879 519 san-

189 536 280 567 citum
298 539 343 566 est
359 540 387 565 et
400 534 579 571 obtinuere;
603 535 660 566 nisi
685 536 759 566 forte
785 535 963 566 beneﬁcium
989 534 1135 574 ejusmodi
1159 545 1214 566 ceu
1244 535 1468 576 temporarium,
1485 539 1514 566 et
1529 534 1665 575 personis
1680 533 1880 565 circumscri-

188 584 282 621 ptum,
308 579 344 610 ab
359 580 458 619 aliquo
475 581 518 610 eis
533 579 713 620 imperatore
729 589 900 610 concessum
918 579 966 609 sit.
987 590 998 607 ν

231 626 340 655 Praater
355 624 431 655 hanc
450 633 519 655 vero
531 633 643 655 sacram
661 624 769 655 bullam
781 633 914 660 auream,
931 623 1006 653 insi-

187 672 310 700 nuatum
326 672 371 699 est
398 668 487 698 etiam
517 668 658 707 scriptum
689 668 854 699 constituta;
868 667 1008 698 divinitus

187 713 350 753 majestatis
365 716 432 752 tuae,
446 714 495 753 jus
523 712 650 743 dicentis
665 720 744 753 inter
758 713 918 743 indicatum
934 711 1007 742 reli-

186 757 300 797 giosum
323 757 582 796 metropolilanum
596 757 728 797 Ancyrae,
741 766 775 787 ac
794 756 1007 787 reverendissi-

186 811 268 832 mum
296 801 521 842 chartularium,
534 805 621 841 atque
633 802 791 832 nonnullos
807 811 823 831 e
839 801 950 840 majore
960 800 1011 832 Dei

185 845 329 883 Ecclesia,
346 846 513 877 decessoris
528 847 619 876 nostri
628 846 840 886 jussu,missos
849 845 1009 876 obcausam

185 890 376 930 propositam,
405 890 482 930 quod
512 890 633 930 quidem
671 890 835 921 secundum
866 890 1009 929 majorem

185 935 350 966 Ecclesiam
365 934 551 975 pronuntiat.

224 983 358 1022 Cumque
369 985 430 1012 tum
442 983 505 1012 haec
516 981 589 1021 ipsa,
604 985 664 1012 tum
678 981 756 1020 longi
764 980 906 1021 temporis
916 979 1007 1010 dura-

185 1026 309 1063 tionem,
328 1026 421 1056 instar
435 1026 560 1065 alicujus
576 1026 627 1056 teli
653 1025 836 1065 objicerent:
863 1024 1010 1064 negabant

188 1070 386 1110 abrogandam
402 1080 465 1101 rem
481 1079 546 1110 qua
572 1074 652 1101 tanto
677 1071 738 1110 jam
757 1070 897 1110 temporis
911 1070 1008 1100 inter-

186 1114 264 1146 vallo
278 1124 312 1145 ex
328 1115 414 1154 longa
429 1114 612 1154 minimeque
636 1114 830 1145 interturlvata
847 1117 1008 1144 consuetu-

186 1158 255 1190 dine
271 1159 458 1190 obtinuisset.
477 1158 547 1195 Quae
570 1169 638 1190 cum
663 1159 698 1189 ad
717 1159 863 1190 tollendos
879 1166 1007 1189 canones

185 1203 271 1234 nobis
285 1203 362 1234 haud
378 1203 517 1234 sufﬁcere
529 1203 590 1234 visa
604 1203 738 1240 fuissent,
763 1203 878 1244 ipsique
893 1207 1007 1234 metro-

185 1248 307 1288 politani
332 1247 510 1288 permoleste
535 1248 647 1278 ferrent
663 1252 720 1279 tam
736 1247 848 1278 alienas
861 1257 877 1278 a
892 1248 1007 1278 ratione

185 1292 435 1323 contradictiones
450 1292 719 1323 ecclesiasticarum
735 1302 742 1332 ;
761 1301 794 1323 ac
809 1292 936 1323 vicissim
953 1301 1005 1322 ac-

185 1337 350 1367 clamarent
365 1336 570 1377 ecclesiastici,
602 1340 632 1367 et
658 1337 694 1367 ad
711 1346 828 1368 sacrum
845 1337 1006 1376 imperato-

185 1380 261 1411 rium
278 1380 406 1411 tribnnal
424 1385 627 1421 provocarent,
659 1390 714 1412 nec
744 1381 824 1421 prius
839 1391 871 1412 se
886 1390 1004 1412 causam

182 1433 266 1455 suam
278 1429 395 1455 acturos
405 1430 620 1465 asseverarent,
639 1425 696 1456 nisi
711 1425 772 1456 hzec
783 1425 921 1465 abrogata
932 1426 1006 1456 fuis—

183 1473 249 1499 sent
267 1479 273 1499 :
304 1478 447 1509 suspensa
475 1469 573 1500 denuo
590 1470 646 1500 fuit
661 1470 794 1510 quaestio,
811 1475 926 1510 tua-quc
941 1480 1006 1501 ma-

1090 625 1157 664 Πρὸς
1171 627 1210 661 τῷ
1227 625 1335 663 θείῳςδὲ
1363 625 1446 661 τούτῳ
1478 623 1687 665 χρυσοϐουλλίῳ,
1717 622 1881 663 ἐνεφανίσθη

1049 669 1093 696 καὶ
1127 670 1157 696 τὸ
1197 670 1338 706 σημείωμα
1377 674 1423 699 τοῦ
1456 668 1649 709 θεοπροϐλήτου
1675 668 1784 707 κράτους
1816 677 1881 702 σου,

1050 712 1146 750 μεταξὺ
1170 713 1321 746 δικάσαντος
1351 719 1396 744 τοῦ
1429 725 1457 742 τε
1493 713 1615 752 ῥηθέντος
1643 712 1778 752 θεοφιλοῦς
1817 722 1883 748 μη-

1052 757 1206 797 τροπολίτου
1234 758 1374 798 Ἀγκύρας,
1423 759 1466 786 καὶ
1500 762 1546 786 τοῦ
1573 756 1765 787 εὖλαϐεστάτου
1801 767 1882 795 χαρ-

1053 802 1208 842 τοιρύλακος,
1225 804 1270 832 καί
1292 814 1371 831 τινων
1398 806 1446 836 τῆς
1475 807 1521 832 τοῦ
1546 806 1611 831 Θεοῦ
1633 801 1752 840 μεγάλης
1773 800 1880 833 ἐκκλη-

1053 847 1108 879 σίας
1123 847 1153 875 ὲκ
1180 847 1344 886 προστάξεως
1372 853 1418 878 τοῦ
1452 849 1502 886 πρὸ
1528 848 1604 885 ἡμῶν
1619 847 1651 875 τὰ
1679 849 1727 879 τῆς
1752 844 1879 878 Ἐκκλη-

1051 892 1107 923 cia;
1123 893 1280 928 οἰακίζοντος
1303 892 1502 933 ἐκπεμφθέντων
1531 893 1589 929 περὶ
1617 892 1666 924 τῆς
1695 890 1879 930 προκειμένης

1049 936 1207 977 ὑποθέσεως,
1224 936 1338 966 δικαιοῦν
1359 937 1407 971 τὴν
1430 936 1549 975 μεγάλην
1563 935 1734 969 Ἐκκλησίαν.

1093 977 1147 1013 ’Ὡς
1162 993 1186 1010 τι
1221 981 1248 1010 δὲ
1276 982 1358 1011 ὅπλον
1373 981 1584 1022 προϐαλλόμενοι
1599 979 1752 1020 προϐλημα,
1790 981 1879 1007 τοῦτά

1050 1038 1077 1055 τε
1100 1027 1202 1054 καὶτὸν
1217 1028 1316 1066 μακρὸν
1339 1026 1446 1067 χρόνον,
1465 1027 1509 1063 μὴ-
1531 1025 1588 1053 δεῖν
1613 1025 1662 1058 τὴν
1689 1025 1733 1052 ἐπὶ
1746 1027 1877 1052 τοσοῦτον

1050 1072 1146 1111 χρόνον
1181 1071 1349 1110 κρατήσασαν
1393 1071 1423 1099 ἐκ
1451 1073 1553 1109 μακρᾶς
1587 1070 1630 1097 καὶ
1659 1067 1877 1108 ἀπαραποδίστου

1049 1116 1184 1149 συνηθείας
1206 1114 1297 1155 πρᾶξιν
1332 1115 1490 1148 ἆθετηθῆναι
1525 1114 1628 1153 ἔλεγον.
1660 1111 1705 1141 Ὠν
1728 1114 1778 1152 οὐχ
1807 1113 1875 1140 ἱκα-

1048 1163 1099 1187 νεῦν
1133 1161 1200 1197 ἡμῖν
1240 1161 1276 1191 εἷς
1318 1160 1434 1187 κανόνων
1475 1159 1623 1198 καθαίρεσιν
1671 1157 1874 1197 ἔιναφανέντων,

1048 1205 1266 1244 ἁγαιιακτούντων
1281 1203 1308 1232 δὲ
1329 1207 1382 1232 τῶν
1397 1203 1599 1243 μητροπολιτῶν
1625 1202 1667 1230 ἐπὶ
1681 1208 1742 1233 ταῖς
1777 1202 1875 1229 τοιαύ-

1047 1261 1104 1282 ταις
1120 1249 1229 1288 ἀλόγοις
1256 1252 1308 1277 τῶν
1343 1248 1570 1282 ἐκκλησιαπικιῦν
1598 1246 1790 1285 ἆντιρῥήσεσιν,
1807 1245 1875 1273 ἐπι-

1047 1293 1189 1332 ϐοωμένων
1210 1293 1237 1321 δέ
1258 1294 1369 1321 καὶτῶν
1404 1291 1641 1328 ἐκκλησιαπικῶν,
1671 1291 1714 1318 καὶ
1735 1291 1780 1318 τὸν
1795 1291 1873 1318 θεῖον

1046 1339 1182 1378 βασιλικὸν
1216 1337 1430 1376 ἐπικαλουμένων
1471 1337 1556 1375 βῆμα,
1593 1337 1637 1364 καὶ
1672 1335 1711 1372 μὴ
1741 1336 1873 1374 πρότερον

1047 1384 1262 1424 ἀπολογήσασθαι
1290 1382 1494 1421 βεβαιωμένων,
1531 1382 1553 1408 εἱ
1583 1381 1622 1418 μὴ
1651 1381 1732 1408 ταῦτα
1767 1379 1871 1413 ἇθετη-

1046 1431 1127 1466 θεῖεν,
1144 1427 1305 1467 μετεωρίσθη
1339 1426 1418 1455 πάλιν
1448 1427 1480 1454 τὰ
1509 1428 1557 1458 τῆς
1585 1425 1747 1467 ζητήσεως,Δ
1771 1425 1815 1452 καὶ
1838 1427 1873 1461 τῇ

1047 1474 1093 1507 ei;
1175 1463 1380 1511 μεγαλειότητος
1405 1470 1522 1503 ἐξενάσει
1551 1469 1702 1508 ἐταμιεύθη,
1741 1463 1806 1496 ⁴ἰνα
1843 1467 1871 1495 δὲ

179 1512 297 1553 jestatis
312 1514 440 1544 examini
452 1518 612 1545 reservata.
624 1513 660 1545 Ut
670 1518 767 1545 autem
793 1524 877 1545 sacra
889 1524 1006 1555 quoque

1105 1518 1136 1545 τὸ
1151 1517 1225 1556 ἅγιόν
1257 1527 1304 1544 σου
1331 1515 1426 1555 κράτος
1455 1518 1520 1554 γνῷ,
1557 1515 1594 1546 ὡς
1625 1514 1655 1542 ἐκ
1683 1513 1709 1541 ἐν
1745 1512 1872 1552 παρέργῳ

183 1558 321 1597 majestas
338 1564 387 1588 tua
402 1562 571 1598 cognoscat,
602 1568 661 1589 non
689 1559 727 1589 ob
743 1559 855 1590 nullum
873 1561 1000 1599 pretium

181 1611 278 1641 operae
292 1601 376 1632 nobis
387 1603 444 1633 hoc
455 1604 552 1633 datum
567 1603 658 1634 fuisse
670 1603 853 1641 mandatum,
871 1613 924 1634 nec
935 1603 1000 1634 obi-

181 1650 226 1676 ter
240 1650 286 1677 aut
310 1647 495 1686 negligenter
509 1651 674 1685 tractatum,
705 1648 799 1678 visum
827 1653 871 1679 est
887 1649 1002 1679 medio-

182 1690 277 1721 critati
293 1695 414 1732 nostrae,
431 1701 550 1722 omnem
561 1692 667 1723 librum
679 1701 796 1723 sacrum
812 1693 845 1730 (si
860 1693 926 1724 ﬁeri
939 1703 1003 1733 pos-

180 1736 236 1776 set)
250 1736 395 1776 evolvere,
408 1745 566 1777 sacrosque
582 1745 713 1768 canones
725 1739 877 1768 universos
886 1737 1004 1769 curiose

181 1780 367 1820 perquirere.
383 1780 479 1820 deque
494 1781 540 1812 his
563 1782 638 1821 ejus,
665 1790 724 1822 quo
740 1782 776 1812 de
792 1783 895 1822 rgitur,
913 1782 1002 1813 intel-

179 1824 331 1863 ligentiam
358 1826 523 1866 percipere,
549 1830 671 1866 postque
700 1827 898 1866 cognitionem
915 1827 1000 1865 hanc,

178 1869 289 1908 scripto
306 1869 449 1900 exhibere
466 1870 539 1900 divae
556 1871 705 1910 majestati
735 1876 790 1902 tua:
806 1880 870 1911 quae
886 1871 1003 1902 inventa

179 1918 290 1943 essent.
308 1913 379 1949 Quae
397 1923 468 1944 sane
485 1915 653 1945 recensenti
666 1924 682 1946 a
699 1915 844 1955 principio
861 1916 895 1946 ad
912 1916 1001 1946 tinem

176 1967 296 1998 usque..
356 1962 388 1988 ut
395 1963 425 1988 et
436 1958 582 1997 singuluis
594 1963 623 1990 et
634 1960 828 2000 particulatim
843 1960 1002 2001 propositis

173 2001 294 2041 juribus
324 2003 466 2043 cujusque
496 2003 586 2042 partis
615 2003 757 2035 instructa
789 2008 839 2034 tua
865 2005 1002 2044 majestas

177 2047 346 2086 aequissima
361 2051 390 2077 et
405 2047 586 2087 incorrupta,
613 2053 693 2078 certo
706 2053 865 2089 cognoscat
879 2049 1001 2089 religio-

176 2099 225 2120 sos
240 2091 496 2130 metropolitanos,
512 2092 562 2132 qui
579 2092 615 2123 de
631 2092 677 2123 his
692 2093 818 2132 litigant,
831 2103 889 2124 non
902 2095 940 2125 de
952 2104 1002 2125 re—

175 2133 232 2165 bus
247 2135 358 2175 iniquis
372 2135 567 2167 contendere.
585 2137 773 2178 Quapropter
791 2138 872 2175 audi,
888 2147 998 2178 quaeso,

173 2178 366 2210 serenissime
380 2179 554 2220 imperator.
572 2180 646 2217 Qum
662 2181 747 2212 multi
761 2191 891 2212 canones
902 2183 1000 2213 inme-

174 2221 254 2253 dium
272 2223 352 2254 allati
384 2224 508 2255 fuissent
538 2225 684 2265 multique
705 2225 773 2256 libri
803 2226 878 2257 sacri
893 2235 998 2267 reper-

176 2271 236 2298 tum
253 2276 287 2299 ex
304 2267 348 2298 eis
362 2272 417 2309 est,
446 2269 486 2300 uti
515 2269 657 2310 deinceps
685 2269 874 2308 indicabitur,
893 2272 1000 2302 multos

173 2320 274 2343 sacros
288 2321 323 2343 ac
339 2312 454 2344 divinos
470 2323 611 2353 canones,
627 2314 765 2355 legesque
775 2315 886 2352 civiles,
899 2320 1000 2347 etacta

172 2360 341 2387 sanctarum
358 2358 569 2389 universalium
585 2359 764 2399 synodorum
778 2364 887 2397 vetare,
907 2369 944 2391 ne
958 2360 995 2391 ad

172 2402 380 2441 metropolium
393 2402 604 2434 snblimxtatem
611 2404 799 2444 episcopatus
809 2405 971 2435 evehantur
986 2413 993 2436 :

170 2454 237 2475 cum
251 2446 387 2477 ordinem
399 2447 524 2486 singulis
535 2448 714 2489 modumpue
726 2452 865 2489 statuant,
877 2457 932 2479 nec
943 2449 996 2480 ulli

167 2498 268 2520 rerum
285 2491 360 2522 ﬁnes
377 2492 537 2530 transilire,
550 2492 806 2534 velappeterenou
814 2493 996 2524 convenien-

169 2534 221 2574 tia,
252 2536 434 2575 permittant.
465 2537 560 2578 Atque
589 2538 631 2568 uli
655 2539 778 2570 minime
804 2538 995 2579 producentis

169 2579 309 2611 omnibns
322 2581 487 2612 orationem
502 2582 693 2622 prolixiorem
706 2583 827 2619 facit-ns,
843 2584 935 2614 sacris
946 2593 982 2614 au

167 2623 250 2654 ribus
263 2625 319 2656 tuis
333 2625 474 2657 molestus
485 2627 553 2664 sim,
567 2627 672 2658 saltem
685 2627 807 2667 prolatis
818 2628 849 2658 in
865 2629 995 2659 medium

169 2669 291 2708 majoris
303 2672 444 2701 momenti
459 2671 624 2703 canonibus
635 2675 665 2702 et
676 2680 711 2703 ex
724 2672 831 2712 quibus
842 2673 914 2703 solis
929 2673 995 2704 elu-

168 2716 290 2759 cescere
305 2714 416 2747 vcritas
428 2715 548 2756 poterit,
565 2720 689 2748 caeteros
705 2717 850 2748 omittam.
864 2719 936 2748 Cum
949 2727 996 2759 pa-

166 2757 298 2791 triarcha
312 2759 432 2800 quidam
449 2760 660 2793 Antiochenus
684 2761 754 2793 olim
780 2757 995 2796 ordinationem

1041 1566 1108 1601 ἠμῒν
1136 1561 1211 1595 ἐδόθη
1245 1573 1277 1590 τα
1317 1564 1366 1594 τῆς
1406 1559 1581 1600 προστάξεως,
1631 1558 1688 1587 οὐδὲ
1729 1558 1870 1597 παρέργως

1043 1610 1060 1644 ἢ
1076 1607 1181 1646 ἀμελῶς
1206 1606 1345 1642 ἐξητάσθη,
1382 1604 1438 1633 δεῖν
1474 1604 1542 1644 ἔγνω
1575 1605 1593 1638 ἡ
1619 1603 1760 1643 μετριότης
1788 1604 1869 1640 ἡμῶν

1043 1657 1130 1682 πᾶσαν
1158 1652 1229 1690 ἱερὰν
1257 1648 1346 1689 βιϐλον
1369 1650 1400 1686 (εί
1428 1649 1486 1677 οἶόν
1522 1650 1562 1686 τε)
1589 1647 1796 1687 ἂνατιτυξασθαι,
1825 1649 1871 1675 καὶ

1045 1698 1130 1726 πάντα
1145 1698 1217 1724 θετον
1251 1695 1348 1723 κανόνα
1376 1693 1641 1733 πολυπραγμονῆσαι,
1675 1693 1719 1721 καὶ
1745 1691 1770 1724 ἐξ
1782 1691 1870 1720 αὐτῶν

1045 1741 1138 1771 λαϐεῖν
1152 1744 1198 1769 τοῦ
1211 1739 1371 1776 ζητουμένου
1389 1738 1539 1776 κατάληψιν
1555 1747 1561 1753 ·
1598 1739 1638 1766 κεὶ
1659 1738 1726 1776 μετὰ
1755 1739 1866 1776 γνῶσιν,

1044 1787 1180 1827 γράμματι
1209 1786 1375 1823 παραστῆσαι
1404 1787 1442 1820 τῷ
1483 1782 1613 1819 θεσπεσίῳ
1635 1783 1725 1821 κράτει
1754 1792 1802 1810 σου
1835 1781 1869 1808 τὰ

1044 1822 1176 1870 έίρέθέντα
1212 1822 1300 1857 πᾶσιν.
1332 1822 1422 1866 "Amp
1450 1827 1578 1859 ἐπεξιόντι
1606 1833 1664 1858 τοῖς
1699 1825 1746 1854 ἀπ’
1778 1825 1869 1865 ἀρχῆς

1044 1876 1124 1916 μέχρι
1139 1873 1297 1905 τέλους...,.
1313 1872 1385 1905 ὅπως
1400 1872 1453 1900 ἀπὸ
1467 1875 1519 1900 τῶν
1550 1872 1711 1916 καθὲκασταῗ
1726 1871 1770 1899 καὶ
1799 1871 1869 1916 κατὰ

1044 1914 1121 1960 μέρος
1135 1917 1318 1957 δικαιολογίων
1333 1917 1442 1944 ἐλάττου
1471 1920 1523 1945 τῶν
1547 1920 1634 1956 μερῶν
1661 1915 1776 1944 λαϐοῦσα
1793 1914 1869 1948 εἴδη-

1043 1976 1084 1992 σιν
1099 1965 1116 1998 ἡ
1152 1963 1305 1995 δικαιοτατη
1332 1962 1375 1989 καὶ
1410 1960 1525 2000 ἀρῤεπης
1551 1960 1672 1999 βασιλεία
1700 1971 1758 1998 σου,
1787 1960 1866 1997 μάθοι

1042 2010 1086 2037 καὶ
1107 2008 1284 2047 πληροφορίαν
1306 2004 1392 2045 λάϐοι,
1409 2007 1445 2038 ὡς
1467 2006 1513 2034 οὐκ
1547 2004 1590 2034 ἐπ’
1625 2005 1726 2036 ἀδίκοις
1756 2005 1778 2032 οἱ
1806 2005 1867 2043 περὶ

1043 2054 1142 2081 τούτων
1171 2052 1322 2090 μαγόμενοι
1352 2049 1484 2090 θεοφιλεῖς
1522 2048 1717 2089 μητροπολϊται
1746 2048 1865 2089 φιλονει-

1043 2101 1142 2128 κοῦσιν,
1174 2096 1272 2125 Ονῖυκοῦν
1301 2096 1345 2123 καὶ
1387 2094 1509 2131 ἄκουσον,
1543 2094 1708 2134 γαληνότατε
1743 2093 1865 2133 βασιλεῦ,

1046 2141 1154 2170 Πολλῶν
1167 2142 1285 2168 κανόνων
1314 2140 1349 2171 εἷς
1370 2139 1450 2177 μέσον
1479 2139 1604 2167 τεθέντων
1631 2140 1674 2167 καὶ
1710 2140 1785 2177 ἱερῶν
1819 2137 1866 2166 ϐι-

1042 2185 1124 2223 ϐλῷν,
1141 2185 1231 2226 εὑρέθη
1263 2183 1292 2212 ἐκ
1306 2185 1418 2220 τούτων,
1449 2185 1484 2215 ὡς
1501 2183 1561 2217 ἐξῆς
1596 2183 1790 2222 δηλωθήσεται,
1827 2184 1866 2214 ὡς

1039 2232 1070 2260 τὸ
1091 2231 1137 2262 τὰς
1154 2229 1298 2260 ἐπισκοπὰς
1327 2229 1362 2261 εἰς
1397 2228 1588 2268 μητροπόλεων
1615 2228 1682 2266 ὕψος
1710 2228 1864 2267 ἀνάγεσθαι,

1076 2275 1108 2304 λλ
1125 2276 1131 2285 ‘
1204 2276 1212 2302 ὶ
1240 2275 1249 2302 ἱ
1294 2274 1301 2285 ‘
1365 2274 1372 2284 “
1401 2275 1415 2301 θ
1555 2274 1560 2284 ’
1694 2275 1701 2283 “
1769 2273 1784 2301 λ
1858 2275 1864 2284 ‘

1040 2287 1075 2305 πο
1111 2287 1134 2304 οι
1169 2286 1202 2303 κα
1251 2285 1303 2313 εροι
1330 2284 1374 2301 και
1417 2280 1469 2301 εῒοι
1496 2284 1619 2309 κανονες⁹
1660 2284 1704 2301 και
1731 2284 1767 2301 πο
1787 2284 1866 2302 ιτικοι

1040 2319 1189 2358 νόμοιλκαὶ
1214 2317 1319 2358 πράξεις
1355 2317 1501 2346 καθολικῶν
1545 2318 1627 2357 οἵγίων
1657 2317 1771 2346 συνόδων
1812 2330 1867 2347 κιν-

1038 2365 1136 2401 λύουσι,
1161 2363 1232 2396 τάξιν
1248 2363 1352 2400 ἑκάστῳ
1372 2363 1416 2391 καὶ
1440 2363 1522 2391 τόπον
1557 2363 1726 2400 ἐπιτιθέντες,
1750 2364 1794 2391 καὶ
1824 2366 1865 2401 μὴ

1036 2409 1122 2446 mea”
1146 2408 1279 2447 ὑπερόρια,
1305 2406 1366 2446 μηδ’
1396 2407 1510 2448 ἐφίεσθαι
1538 2408 1724 2447 ἐπιτρέποντες
1744 2412 1797 2436 τῶν
1833 2410 1864 2438 οὒ

1037 2453 1235 2494 προσηκόντων.
1255 2453 1303 2481 Καὶ
1318 2451 1363 2480 ἵνα
1379 2453 1418 2490 μὴ
1447 2453 1571 2489 μηκύνων
1606 2456 1640 2492 τῇ
1667 2456 1719 2481 τῶν
1755 2453 1864 2481 πάντων

1037 2501 1198 2538 παραγωγῇ,
1233 2503 1295 2528 ταῖς
1316 2503 1378 2528 ταῖς
1413 2497 1499 2535 ἁγίαις
1525 2497 1631 2538 ἐνοχλῶ
1680 2499 1785 2536 ἀκοαῖς,
1802 2499 1864 2531 τοὺς

1035 2543 1222 2583 καιριωτέρως
1246 2541 1346 2581 προθεὶς
1375 2541 1411 2573 εἷς
1449 2542 1540 2580 μέσον,
1576 2543 1620 2571 καὶ
1648 2542 1675 2570 ἐν
1709 2543 1746 2570 ὧν
1782 2544 1864 2580 μόνον

1037 2587 1143 2616 δυνατόν
1158 2587 1213 2615 ἐστι
1239 2586 1288 2619 τὴν
1323 2584 1447 2620 ἀλήθειαν
1475 2586 1648 2626 ἀναφανῆναι,
1679 2587 1738 2619 τοὺς
1767 2587 1864 2624 ἀλλους

1037 2631 1240 2669 καταλιμπάνω,
1275 2630 1442 2670 Πατριάρχου
1476 2631 1526 2670 γάρ
1567 2642 1636 2664 τινος
1682 2631 1861 2673 Ἀντιοχείας,

1037 2680 1090 2706 τῶν
1125 2676 1153 2704 ἕν
1183 2677 1278 2715 Κύπρῳ
1306 2674 1473 2708 Ἐκκλησιῶν
1503 2679 1552 2709 τῆς
1580 2676 1743 2716 χειροτονίας
1778 2677 1861 2706 πάλαι

1038 2721 1228 2761 ἀντεχομένου.
1243 2720 1287 2748 καὶ
1314 2720 1450 2755 ζητήσεως
1479 2722 1540 2761 περὶ
1558 2722 1652 2751 τούτου
1673 2721 1700 2749 ἐν
1735 2725 1770 2760 τῇ
1799 2723 1862 2761 ἁγίᾳ

1037 2767 1081 2796 καὶ
1108 2765 1234 2804 καθολικῇ
1262 2765 1336 2805 τρὶτῇ
1372 2763 1470 2802 συνόδῳ
1515 2766 1672 2806 γενομένης,
1728 2767 1860 2808 ἀπόφασις
