1942 3081
140 113 206 146 869

823 114 1163 149 GREGO-ROMANUM

1777 116 1838 149 870

105 213 109 216 ι
140 180 198 205 τῶν
218 179 295 206 θείων
314 177 391 212 ἐδόθη
427 179 560 219 Πατὲρων,
591 181 627 212 ὡς
664 181 678 208 ὸ
704 174 729 216 ζ’
755 180 852 215 ταύτης

1064 181 1203 212 lesiarum
1220 181 1305 222 Cypri
1319 181 1377 212 sibi
1406 181 1579 223 vindicaret,
1609 182 1707 224 deque
1722 182 1778 214 hoc
1802 183 1831 214 in

142 223 298 263 παρίστησι,
328 223 438 257 τοιαύτη
455 232 462 239 ⁸
490 236 501 252 ί
527 227 640 263 Πρᾶγμα
675 225 745 264 παρὰ
779 226 839 259 τοὺς
868 227 970 261 ἐκκλη-

146 276 160 293 α
193 268 344 300 σιαστικοὺς
380 269 491 300 θεσμοὺς
513 270 557 297 καὶ
578 269 637 301 τὼς
661 270 771 302 κανόνας
801 275 854 299 τῶν
890 273 970 311 ἁγίων

147 323 163 338 α
182 312 311 351 Πατέρων·
325 314 572 351 καινοτομούμενον,
596 315 639 342 καὶ
664 317 713 348 τῆς
747 315 852 344 πάντων
894 317 970 346 ἐλευ-

148 367 162 383 ι
184 357 272 401 θερίας
305 357 465 401 ἀπτόμενον,
507 358 699 398 προσήγγειλεν
733 360 746 387 δ
771 360 971 401 θεοφιλέστατος

147 400 324 433 «ἐπίσκοπος
350 397 487 441 Ῥηγῖνος,
512 403 554 430 καὶ
588 404 611 430 οἱ
638 404 684 431 σὺν
712 406 782 441 αὖτῷ
817 397 972 434 έῦλαϐέστα-

148 456 160 471 Ι
179 455 220 473 τοι
251 445 388 488 ὂατίσκοπ-οι
409 449 458 479 τῆς
494 448 612 486 Κυπρίων
648 448 777 488 ἐπαρχίας
810 451 900 485 Ζήνων
928 451 971 479 καὶ

148 501 162 515 ιι
182 488 320 532 εὐαγριος.
360 485 442 519 1Ὀίὶεν
471 490 562 525 ἐπειδὴ
602 492 635 519 τὰ
657 485 735 521 non);
753 494 823 527 πάθη
853 495 970 532 μείζονος

149 543 161 559 ι
187 531 430 574 δεῖταιθεραπείας,
453 535 490 566 ὡς
505 536 548 563 καὶ
568 537 673 573 μείζονα
694 537 743 570 τὴν
778 537 879 572 ϐλάϐην
921 539 969 579 φέ-

148 588 163 603 σ
180 588 268 614 ροντα,
291 579 334 606 καὶ
362 579 488 619 μάλιστα,
519 580 541 607 εί
571 581 638 617 μηδὲ
667 581 723 614 ἔθος
754 582 869 622 ἀρχαῖον
899 595 969 622 παρ-

150 632 165 648 ε
181 621 370 661 ηκολούθησεν,
394 623 461 652 ὥστε
495 624 540 652 τὸν
564 624 706 653 ἐπίσκοπον
733 621 970 668 τῆςηἊντιογέων

150 677 165 692 α
189 665 293 699 πόλεως
308 668 354 699 τὰς
378 667 404 695 ἐν
421 669 515 707 Κύπρῳ
544 671 678 698 ποιεῖσθαι
707 673 881 710 χειροτονίας,
906 665 971 701 καθὰ

150 720 165 738 ι
189 709 231 739 διὰ
245 712 298 738 τῶν
312 711 439 740 λιϐέλλων
454 713 498 741 καὶ
533 714 585 742 τῶν
613 715 714 743 οἰκείων
736 709 829 755 φωνῶν
857 715 970 749 ἐδίδαξαν

149 767 164 782 ε
181 755 204 782 οἶ
219 754 404 785 εὖλπιϐἐστατοι
419 756 520 796 ἄνδρες,
557 760 580 786 οἱ
604 759 654 792 τὴν
686 754 812 799 πρόσοδον
854 764 888 799 τῇ
910 762 971 800 ἁγίᾳ

149 809 162 826 α
195 799 294 837 συνόδῳ
321 802 506 840 ποιησάμινοι,
538 802 620 835 ἕξουσι
648 805 678 832 τὸ
707 805 901 844 ἀνεπηρέαστον
927 799 970 834 καὶ

148 855 163 871 α
181 842 301 873 ἀϐίιστον
317 847 340 873 οἱ
353 849 406 873 τῶν
426 847 506 885 ἁγίων
536 847 702 881 Ἐκκλησιῶν
736 853 789 878 τῶν
825 851 891 878 κατὰ
922 851 972 884 τὴν

149 899 165 914 ε
182 888 284 927 Κύπρον
299 894 472 928 προεστῶτες,
506 893 573 920 κατὰ
593 893 653 925 τοὺς
681 894 791 927 κανόνας
821 898 874 922 τῶν
894 896 972 923 ὁσίων

149 943 165 958 α
184 933 316 973 Πατέρων,
346 935 390 962 καὶ
403 935 452 968 τὴν
487 935 601 976 ἅρχαιαν
623 938 771 977 συνήθειαν,
801 938 838 966 δι’
873 939 972 967 ἑαυτῶν

151 988 165 1004 ι
181 977 229 1008 τὰς
277 980 442 1018 χειροτονίας
490 983 543 1008 τῶν
586 980 782 1012 εὖλαϐεστάτων
818 983 971 1011 ἐπισκόπων

150 1033 164 1048 α
188 1023 351 1060 ποιούμενοι,
375 1025 410 1052 Τὸ
425 1023 451 1051 δὲ
485 1026 548 1053 αὐτὸ
576 1027 619 1054 καὶ
654 1026 696 1054 ἐπὶ
724 1030 777 1054 τῶν
813 1026 898 1055 ἄλλων
927 1027 969 1055 δι-

152 1075 166 1093 α
183 1067 313 1101 οικήσεων
326 1068 435 1095 καὶτῶν
468 1069 611 1109 ἅπανταχῆ
635 1070 771 1110 ἐπαρχιῶν
797 1071 969 1111 φυλαχθήσε-

149 1121 163 1139 α
187 1123 240 1147 ται,
277 1113 344 1141 ὥστε
370 1113 469 1151 μηδένα
497 1118 550 1142 τῶν
579 1116 790 1156 θεοφιλεστάτων
818 1118 970 1146 ἐπισκόπων

150 1155 311 1197 «ἐπαρχίαν
340 1157 430 1196 ἑτέραν
454 1160 500 1188 οὒκ
535 1161 612 1188 οὖσαν
631 1155 745 1189 γόίνωθεν
779 1162 825 1189 καί
856 1161 969 1202 ἐξαρχῆς

153 1212 167 1227 ι
189 1201 240 1229 ὑπὸ
254 1202 303 1235 τὴν
319 1203 396 1233 αὖτοῦ
417 1203 497 1242 ἤγουν
525 1206 578 1232 τῶυ
591 1205 640 1242 πρὸ
678 1205 756 1234 αὖτοῦ
777 1213 869 1246 χεῖρα,
886 1201 971 1234 κατα-

152 1255 165 1272 (
183 1244 337 1283 λαμϐάνειν.
353 1246 425 1276 Ἀλλ’
442 1249 464 1276 εἰ
478 1249 522 1276 καὶ
535 1260 575 1280 τις
604 1249 743 1286 κατέλαϐε,
844 1251 887 1290 ὑφ’
915 1251 973 1278 ἔαυ-

152 1299 166 1317 e
183 1290 229 1317 τὴν
243 1292 384 1325 πεποίηται
409 1293 576 1330 βιασάμενος,
613 1297 704 1322 τοῦτου
732 1294 892 1331 ἀποδιδόναι,
926 1295 973 1323 ’ίνα

154 1343 170 1363 (
186 1335 224 1365 μὴ
239 1339 292 1363 τῶν
314 1336 436 1376 Πατέρων
451 1339 474 1364 οἱ
502 1348 610 1369 κανσ-νες
645 1338 868 1378 παραϐαίνωνται,
903 1339 971 1377 μηδὲ

151 1390 166 1405 σ
184 1378 210 1407 ἐν
226 1380 368 1418 ἱερουργίις
404 1383 588 1421 προσχήματι,
619 1382 734 1416 ἐξσυσίας
768 1387 847 1423 τῦφος
872 1395 969 1422 κοσμι-

155 1434 170 1449 ε
187 1424 233 1455 κὸς
262 1423 459 1465 παρεισδύηται,
490 1425 558 1463 μηδὲ
596 1427 716 1465 λάθωμεν
750 1428 799 1461 τὴν
827 1427 971 1468 ἐλευθεριαν

154 1479 169 1494 α
201 1469 362 1512 κατὸμικρὸν
385 1469 573 1505 ἀπολέσαντες,
601 1474 634 1504 ἦν
659 1472 727 1508 ἡμῖν
757 1472 906 1512 ἐδωρήσατο
933 1477 971 1511 τῷ

1011 229 1110 256 sancta
1126 229 1154 256 et
1178 225 1338 256 universali
1355 226 1440 256 tertia
1453 227 1564 266 synodo
1579 228 1740 267 quaesitum
1757 227 1834 259 fuis-

1011 273 1080 301 set:
1107 270 1254 300 sententia
1280 269 1412 300 divorum
1443 272 1559 301 Patrum
1598 271 1675 302 edita
1703 275 1749 302 est
1776 272 1832 303 hu-

1009 313 1155 354 jusmodi,
1172 313 1258 344 sicuti
1269 323 1363 344 canon
1380 314 1492 345 eisdem
1523 315 1666 355 septimus
1682 315 1830 347 declarat:

1016 371 1027 385 u
1045 357 1118 388 Rem
1136 367 1201 398 qua
1212 368 1286 389 novo
1297 367 1380 389 more
1393 362 1500 399 praeter
1510 359 1592 398 leges
1605 359 1832 397 ecclesiasticas.

1014 412 1028 432 ‹
1047 406 1077 432 et
1090 406 1261 433 sanctorum
1279 404 1395 432 Patrum
1418 412 1547 433 canones
1563 403 1739 442 admittitur,
1766 414 1833 435 om-

1016 457 1027 472 ιι
1046 446 1186 487 niumque
1199 447 1365 478 libertatem
1378 447 1480 486 tangit,
1491 447 1633 477 nuntiavit
1644 448 1832 487 religiosissi-

1015 501 1028 518 ι
1046 499 1110 521 mus
1125 491 1280 531 episcopus
1297 492 1436 530 Reginus,
1450 491 1536 530 eique
1544 491 1676 530 adjuncti
1691 501 1832 524 reveren-

1015 535 1160 566 tdissimi
1186 536 1318 576 episcopi
1349 536 1506 576 provinciae
1538 536 1725 577 Cypriorum,
1755 537 1832 568 Zeno

1016 591 1026 607 σ
1036 583 1130 619 Atque
1141 580 1281 619 Evagrius
1301 580 1468 613 Unde.cum
1481 580 1577 610 morbi
1587 589 1760 611 communes
1769 591 1832 612 ma-

1015 623 1118 663 ajoris
1130 625 1292 656 curationis
1320 629 1439 664 egeant,
1456 629 1489 655 ut
1520 624 1571 664 qui
1596 625 1690 664 majus
1716 635 1834 666 quoque

1015 678 1029 698 ‹
1045 668 1184 698 damnum
1193 669 1466 709 ferant,przesertim
1478 669 1502 699 si
1514 678 1611 709 neque
1623 678 1686 699 mos
1697 670 1833 710 antiquus

1015 723 1026 740 (ι
1045 715 1216 749 accesserit,
1234 718 1264 743 ut
1279 713 1435 753 episcopus
1451 713 1533 744 urbis
1556 713 1733 744 Antiohenae
1747 714 1830 745 ordi-

1016 767 1027 785 α
1047 757 1182 787 nationes
1197 757 1225 787 in
1242 757 1334 797 Cypro
1352 757 1448 794 faciat,
1466 757 1716 798 quemadmodum
1725 767 1778 798 per
1792 759 1830 789 li-

1015 813 1028 828 σ
1046 801 1139 831 belles
1155 806 1182 832 et
1197 803 1345 832 orationes
1356 802 1558 832 suasdocuere
1574 802 1628 832 viri
1648 803 1833 834 reverendis-

983 847 1029 872 Ba
1047 846 1125 883 simi,
1155 846 1205 886 qui
1234 847 1391 877 concilium
1430 847 1486 876 hoc
1515 846 1635 876 nomine
1668 847 1830 886 adierunt;

1016 901 1029 917 α
1044 889 1259 920 immunitatem
1278 891 1313 921 ab
1326 891 1406 921 omni
1423 890 1573 921 habebunt
1590 891 1698 930 injuria
1712 898 1742 922 et
1767 892 1830 922 vio-

1016 947 1029 962 α
1048 935 1140 964 lentio
1147 939 1259 966 sancto:
1269 945 1317 965 um
1327 935 1638 975 ecclesiarum,quaain
1646 935 1739 975 Cypro
1751 942 1830 974 sunt,

1016 989 1030 1007 «
1047 979 1368 1018 praesides,secundum
1378 988 1508 1010 canones
1520 983 1690 1010 sanctorum
1700 981 1832 1018 Patrum,

1016 1035 1029 1050 α
1044 1027 1074 1053 et
1088 1023 1236 1063 antiquam
1247 1023 1504 1062 consuetudinem,
1518 1033 1571 1063 per
1581 1024 1695 1063 seipsos
1707 1025 1830 1055 ordina-

1015 1067 1128 1098 (tiones
1134 1068 1449 1098 reverendissimorum
1460 1068 1666 1108 episcoporum
1675 1068 1828 1101 facientes.

1014 1123 1028 1138 α
1045 1112 1126 1143 Idem
1142 1121 1210 1142 vero
1227 1117 1256 1143 et
1268 1113 1297 1142 in
1313 1112 1379 1143 aliis
1403 1112 1582 1143 dioecesibus
1597 1112 1827 1152 provinciarum,

1015 1166 1029 1185 ι
1045 1165 1110 1195 quae
1124 1157 1234 1196 ubique
1249 1161 1326 1191 sunt.
1341 1157 1561 1196 observabitur:
1589 1165 1620 1186 ut
1643 1157 1742 1188 nullus
1756 1159 1830 1188 reli-

1017 1212 1028 1228 u
1036 1200 1269 1239 giosissimorum
1276 1203 1481 1241 episcoporum
1494 1201 1673 1241 provinciam
1689 1202 1828 1240 alienam,

1017 1256 1028 1272 ιι
1047 1253 1113 1284 quas
1127 1244 1196 1275 olim
1210 1249 1240 1276 et
1255 1245 1291 1275 ab
1320 1245 1404 1275 initio
1432 1244 1508 1285 ejus,
1538 1245 1583 1276 vel
1605 1249 1828 1277 antecessorum

1017 1299 1028 1316 ι
1044 1288 1137 1328 ipsius
1150 1298 1236 1319 manu
1254 1299 1312 1319 non
1328 1290 1426 1326 fuerit,
1446 1294 1579 1329 occupet.
1611 1289 1779 1325 Qniuetiam
1804 1291 1829 1321 si

1017 1345 1030 1361 α
1047 1333 1112 1373 quis
1125 1334 1321 1374 occupaverit,
1340 1338 1368 1364 et
1379 1334 1435 1364 sibi
1443 1334 1615 1375 subiecerit,
1631 1335 1771 1372 adhibita,
1789 1336 1826 1369 vi.

1016 1377 1179 1409 «restiluat
1195 1387 1273 1416 eam,
1304 1388 1341 1409 ne
1368 1378 1484 1409 Patrum
1514 1388 1643 1410 canones
1672 1379 1828 1418 violentur,

1015 1435 1028 1450 σ
1046 1431 1101 1454 nec
1111 1423 1187 1453 sacri
1204 1424 1334 1454 muneris
1343 1427 1493 1463 praetextu,
1508 1423 1658 1463 potestatis
1673 1426 1830 1455 mundana

1016 1479 1028 1495 ιι
1046 1467 1136 1498 fastus
1151 1468 1271 1507 irrepat,
1285 1476 1358 1498 neve
1387 1467 1472 1498 nobis
1499 1467 1575 1498 haud
1606 1467 1832 1501 observantibus

155 1523 170 1539 α
187 1511 243 1550 ὶδίῳ
272 1513 367 1550 α’ίματι
397 1515 410 1542 ὁ
439 1515 531 1553 Κύριος
574 1515 652 1553 ἥμῶν
687 1515 790 1556 1ίηιτοῦς
809 1511 922 1556 Χριστὸς

1063 1512 1213 1543 ibertatem
1222 1521 1285 1542 eam
1295 1511 1433 1552 paulatim
1443 1511 1715 1552 amittamus,quam
1745 1514 1830 1545 nobis

155 1567 171 1584 α
187 1557 292 1585 πάντων
312 1557 487 1597 ἑλευθερωτὴς
515 1559 667 1599 ἀνθρώπων.
701 1555 796 1593 ’Ἔδοξε
828 1555 912 1589 τοίνυν
939 1565 972 1599 τῇ

154 1613 167 1630 ς
192 1603 253 1641 ἁγίᾳ
288 1604 330 1631 καὶ
365 1604 531 1643 οἷκουμενικῇ
565 1605 673 1643 συνόδῳ,
718 1607 844 1642 σώζεσθαι
873 1608 972 1646 ἑκάστῃ

156 1646 302 1687 «ἐπαρχίᾳ
331 1649 430 1687 καθαρὰ
457 1650 501 1677 καὶ
527 1648 636 1678 ἀϐίαστα
674 1651 707 1678 τὰ
741 1651 807 1685 αὖτῆ
842 1653 972 1691 προσόντα

157 1703 170 1719 ε
187 1691 273 1720 δίκαια
289 1691 403 1732 ἑξαρχῆς
424 1695 468 1721 καὶ
482 1692 591 1731 ἄνωθεν,
625 1696 692 1724 κατὰ
719 1696 749 1723 τὸ
765 1695 847 1724 πάλαι
870 1699 970 1735 κρατῆη

156 1747 170 1764 α
194 1747 243 1765 σαν
272 1736 340 1777 ἔθος,
376 1736 462 1765 ἄδειαν
491 1737 600 1778 ἔχοντος
626 1739 735 1767 ἑκάστου
765 1741 971 1780 μητροπολίτου,

157 1792 168 1809 ι
186 1782 219 1809 τὰ
233 1781 283 1809 ἶσα
297 1784 349 1810 τῶν
363 1783 556 1822 πεπραγμένων
571 1784 636 1823 πρὸς
664 1785 694 1812 τὸ
725 1785 822 1813 οἰκεῖον
857 1785 972 1826 ἀσφαλὲς

156 1836 168 1854 ε
185 1824 319 1855 ἐκλαϐεῖν.
349 1827 377 1854 El
391 1825 418 1854 δέ
438 1838 478 1858 τις
493 1827 649 1867 μαχόμενον
664 1829 744 1857 τύπον
763 1836 822 1862 τοῖς
837 1834 880 1859 νῦν
898 1824 973 1869 νὼρι-

157 1881 169 1898 ι
187 1870 293 1908 σμένοις
313 1871 481 1912 προκομίσοι,
498 1871 591 1912 ἄκυρον
624 1874 716 1901 τοῦτον
745 1873 814 1902 εἴναι
843 1873 911 1906 ἔδοξε
940 1877 973 1913 τῇ

155 1926 170 1942 α
186 1915 248 1953 ἁγίᾳ
281 1915 352 1953 πάσῃ
380 1916 423 1943 καὶ
452 1916 618 1955 οἰκουμενικῇ
649 1916 757 1954 συνόδῳ,
775 1929 789 1945 ιι
822 1919 871 1947 Καὶ
896 1922 973 1947 τοῦτο

153 1959 203 1997 μὲν
232 1959 339 1998 ὥρισται
369 1960 439 1999 παρὰ
464 1962 513 1993 τῆς
543 1961 619 2000 ἁγίας
661 1963 749 2001 τρίτης
777 1961 895 1993 συνόδου.
925 1963 974 1992 Καὶ

152 2002 269 2038 δεήσεως
284 2003 367 2041 ταύτῃ
399 2005 618 2044 προσενεχθείσης
647 2006 717 2044 παρά
745 2017 816 2038 τινος
846 2007 972 2044 Εὗνομίου

151 2050 202 2081 τῆς
228 2046 400 2085 Νικομηδέων
441 2049 516 2087 ἁγίας
560 2048 719 2083 Ἐκκλησίας
759 2050 970 2085 ἐπιστατοῦντος,

151 2093 219 2121 κατὰ
260 2090 433 2121 Ἀναστασίου
468 2095 516 2126 τῆς
558 2093 625 2121 κατὰ
668 2094 778 2122 Νίκαιαν
813 2094 972 2128 Ἐκκλησίας

149 2136 346 2176 κατάρχοντος,
375 2137 424 2170 τὴν
465 2137 612 2171 ὶπισκοπὴν
641 2138 856 2170 Βασινουπόλεως
888 2140 972 2178 ὑφαρ-

150 2181 296 2221 πάσαντος,
313 2179 355 2209 διὰ
368 2181 398 2209 τὸ
413 2180 533 2221 ἕηαγχος
554 2182 603 2216 τὴν
617 2182 759 2221 εἰρημένην
771 2183 934 2223 μητρόπολιν
943 2183 971 2209 51

149 2229 200 2260 τῆς
216 2227 325 2258 Νικαίας
347 2226 418 2264 παρὰ
452 2225 668 2256 Οὐαλεντινιανοῠ
695 2228 738 2255 καὶ
766 2227 906 2260 Οόἐλεντος
921 2231 973 2257 τῶν

151 2270 282 2310 βασιλέων
298 2271 333 2303 εἷς
349 2269 540 2310 μητροπόλεως
564 2271 712 2312 ἀναχθῆναι
727 2271 810 2310 τάξιν,
841 2272 972 2312 ἀναχθέν-

150 2327 197 2348 τας
210 2314 241 2340 5³
254 2314 312 2355 ἄρτι
326 2316 354 2343 ὲν
370 2315 436 2353 αὐτῇ
450 2316 515 2354 πρὸς
531 2316 579 2349 τὴν
594 2319 640 2344 τοῦ
654 2316 787 2354 βασιλείου
801 2317 910 2356 ἁράτους
921 2328 972 2345 πε-

149 2359 265 2401 ριωπὴνί
280 2360 325 2388 καὶ
339 2358 504 2391 ἀναϐοῶντος
518 2361 554 2392 ὡς
584 2359 713 2398 ἀδικοῖτο,
731 2362 748 2396 ἡ
777 2362 838 2400 ἁγία
867 2360 972 2394 σύνοδος

149 2405 262 2440 ἂξήτησι
289 2404 349 2444 περὶ
374 2409 477 2441 τοῦτου,
520 2405 658 2444 παρόντων
685 2406 729 2433 καὶ
757 2408 810 2434 τῶν
840 2406 973 2446 προσώπῳ

150 2453 197 2479 τοῦ
222 2448 352 2488 βασιλέως
381 2451 530 2488 Μαρκιανοῦ
566 2448 768 2488 συνεδρευόντων
797 2449 972 2489 συγκλετικῶν

149 2495 287 2535 ἀρχόντων
304 2501 312 2509 ”
324 2494 368 2521 καὶ
383 2492 558 2530 δεῆσανοῦτω,
576 2494 606 2522 τὸ
627 2493 763 2532 βασιλικὸν
789 2493 932 2533 διάταγμα,
942 2496 971 2524 τὸ

150 2540 200 2573 τὴν
215 2538 358 2576 εἰρημένην
372 2537 537 2577 μητροπόλιν
551 2537 584 2563 54
605 2541 654 2572 τῆς
680 2539 790 2570 Νικαίας
814 2538 971 2575 ἀναϐιϐάζον

151 2584 188 2616 εἰς
204 2582 388 2623 μετροπόλεως
403 2581 681 2622 ύψως,ὑπανεγνώσθη
693 2591 699 2598 ·
715 2584 758 2612 καὶ
773 2584 853 2623 εἶχεν
874 2583 968 2616 οὕτως’

1017 1569 1030 1584 α
1044 1557 1166 1597 largitus
1176 1562 1220 1587 est
1232 1566 1283 1597 per
1293 1557 1466 1596 sanguinem
1482 1565 1567 1586 suum
1580 1557 1722 1587 Dominus
1734 1563 1834 1589 noster

1017 1613 1030 1629 α
1046 1601 1132 1633 Jesus
1147 1601 1428 1638 Christus,omnium
1438 1600 1576 1631 liberator
1586 1601 1636 1632 llle
1650 1603 1828 1633 mortalium.

1017 1657 1030 1673 ι
1048 1646 1160 1677 Placuit
1176 1655 1245 1685 ergo
1261 1650 1362 1676 sancto
1388 1649 1417 1676 et
1444 1645 1603 1675 universali
1631 1646 1770 1684 concilio,
1801 1653 1833 1678 ut

1017 1690 1153 1731 (cuique
1168 1691 1328 1731 provinciae
1356 1698 1429 1729 pura
1455 1693 1612 1720 serventur
1640 1694 1669 1720 et
1695 1691 1833 1724 inviolata

1017 1746 1030 1762 α
1043 1735 1121 1774 jura,
1134 1744 1226 1775 quaee
1241 1735 1385 1775 principio
1402 1735 1497 1774 etjam
1513 1734 1583 1764 olim
1599 1733 1699 1771 habet,
1725 1745 1833 1767 secun-

1018 1791 1028 1807 α
1041 1779 1111 1809 dum
1119 1780 1364 1810 consuetudinem
1375 1779 1511 1819 priscam:
1526 1779 1751 1818 metropolitano
1760 1790 1832 1820 quo-

1018 1833 1031 1853 ι
1046 1823 1118 1854 libet
1127 1824 1276 1855 licentiam
1290 1825 1438 1861 habituro,
1451 1827 1481 1853 ut
1493 1822 1593 1863 copias
1604 1827 1736 1854 actorum
1749 1833 1831 1855 suam

1018 1879 1030 1895 ι
1048 1867 1078 1898 in
1093 1869 1280 1900 securitatem
1292 1867 1514 1908 accipiat.Quod
1530 1867 1554 1898 si
1568 1867 1634 1907 quis
1648 1868 1831 1900 sanctionem

1018 1925 1028 1941 ε
1045 1916 1225 1953 pugnantem
1237 1922 1304 1944 cum
1316 1913 1433 1952 iis,quae
1447 1911 1535 1942 modo
1551 1912 1671 1942 decreta
1681 1916 1831 1953 suntpro-

1017 1969 1030 1984 α
1047 1957 1160 1998 tulerit,
1177 1966 1242 1987 eam
1254 1957 1367 1988 irritam
1397 1965 1463 1987 essa
1488 1956 1599 1987 debere
1624 1957 1734 1996 placuit
1763 1957 1833 1988 huic

1016 2014 1030 2030 «
1047 2003 1185 2033 universo
1200 2006 1302 2032 sancto
1317 2005 1346 2033 et
1361 2001 1518 2031 universali
1534 2001 1672 2032 concilio.
1690 2013 1701 2030 ι
1720 2001 1755 2032 Et
1776 2002 1832 2033 hoc

1013 2046 1135 2087 quidem
1152 2047 1302 2077 decretum
1319 2046 1372 2076 fuit
1400 2054 1417 2075 a
1445 2049 1548 2076 sancto
1579 2045 1663 2076 tertio
1692 2047 1830 2077 concilio.

1014 2091 1086 2122 Cum
1102 2091 1199 2122 eidem
1207 2099 1310 2131 preces
1322 2093 1422 2121 essent
1434 2089 1539 2120 oblata;
1553 2089 1590 2119 ab
1605 2090 1751 2121 Eunomio
1762 2100 1834 2131 quo-

1014 2135 1094 2173 dam,
1120 2140 1229 2166 sanclaa
1256 2133 1493 2166 Nicomediensis
1522 2133 1656 2165 ecclesia;
1695 2135 1832 2175 praeside.

986 2170 1005 2195 θ
1014 2170 1155 2211 adversus
1164 2179 1351 2211 Anastasium
1365 2178 1491 2209 Nicaenm
1503 2178 1670 2218 pontificem
1685 2170 1832 2217 ecclesiae,

1013 2225 1065 2266 qui
1078 2224 1353 2265 Basinopolitanum
1363 2229 1377 2245 ιι
1393 2222 1594 2263 episcopatum
1607 2232 1660 2263 per
1669 2223 1832 2263 surreptio-

1012 2279 1082 2301 nem
1097 2269 1242 2300 invaserat
1258 2271 1424 2308 propterea,
1441 2266 1518 2307 quod
1549 2266 1627 2297 haud
1655 2267 1695 2298 ita
1716 2268 1832 2308 pridem

1013 2315 1091 2345 dicta
1106 2313 1210 2345 civitas
1224 2312 1344 2344 Nicmna
1358 2320 1412 2352 per
1426 2310 1664 2342 Valentinianum
1677 2316 1703 2342 et
1720 2312 1833 2343 Valen-

1016 2363 1073 2390 tem
1086 2358 1281 2399 imperatores
1295 2357 1330 2388 ad
1357 2355 1526 2396 metropolis
1555 2355 1690 2386 ordinem
1733 2361 1834 2387 evecta

1013 2403 1128 2443 fuisset,
1144 2402 1195 2443 qui
1211 2411 1316 2434 recens
1329 2401 1367 2432 ad
1380 2399 1501 2441 imperii
1515 2399 1590 2439 regii
1618 2400 1736 2431 culmen
1752 2400 1783 2431 in
1798 2410 1834 2432 ea

1012 2448 1128 2479 fuerant
1142 2447 1211 2479 elati
1229 2458 1235 2477 :
1253 2447 1436 2479 exclamante
1460 2444 1761 2485 Eunomio,injuriam
1776 2445 1834 2476 sibi

1013 2493 1096 2524 fieri:
1115 2491 1289 2533 perquisivit
1303 2500 1367 2522 rem
1382 2494 1483 2521 sancta
1507 2489 1647 2530 synodus,
1677 2489 1715 2520 iis
1744 2489 1833 2520 etiam

1012 2537 1207 2578 praesentibus
1223 2535 1379 2567 senatoriis
1390 2533 1621 2574 magistratibus,
1646 2533 1695 2574 qui
1712 2534 1833 2565 nomine

1012 2582 1153 2614 Marciani
1166 2580 1290 2621 Augusti
1306 2579 1432 2611 concilio
1447 2579 1622 2609 intererant:
1636 2578 1774 2618 quodque
1790 2578 1833 2608 sic

150 2638 224 2670 opus
255 2622 334 2659 esset
361 2627 447 2663 facto,
476 2627 630 2658 decretum
658 2622 893 2667 imperatorium,
924 2637 982 2668 quo
1005 2627 1084 2659 dicta
1107 2626 1225 2658 Niczena
1247 2625 1349 2656 civitas
1364 2625 1401 2656 ad
1430 2623 1601 2665 metropolis
1622 2622 1833 2653 sublimitatem

152 2672 346 2712 evehebatur,
364 2671 525 2713 perlectum
541 2671 613 2709 fuit;
632 2671 710 2712 quod
726 2671 758 2703 in
773 2672 850 2704 hanc
866 2672 1064 2713 perscriptum
1081 2675 1143 2703 erat
1156 2671 1334 2702 sententiam
1353 2680 1359 2700 :

822 2739 954 2771 VABLE
965 2738 1181 2771 LECTIONES.

191 2802 218 2828 5’
234 2803 312 2831 πόλιν
323 2805 382 2836 τῆς.
424 2799 456 2827 εί
475 2797 658 2839 ἀναχθέντων,
699 2799 732 2824 53
751 2799 839 2832 πόλιν.

1024 2804 1038 2820 ιι
1053 2797 1435 2838 Constantinopolitanum.
