1942 3081
195 137 253 169 875

888 136 954 168 JUS
973 132 1198 167 CANONICUM

1830 129 1887 162 876

199 215 211 231 α
229 204 274 234 vel
289 204 368 236 aliud
385 204 546 245 quodpiam
572 203 758 245 privilegium
795 203 910 244 adimit,
933 203 1020 234 etiam

1103 200 1214 238 δίκαιον,
1231 201 1248 235 ἢ
1264 201 1351 240 ἕτερόν
1366 212 1390 228 τι
1413 198 1567 240 προνόμιον,
1591 199 1639 227 κᾶν
1665 198 1718 227 ἀπὸ
1746 198 1886 237 βασιλικῆς

198 259 211 275 σ
228 248 418 288 imperatorio
429 248 607 288 permissum
617 247 737 278 infamia
748 248 898 278 notathmc
907 246 1019 278 consti-

199 304 210 319 σ
230 293 316 330 tutio,
334 292 539 333 bonorumque
562 292 764 333 publicatione
792 292 907 330 multat,
923 292 1019 332 ipsum

200 348 214 364 α
232 337 473 368 etiam~conatum
492 336 676 376 improbans.
695 349 708 363 »

235 381 351 422 Excipit
375 385 474 412 autem
511 381 582 411 sitas
613 382 643 411 in
663 380 782 421 Scythia
798 381 963 422 provincias
993 385 1022 412 et

197 425 402 466 Leontopolim
424 425 555 456 Isauria}.
575 427 632 456 Lex
655 425 725 456 item
744 429 838 457 exstat
853 425 920 464 alia,
937 425 1022 466 cujus

195 471 258 501 haec
273 470 365 501 verba
380 475 448 501 sunt
466 480 472 500 :

239 527 249 542 ι
270 514 370 545 Firma
385 515 444 545 sint
463 514 666 545 ecclesiastica
682 514 836 554 privilegia
851 514 1018 545 universa.)

236 560 370 599 Itemque
380 568 483 589 rursus
493 558 561 590 alia.

241 616 254 631 «
273 603 378 634 Sacros
395 613 525 634 canones
544 612 602 634 non
619 602 728 641 minus,
747 612 835 643 quam
849 603 927 643 ipsas
942 603 1021 642 leges

199 660 212 676 α
227 648 423 688 valere,leges
436 648 550 679 volunt.
565 647 599 677 Et
611 647 689 687 quod
706 657 835 678 canones
847 647 1017 688 prohibent,

198 705 212 720 α
230 693 258 723 id
272 693 360 723 etiam
378 692 537 732 prohibent
552 692 643 731 leges.
664 704 675 719 ι

233 736 268 767 Et
283 737 346 767 hac
361 736 482 776 quidem
512 736 661 767 sufﬁciunt
682 736 718 766 ad
745 735 942 775 probandum,
961 745 1019 767 non

197 781 272 812 duos
287 781 532 820 metropolitanos
544 781 573 811 in
582 790 640 811 una
647 790 712 811 esse
722 781 937 821 provincia,sed
945 785 1019 811 tem-

194 835 266 866 pore
281 825 557 866 priorem,itemque
571 825 632 865 jam
650 831 752 864 pactos
765 825 1018 865 metropolitanos,

193 870 308 900 honore
323 870 462 900 duntaxat
477 870 543 900 aliis
559 869 708 909 episcopis
726 873 877 910 prmstare,
895 874 1019 900 caeteros

195 914 246 954 qui
261 914 394 945 subditos
420 914 460 954 ei,
488 914 538 954 qui
565 923 670 954 reapse
694 914 940 953 metropolitanus
953 918 1015 949 est;

194 959 336 999 deinceps
354 968 435 997 vero,
452 968 521 990 cum
535 958 599 998 ipse
615 959 659 988 rei
673 962 796 989 conatus
811 959 896 989 etiam
914 958 1017 998 prohi-

195 1002 488 1043 beatur,episcopum
504 1003 534 1033 id
551 1012 654 1033 ausum
670 1002 780 1042 facere,
791 1003 882 1041 gradu
896 1011 948 1032 suo
963 1002 1017 1033 de-

192 1047 244 1087 jici
263 1058 268 1078 :
286 1047 399 1078 nullum
417 1047 546 1087 denique
562 1047 749 1088 privilegium
766 1056 801 1077 ex
814 1047 930 1087 iis,qum
939 1047 1019 1087 prius

192 1092 280 1122 alicui
296 1091 710 1131 adhaeseruntepiscopatui,a
725 1101 871 1131 quoquam
882 1091 1018 1122 adimen-

194 1136 275 1167 dum.
289 1136 371 1171 Quod
386 1140 484 1166 autem
510 1145 569 1166 non
583 1136 625 1166 fas
641 1136 679 1166 sit
694 1145 740 1173 ea,
756 1145 820 1176 quze
835 1139 1020 1166 concernunt

193 1182 358 1221 episcopos,
373 1181 537 1212 secundum
555 1190 670 1212 sacram
687 1181 871 1212 sanctionem
881 1189 1017 1221 pragma-

195 1225 282 1257 ticam
300 1225 475 1266 procedere,
495 1225 546 1256 sed
560 1226 644 1265 juxta
668 1225 789 1257 Patrum
806 1225 948 1256 duntaxat
963 1225 1017 1255 de—

193 1270 427 1306 terminationes,
464 1279 537 1309 quos
566 1273 595 1300 et
626 1279 756 1300 canones
785 1269 958 1300 vocant:id
984 1279 1018 1300 ex

193 1314 460 1354 aliasanctzehujus
472 1314 651 1345 universalis
661 1318 772 1354 quartae
784 1314 888 1354 synodi
902 1314 1019 1344 actione

193 1359 306 1399 percipi
323 1359 505 1398 potest.l\'am
518 1368 583 1389 cum
595 1358 697 1389 civitas
707 1357 830 1397 Berytus
847 1357 1019 1397 metropoli-

191 1403 282 1434 ticum
309 1407 359 1442 jus
385 1402 573 1442 impetrasset
599 1402 635 1432 ab
663 1412 698 1432 eo
736 1401 904 1432 Theodosio
935 1401 1018 1441 prin-

191 1447 256 1487 cipe
269 1447 320 1486 (24
334 1446 454 1486 25),ηυὶ
466 1446 500 1476 ad
519 1446 682 1476 discrimen
694 1445 774 1476 illius
785 1445 1020 1485 majoris,minor

1065 257 1078 272 α
1102 245 1257 286 ἐπιτροπῆς,
1280 246 1374 284 ἀτιμοῖ
1388 247 1430 274 καὶ
1445 244 1553 282 δημεύει
1574 245 1591 279 ἠ
1607 243 1733 281 διάταξις,
1757 243 1886 283 am?sz

1065 301 1078 317 α
1101 291 1145 318 καὶ
1159 291 1208 324 τὴν
1222 290 1388 330 ἐγχείρησιν,
1406 302 1420 318 1a

1103 374 1251 418 εΥπεξαιιρετ
1266 378 1292 407 δὲ
1307 380 1350 408 καὶ
1364 379 1410 411 τὰς
1433 379 1460 407 ἐν
1481 379 1576 415 Σκυθίᾳ
1591 378 1732 418 ἐπαρχίας,
1748 378 1792 406 καὶ
1809 380 1887 405 Λεον-

1062 422 1170 451 τόπολιν
1185 426 1234 457 τῆς
1250 423 1387 463 Ἰσαυρίας.
1407 419 1488 453 ’Ἐστι
1503 422 1588 456 δὲκαὶ
1599 423 1686 462 ἕτερος
1708 423 1800 460 νόμος,
1819 421 1886 450 οὕτω

1061 465 1161 500 διεξιών
1180 476 1187 485 ⁸

1105 521 1117 538 α
1135 510 1300 540 Βεϐαιούσθω
1314 512 1346 540 τὰ
1367 511 1573 546 ἐκκλησιαστικὰ
1594 511 1680 540 πάντα
1706 511 1850 550 προνόμια.
1870 522 1882 539 ι

1103 557 1151 585 Καὶ
1166 555 1246 584 πάλιν
1260 556 1353 588 ἄλλος.

1105 613 1118 628 α
1137 601 1200 633 Τοὺς
1214 602 1296 633 Θείους
1310 602 1421 634 κανόνας
1433 603 1480 630 οὐκ
1490 601 1598 630 ἔλαττον
1607 604 1659 629 τῶν
1670 600 1758 638 νόμων
1769 601 1884 640 ἰσχύειν,

1064 655 1079 675 (
1101 647 1123 674 οἱ
1146 645 1221 683 νόμοι
1235 646 1384 684 βούλονται,
1409 647 1457 676 Καὶ
1485 646 1549 686 ὅπερ
1570 648 1594 674 οἱ
1617 646 1724 677 κανόνες
1739 645 1885 681 κωλύουσι,

1063 701 1076 719 ι
1101 690 1178 719 τοῦτο
1193 691 1236 718 καὶ
1252 692 1276 719 οἱ
1297 691 1385 728 νόμοι.
1408 702 1419 720 ι)

1101 736 1150 764 Καὶ
1176 739 1257 764 ταῦτα
1286 747 1333 773 μεν
1362 736 1471 776 ἀπόχρη
1499 737 1565 775 πρὸς
1591 736 1621 763 τὸ
1651 734 1747 772 δεῖξαι,
1781 735 1811 762 οὗ
1841 733 1887 762 ’δύο

1062 779 1256 819 μητροπολίτας
1280 781 1351 808 εἶναι
1380 780 1407 808 ἐν
1435 784 1484 818 μιᾷ
1509 780 1638 820 ἐπαρχίᾳ,
1670 779 1738 807 ἀλλὰ
1767 779 1812 807 τὸν
1838 778 1886 818 ἄρ-

1061 824 1212 863 γαιότερον.
1231 826 1279 852 Καὶ
1294 825 1334 860 τὸ,
1351 825 1410 857 τοὺς
1426 825 1572 864 φθάσαντας
1602 823 1732 864 τενεᾏθαι,
1757 826 1791 862 τῇ
1820 827 1888 861 τιμῇ

1061 867 1142 905 μόνον
1155 870 1207 895 τῶν
1222 867 1309 896 ἄλλων
1324 869 1475 897 ἐπισκόπων
1502 868 1640 909 ὑπερέχειν
1659 877 1666 884 ·
1695 867 1889 906 ὑποκειμένους

1061 911 1182 950 μέντοιγε
1203 916 1240 949 τῷ
1266 914 1334 942 κατὰ
1354 913 1479 948 ἀλήθειαν
1501 912 1683 953 μητροπολίτῃ
1701 922 1709 929 ⁸
1733 913 1770 944 εἰς
1791 912 1888 945 mia;

1061 955 1088 984 δὲ
1103 957 1146 984 καὶ
1161 957 1242 990 «ora;
1266 960 1316 991 τῆς
1346 958 1526 998 ἐγχειρήσεως
1555 957 1736 996 κωλυομένης,
1767 958 1812 985 καὶ
1841 958 1888 984 τὸν

1059 1006 1137 1030 τοῦτο
1184 1000 1355 1039 τολμήσαντα
1396 1003 1506 1036 ποιῆσαι
1550 1002 1703 1038 ἐπίσκοπον,
1753 1001 1888 1030 ἔκπτωσιν

1060 1047 1174 1086 πάσχειν
1196 1046 1242 1074 τοῦ
1257 1047 1353 1076 οἰκείου
1374 1048 1476 1086 βαθμοῦ
1494 1057 1501 1064 ·
1529 1048 1618 1076 καὶτὸ
1640 1046 1723 1084 μηδὲν
1749 1048 1801 1074 τῶν
1816 1049 1888 1086 φθα-

1060 1091 1161 1119 σάντων
1212 1094 1397 1131 προησγῆναι
1447 1092 1580 1130 ἐπισκοπῇ
1627 1103 1678 1120 τινι
1720 1091 1885 1131 προνομίων,

1060 1135 1226 1175 ἀφαιρεῖσθαι
1248 1135 1309 1175 παρ’
1337 1135 1508 1171 οξουδήτινος,
1531 1135 1592 1165 ”¹Οτι
1624 1135 1651 1164 δὲ
1673 1139 1703 1166 οὗ
1730 1137 1798 1164 κατὰ
1812 1147 1885 1175 πρα-

1059 1181 1188 1218 γματικὸν
1205 1181 1278 1208 θετον
1292 1179 1374 1212 ἔξεστι
1390 1181 1470 1209 τύπον
1493 1181 1525 1208 τὰ
1551 1184 1603 1209 τῶν
1633 1181 1785 1209 ἐπισκόπων
1813 1191 1886 1218 προ-

1059 1222 1168 1259 ϐαίνειν,
1197 1225 1265 1253 κατὰ
1293 1225 1387 1262 μόνους
1409 1224 1435 1252 δὲ
1463 1226 1524 1257 τοὺς
1546 1226 1691 1265 Πατρικοὺς
1719 1224 1806 1265 ὅρους,
1823 1226 1886 1256 τούς

1059 1269 1103 1297 καὶ
1124 1270 1248 1309 κανόνας,
1264 1269 1289 1302 ἐξ
1318 1270 1406 1310 ἑειέρας
1434 1269 1552 1309 πράξεως
1574 1273 1623 1304 τῆς
1653 1270 1777 1303 τοιαύτης
1805 1270 1886 1308 ἁγίας

1060 1313 1243 1351 οἶκουμενικῆς
1278 1314 1406 1353 τετάρτης
1434 1314 1540 1342 συνόδου
1570 1317 1734 1352 καταμαθεῖν
1763 1313 1887 1346 δυνατόν,

1060 1359 1112 1390 Τῆς
1137 1358 1185 1397 γὰρ
1209 1357 1312 1391 πόλεως
1343 1362 1470 1398 Βηρυτοῦ,
1494 1358 1685 1398 μητροπόλεως
1714 1357 1812 1387 δίκαιον
1845 1359 1889 1386 εἱ-

1059 1401 1170 1442 ληφυίας
1199 1403 1270 1442 παρὰ
1311 1402 1449 1432 Θεοδοσίου
1482 1407 1528 1431 τοῦ
1562 1403 1703 1443 βασιλέως,
1736 1406 1782 1430 τοῦ
1819 1403 1890 1441 πρὸς

1058 1445 1258 1480 ἀντιδιαστολὴν
1285 1451 1332 1475 τοῦ
1359 1447 1487 1486 μεγάλου,
1516 1447 1662 1487 λεγομένου
1694 1451 1801 1487 μικροῦ.
1833 1448 1892 1476 Εὖ·

194 1491 313 1528 dicitur,
331 1490 583 1530 Eustathius,ejus
598 1490 681 1521 urbis
698 1489 868 1529 episcopus,
883 1489 932 1520 illa
947 1498 1019 1520 con-

1103 1491 1165 1522 ἱθιος
1187 1492 1200 1519 ὁ
1222 1492 1320 1525 ταύτης
1347 1493 1396 1525 τῆς
1417 1491 1521 1521 πόλεω)
1547 1493 1691 1524 ἐπίσκοπος
1720 1495 1757 1529 τῷ
1771 1492 1892 1528 τοιούτῳ

195 1536 332 1567 cessione
349 1534 558 1574 metropolitici
570 1535 648 1573 juris
663 1534 769 1570 elatus,
787 1533 928 1564 adversus
940 1534 1019 1563 Pho-

196 1581 268 1611 tium
286 1579 548 1619 metropolitanum
563 1579 642 1619 Tyri,
654 1588 719 1619 qua:
729 1578 900 1609 l’htrnicum
912 1582 1020 1608 metro-

195 1625 270 1665 polis
296 1628 350 1662 est,
378 1623 539 1654 insurrexit
556 1633 562 1653 :
581 1632 709 1662 cumque
734 1623 808 1652 duos
834 1622 976 1662 quosdam
994 1624 1019 1653 ei

193 1669 342 1708 subjecios
357 1669 527 1708 episcopos,
546 1668 634 1698 veluti
665 1667 909 1706 metropolitanus
925 1667 1020 1706 depo-

193 1714 312 1753 suisset,
327 1717 356 1744 et
369 1712 405 1743 ad
435 1712 674 1752 presbyterorum
690 1711 816 1751 gradum
833 1711 1019 1748 detrusisset,

193 1758 267 1788 alios
283 1756 441 1787 ordinavit.
457 1756 542 1792 Quod
570 1756 694 1786 minime
718 1755 817 1786 ferens
833 1755 968 1792 Photius,
986 1756 1022 1786 ad

197 1806 331 1833 sanctam
361 1801 503 1841 synodum
534 1809 600 1831 sese
624 1800 758 1831 contulit.
789 1801 833 1830 Ac
856 1799 905 1830 lite
932 1804 1020 1837 mota,

194 1846 373 1877 sententiam
390 1845 554 1876 secundum
572 1854 604 1875 se
620 1844 841 1884 pronuntiatam
860 1844 936 1881 tulit,
955 1854 1023 1875 cum

195 1891 269 1921 nihil
287 1889 439 1920 Eustathio
454 1889 607 1929 Berytensi
619 1888 872 1929 profuisset,quod
890 1889 1018 1928 impera-

195 1935 279 1966 toriis
295 1944 326 1965 se
339 1934 445 1964 litteris
475 1933 620 1964 munitum
637 1933 760 1970 diceret,
792 1942 857 1972 quae
883 1932 940 1962 sibi
966 1942 1019 1972 po-

195 1983 330 2010 testatem
349 1979 413 2018 ejus
438 1978 482 2008 rei
511 1978 654 2008 facerent.
673 1977 737 2007 Non
754 1977 834 2007 enim
851 1976 1022 2008 attendebat

193 2023 230 2055 iis.
237 2023 446 2064 synodus,qu33
458 2022 494 2052 ab
505 2022 569 2062 ipso
581 2021 768 2059 dicebantur;
780 2022 833 2052 sed
844 2021 875 2052 in
885 2021 1021 2053 examine

195 2077 374 2106 causae,cum
392 2066 544 2107 praesides,
563 2066 705 2106 synodum
721 2066 803 2106 prius
811 2066 931 2097 disertis
940 2066 1022 2097 hisce

1062 1534 1254 1574 φιλοτιμήματι
1289 1536 1337 1569 τῆς
1374 1536 1564 1576 μητροπόλεως
1592 1537 1776 1576 κατεπαρθεὶς,
1813 1547 1891 1564 κατ-

1062 1578 1186 1612 εξανέστη
1207 1582 1309 1608 Φωτίου
1330 1584 1375 1609 τοῦ
1410 1580 1605 1620 μητροπολίτου
1633 1584 1682 1615 τῆς
1712 1581 1804 1621 Τύρου,
1837 1584 1892 1614 τῆς

1061 1626 1114 1650 τῶν
1132 1625 1260 1652 Φοινίκων
1279 1624 1469 1664 μητροπόλεως
1485 1635 1492 1642 ⁸
1523 1625 1567 1653 καὶ
1600 1624 1644 1654 δύο
1678 1627 1751 1657 τινὰς
1774 1626 1892 1654 ὑποκει-

1062 1667 1154 1705 μένους
1179 1668 1248 1705 αὖτῷ
1274 1669 1432 1701 ἐπισκόπους
1457 1669 1586 1707 καθελὼν,
1617 1670 1654 1701 ὡς
1676 1668 1752 1703 δῆθεν
1781 1680 1891 1709 μητρο-

1062 1711 1184 1749 πολίτης,
1214 1723 1257 1741 και
1294 1714 1330 1745 εἷς
1357 1712 1537 1753 πρεσϐυτέρων
1565 1714 1666 1752 βαθμὸν
1700 1715 1891 1750 κατασπάσας,

1064 1756 1165 1795 ἐτέρους
1180 1750 1409 1797 κεχειροτόνηκεν,
1439 1750 1470 1787 ”Ο
1487 1750 1530 1796 ’μὴ
1557 1750 1642 1798 ιρέρων
1672 1759 1686 1786 ὁ
1707 1759 1823 1796 Φώτιος,
1853 1762 1893 1796 τῇ

1064 1801 1124 1839 ἁγίᾳ
1155 1800 1317 1840 προσέδραμε
1359 1801 1468 1839 συνόδῳ.
1510 1804 1559 1832 Καὶ
1595 1802 1669 1836 δίκης
1699 1803 1891 1842 κροτηθείσης,

1063 1845 1111 1878 τὴν
1150 1844 1299 1875 ὃικαιοῦσαν
1328 1846 1469 1887 ἀπείληφε,
1504 1847 1586 1885 μηδὲν
1614 1847 1795 1887 ιῖγρεληθέντος
1833 1848 1893 1876 Εὗ-

1060 1889 1162 1917 σταθίου
1189 1889 1236 1918 τοῦ
1269 1893 1318 1924 τῆς
1356 1895 1482 1930 Βηρυτοῦ,
1518 1891 1548 1920 ἐκ
1581 1897 1628 1922 τοῦ
1648 1891 1797 1930 βασιλικοῖς
1814 1892 1894 1932 ὠχυ-

1061 1935 1157 1973 ρῶσθαι
1195 1935 1332 1972 γράμμασι
1362 1934 1460 1975 λέγειν,
1498 1943 1556 1968 τοῖς
1592 1936 1759 1976 ἐπιτρέπουσι
1794 1940 1891 1967 τοῦτο.

1062 1979 1098 2007 Οὐ
1112 1978 1161 2017 γὰρ
1175 1978 1324 2019 πρόσεσχεν
1348 1980 1365 2013 ἡ
1388 1979 1493 2012 σύνοδος
1521 1987 1579 2013 τοῖς
1608 1980 1671 2020 παρ’
1700 1980 1780 2010 αὐτοῦ
1804 1979 1893 2020 λεγο-

1063 2021 1161 2059 μένοις,
1201 2022 1268 2065 ἀλλὰ
1306 2025 1355 2057 τῆς
1391 2024 1537 2057 ὑποθέσεως
1572 2024 1796 2065 δοκιμαζομένης,
1836 2029 1893 2053 τῶν

1062 2066 1200 2106 ἀρχόντων
1221 2068 1346 2108 πρότερον
1361 2068 1550 2108 ἐρωτήσαντων
1572 2069 1622 2103 τὴν
1649 2069 1755 2098 σύνοδον
1774 2077 1781 2085 ⁸
1799 2070 1894 2108 ῥητῶς

193 2113 294 2144 verbis
311 2112 543 2151 interrogassent
560 2120 566 2142 :
588 2110 808 2141 «Placuitorbis
820 2111 1020 2141 sacratissimo

1103 2122 1145 2142 τως
1162 2119 1169 2126 ·
1219 2123 1233 2139 α
1263 2115 1306 2149 Τῷ
1346 2113 1472 2149 θειοτάτῳ
1505 2113 1621 2153 δεσπότῃ
1647 2115 1697 2148 τῆς
1727 2114 1892 2152 οἰκουμένης

197 2171 211 2185 σ
230 2158 406 2197 domino,ne
422 2157 586 2195 seCuntlum
604 2165 702 2186 sacras
719 2155 872 2195 epistolas,
885 2160 934 2185 aut
951 2165 1020 2186 san-

1105 2155 1194 2195 ἧρεσε,
1219 2157 1258 2194 μὴ
1283 2157 1350 2186 κατὰ
1378 2159 1438 2186 θεῖα
1465 2158 1620 2199 γράμματα,
1638 2159 1656 2193 ἢ
1677 2159 1746 2187 κατὰ
1758 2170 1894 2198 πραγμα-

197 2213 211 2233 ‹
231 2203 346 2234 ctiones
357 2201 778 2242 pragmaticas,episcoporum
795 2200 912 2239 negotia
922 2209 1020 2240 proce-

1105 2202 1192 2233 τικοὺς
1227 2202 1335 2238 τύπους,
1382 2203 1413 2230 τὰ
1450 2206 1502 2231 τῶν
1539 2202 1691 2232 ἐπισκόπων
1725 2202 1892 2243 προϐαίνειν,

199 2258 210 2275 υ
231 2246 370 2284 dant,sed
379 2246 463 2285 juxta
472 2247 590 2276 Patrum
602 2254 742 2276 canones.
757 2244 916 2284 Dicatergo
924 2250 1020 2276 sancta

1106 2244 1174 2273 ἀλλὰ
1212 2247 1256 2274 καὶ
1291 2247 1351 2279 τοὺς
1383 2247 1494 2280 κανόνας
1522 2251 1577 2276 τῶν
1610 2248 1745 2287 Πατέρων,
1782 2249 1895 2277 Εἶπάτω

200 2302 215 2322 ι(
231 2291 320 2332 synod
327 2300 413 2327 us,an
421 2290 462 2320 las
470 2290 554 2325 sit,ut
566 2298 618 2330 per
625 2298 737 2320 sacram
746 2289 954 2329 pragmaticam
961 2300 1020 2320 san-

1106 2290 1149 2318 οὖν
1170 2291 1187 2324 ἡ
1209 2291 1270 2329 ἁγία
1292 2290 1408 2328 σύνοδος,
1433 2292 1454 2319 εί
1478 2291 1560 2325 ἔξεστι
1583 2293 1651 2322 κατὰ
1665 2293 1738 2321 θεῖον
1760 2304 1894 2333 πραγμα-

199 2349 212 2365 α
230 2336 358 2367 ctionem
365 2334 485 2366 alterius
489 2334 699 2374 juraEcclesize
705 2333 1020 2374 aliirapiantepiscopil

1105 2335 1178 2362 τικὸν
1205 2336 1285 2363 τύπον
1314 2335 1453 2376 ἀλλοτρίας
1481 2336 1623 2371 ἐκκλησίας
1659 2336 1747 2366 δίκαια
1786 2338 1896 2377 ἑτέρους

201 2392 214 2410 ι
231 2383 338 2411 Sancta
349 2379 479 2419 synodus
487 2378 701 2418 respondit.Ad
707 2385 807 2408 versus
815 2387 944 2409 canones
951 2379 1020 2410 nihil

1106 2379 1263 2412 ἐπισκόπους
1290 2382 1498 2422 παραιρεῖσθαις
1542 2382 1559 2415 ἡ
1588 2382 1649 2421 ἁγία
1686 2380 1792 2415 σύνοδος
1836 2383 1894 2411 ἄπ-

200 2435 214 2454 cr
232 2424 443 2465 pragmaticum
451 2423 570 2453 valebit.
584 2422 719 2454 Canoncs
727 2424 845 2452 Patrum
859 2422 917 2453 rati
926 2428 1020 2456 sunto.

1107 2424 1234 2462 εκρίνατο.
1259 2427 1332 2453 Κατὰ
1357 2425 1417 2456 τοὺς
1437 2426 1549 2458 κανόνας
1564 2426 1596 2452 53
1622 2428 1808 2466 πραγματικὸν
1833 2439 1895 2465 μη-

200 2482 213 2498 α
231 2470 366 2508 Cumque
376 2468 518 2508 praasides
534 2468 642 2498 iterum
653 2467 797 2498 dixissent
812 2466 895 2511 :VJam
909 2471 1020 2508 tempus

1106 2468 1148 2496 δὲν
1169 2468 1298 2508 ἰσχύσειν.
1322 2470 1352 2498 Οἱ
1379 2470 1487 2503 κανόνες
1508 2473 1562 2500 τῶν
1591 2471 1713 2511 Πατέρων
1743 2472 1895 2511 κρατείτω-

202 2525 213 2543 σ
232 2517 287 2551 est,
304 2517 335 2543 ut
351 2522 368 2544 a
384 2511 496 2552 synodo
509 2512 733 2551 erudiamur,an
748 2511 791 2541 fas
806 2510 858 2547 sit,
870 2514 902 2541 ut
915 2519 1020 2543 secun-

1108 2524 1167 2544 σαν.
1183 2513 1231 2542 Καὶ
1245 2513 1316 2546 αὖθις
1333 2517 1385 2543 τῶν
1409 2514 1548 2556 ἀρχόντων
1570 2510 1698 2545 εἰπόντων
1713 2523 1721 2531 ⁶
1753 2515 1805 2546 Νῦν
1833 2528 1895 2545 και-

870 2589 996 2625 νΑΒΙλΕ
1019 2593 1237 2628 LEGTIONES.

237 2662 269 2688 53
282 2665 335 2690 τῶν
349 2662 478 2692 κανόνων.

982 2723 1106 2758 ΝΟΤΛΕ.

241 2789 360 2830 (24-25)
375 2788 474 2820 Exstat
489 2787 617 2819 edictum
634 2786 652 2816 l.
672 2795 723 2818 un.
739 2787 773 2818 C.
791 2785 837 2818 De
852 2790 979 2827 metrop.
1000 2786 1126 2826 Beryto,
1141 2785 1192 2817 lib.
1216 2794 1265 2818 XL.
