1942 3081
39 172 88 205 877

695 170 927 206 GRIECO-ROM
930 174 982 205 AN
985 175 1008 205 U
1013 175 1039 205 M

1657 174 1716 207 878

42 253 54 269 σ
73 242 111 280 ρός
136 242 186 270 ἐστι
214 241 369 282 διδαχθῆναι
405 243 477 281 ἡμᾶς
509 242 580 281 παρὰ
612 242 661 275 τῆς
692 239 799 270 συνόδου

946 247 993 268 um
1006 247 1120 269 sacram
1127 239 1311 270 sanctionem
1323 240 1531 281 pragmaticam
1541 241 1608 281 jura
1620 240 1713 273 eccle-

44 298 56 314 ι
76 286 151 319 ἔξεστι
174 287 241 316 κατὰ
263 289 334 316 θεῖον
362 288 546 326 πραγματικὸν
573 286 711 326 ἀλλοτρίας
739 284 852 320 Ἐκκλη-

44 343 56 359 «
77 331 128 363 σίας
155 330 240 360 δίκαια
273 331 376 371 ἑτέρους
406 331 564 363 ἐπισκόπους
596 332 802 371 παραιρεῖσθαι·
834 330 851 362 ἡ

45 387 55 403 σ
78 376 133 416 ἁγία
159 375 263 408 σύνοδος
285 375 428 416 ἀνεϐόησεν
444 385 451 393 ⁸
476 378 529 406 Οὔκ
550 375 644 408 ἔξεστι.
674 378 756 404 Τοῦτο
782 373 853 412 παρὰ

44 432 54 447 α
77 421 131 453 τοὺς
150 420 260 453 κανόνας
291 420 355 451 ἐστί.
392 415 474 449 ⁷Ἐστι
503 419 530 448 δὲ
557 421 601 448 καὶ
629 419 709 457 νόμος
744 420 758 447 ὁ
778 423 853 448 τοῦτο

44 478 53 492 ι
76 465 237 504 βουλόμενος,
269 465 337 494 οὕτω
364 464 463 498 διεξιών
483 475 490 483 ·
510 466 540 494 Οἱ
560 471 619 497 τοῖς
644 463 750 492 κανόσιν
775 462 853 491 ἐναν-

39 519 53 540 (
76 510 199 547 τιούμενοι
220 511 401 549 πραγματικοὶ
429 510 514 547 τύποι,
546 509 636 548 ἄκυροι
663 509 723 537 εἰσι.
748 520 762 536 »
802 508 850 536 Καὶ

38 554 92 593 ὅρα,
106 554 208 594 μέγιστε
233 554 353 592 βασιλεῦ,
376 554 449 586 ὅπως
474 553 516 582 διὰ
544 554 650 582 πάντων
671 553 770 581 τούτων
786 552 851 580 ἄπο-

38 598 153 628 δέδεικται
173 597 325 638 τηλαυγῶς,
348 600 378 627 τὸ
401 599 439 636 μὴ
461 597 517 627 δεῖν
539 599 672 627 αὐθεντεῖν
701 598 746 625 τὸν
771 597 850 635 βασι-

37 644 82 672 λέα
96 643 120 671 ἐν
134 650 189 675 τοῖς
203 644 344 683 τοιούτοις,
374 646 518 675 κανονικῶς
543 641 570 671 δὲ
597 643 630 671 τὰ
645 641 852 675 ἐκκλησιαστικὰ

41 687 204 727 διεξάγεσθαι.
235 689 291 716 Εἰσὶ
313 687 361 725 μὲν
383 687 426 716 οὖν
454 688 497 715 καὶ
520 687 594 715 ἄλλοι
623 685 716 715 πολλοὶ
744 687 852 718 κανόνες

42 735 91 760 τῶν
123 732 281 761 θεοστέπτων
309 731 474 769 ἀποστόλων,
498 733 542 760 καὶ
569 732 707 770 ὑπηρετῶν
736 734 781 759 τοῦ
809 729 853 758 λό-

897 292 907 308 α
925 281 1171 320 siaealterius,alii
1180 283 1298 324 rapiant
1308 285 1439 326 episcopi
1451 295 1458 317 :
1473 289 1576 317 sancta
1588 286 1717 327 synodus

896 336 907 354 α
926 327 1122 359 exclamavit:
1139 327 1203 358 Non
1219 328 1298 359 licet.
1317 331 1379 360 Hoc
1396 334 1501 370 praeter
1513 340 1642 362 canones
1657 331 1714 363 ad-

897 380 908 398 a
929 371 1061 415 mittitur.
1094 374 1144 403 Est
1168 372 1258 403 etiam
1284 373 1341 411 lex,
1371 383 1437 414 quae
1463 374 1520 405 hoc
1544 375 1640 415 ipsum
1656 375 1718 407 vult

898 426 911 442 ι
928 414 974 445 his
982 416 1081 461 verbis
1092 416 1226 457 exposita
1239 426 1246 448 :
1257 418 1450 456 Pragmaticw
1461 414 1642 458 sanctiones,
1652 430 1718 461 quas

898 469 909 487 α
930 460 1092 491 canonibus
1107 461 1313 502 adversantur,
1327 462 1418 493 irritae
1433 468 1511 494 sunt.
1527 476 1539 493 ι
1558 463 1644 502 Vide,
1661 460 1718 496 ob-

894 512 991 541 secro,
1010 505 1137 536 maxime
1147 506 1186 536 im
1190 507 1472 547 perator,quomodo
1484 517 1537 548 per
1547 509 1611 539 hac
1619 509 1720 540 omnia

892 549 1056 594 clarissime
1071 551 1307 582 demonstratum
1320 552 1432 592 sit,non
1448 551 1559 584 debere
1575 553 1719 594 principis

892 593 923 623 in
938 594 1109 633 hujusmodi
1124 595 1215 626 rebus
1229 596 1434 628 auctoritatem
1449 596 1614 636 valere,sed
1625 593 1721 630 eccle-

894 637 1013 683 siastica
1026 639 1189 670 secundum
1214 649 1342 671 canones
1367 641 1477 681 peragi.
1506 642 1550 673 Ac
1566 647 1635 673 sunt
1650 643 1719 683 qui-

894 682 960 713 dem
976 686 1004 713 et
1022 683 1071 714 alii
1087 683 1173 714 multi
1201 693 1331 715 canones
1355 689 1564 717 coronatorum
1580 682 1721 718 divinitus

897 728 1095 766 apostolorum
1111 728 1378 770 ministrorumque
1400 729 1495 771 verbi,
1508 734 1538 762 et
1552 736 1720 762 secutarnm

39 789 94 817 γου,
120 777 160 805 καὶ
186 777 239 805 τῶν
264 777 358 817 ἑφεξῆς
396 777 477 816 ἁγίων
514 775 639 813 συνόδων,
674 776 739 804 αὐτὰ
774 785 806 802 τα

953 781 1040 812 nceps
1055 777 1223 804 sanctarum
1248 774 1438 814 synodorum,
1456 775 1520 806 haec
1540 775 1604 816 ipsa
1618 776 1720 807 decla-

40 821 236 861 διατρανοῦντες,
268 823 312 854 οὓς
349 823 504 861 παραθεῖναι
541 819 607 858 τῷδε
642 823 679 857 τῷ
707 819 807 859 γράμμε

955 820 998 847 tes
1011 827 1018 851 ;
1032 827 1106 857 quos
1117 817 1185 848 huic
1194 817 1305 858 scripto
1316 818 1479 859 adjungere
1491 820 1720 856 velle,stolidum

39 865 124 900 εὔηθες
156 865 236 903 ἔδοξε,
262 867 306 904 καὶ
328 867 366 904 μὴ
393 865 482 905 πόῤῥω
507 865 658 905 φιλοτιμίας
689 863 806 904 ἀνωφελε

953 870 989 891 Im
1005 861 1128 900 fuit,nec
1139 861 1175 892 ah
1185 862 1281 893 inutili
1292 862 1455 894 ambitione
1463 863 1551 904 longe
1562 869 1720 898 remotum.

39 906 140 939 (ἱκανῶν
160 910 209 949 γὰρ
237 913 288 938 τῶν
319 904 519 950 προϐληθέντων
540 911 575 942 εἷς
598 907 729 941 ἀπόδειξιν
757 908 806 936 ὅντ(

955 915 966 935 :1
983 915 1051 936 cum
1069 916 1116 946 ea,
1133 916 1198 947 quae
1210 907 1355 947 producta
1381 912 1463 946 sunt,
1480 908 1516 939 ad
1533 909 1722 941 demonstra-

37 957 60 983 τί
91 953 131 982 δεῖ
150 955 193 983 καὶ
221 954 526 994 προσεπεξεργάζεσθαι;
563 955 607 982 καὶ
648 955 696 987 τῆς
730 952 853 986 ἀληθείας

37 998 180 1037 όυναμένης
194 998 361 1037 ἀναλάμψαι,
377 999 421 1027 καὶ
436 1005 493 1030 νοῖς
516 1002 581 1027 πᾶσι
610 998 728 1037 γενέσθαι
756 996 852 1033 δήλης,

37 1045 89 1072 τῶν
122 1043 227 1072 πολλῶν
265 1043 385 1081 οὐδαμῶς
421 1046 509 1083 χρεία.
550 1043 685 1082 Αὐτάρκης
727 1041 776 1081 γὰρ
817 1042 853 1073 εἷς

38 1088 190 1127 συνηγορίαν
219 1087 314 1122 έαυτῆς
342 1089 359 1122 ἡ
390 1087 510 1121 ἀληθεία.
535 1092 620 1124 Κοινῳ
650 1087 697 1125 μὲν
728 1086 770 1114 οὗν
786 1085 859 1125 λόγῳ

38 1134 81 1161 καὶ
94 1131 238 1164 καθολικῶς
261 1131 359 1172 ἐλέχθη
380 1135 472 1163 ταῦτα,
498 1131 561 1168 ἰδίᾳ
581 1131 620 1172 δὲ,
642 1132 686 1159 καὶ
713 1132 780 1158 κατὰ
806 1130 858 1168 μέ-

37 1189 93 1217 ρος,
127 1177 170 1205 καὶ
204 1177 302 1216 Βτέροις
331 1176 441 1208 ἕκαστος
484 1177 628 1217 φράγνυται
670 1175 857 1213 δικαιώμασιν.

38 1223 118 1254 Αὐτὸς
133 1222 180 1260 μὲν
208 1222 258 1262 γὰρ
287 1223 301 1250 ὁ
322 1223 365 1250 καὶ
390 1225 442 1250 τῶν
471 1223 529 1261 περὶ
558 1225 610 1250 τῶν
638 1220 707 1249 ὅλων
728 1220 859 1255 συστήσας

37 1266 136 1305 ἆγῶνα,
152 1266 242 1294 καὶτὸ
256 1268 358 1303 σμῆνος
384 1267 436 1294 τῶν
466 1265 552 1305 λόγων
577 1265 701 1304 κινήσας,
731 1265 776 1293 τὸν
803 1265 862 1292 θεο-

38 1310 101 1350 οιλῆ
122 1309 149 1338 δὲ
181 1309 252 1349 λέγω
282 1309 481 1349 μητροπολίτην
518 1309 656 1349 Ἀγκύρας,
691 1308 862 1347 ὑπομνήματί

37 1366 65 1383 τε
92 1354 237 1394 πέφρακται
268 1355 314 1382 τοῦ
349 1355 491 1394 μακαρίτου
527 1353 656 1392 βασιλέως
688 1356 734 1381 τοῦ
764 1353 860 1392 Δούκα,

37 1399 108 1431 ὅστις
130 1399 178 1432 τὴν
200 1402 245 1427 τοῦ
273 1398 406 1437 βασιλείου
434 1398 583 1431 ἐπισκοπὴν
613 1399 649 1429 εἷς
667 1396 861 1438 μητροπολιτι-

36 1445 83 1472 κὸν
111 1443 229 1482 ἆνήγαγε
261 1442 371 1483 δίκαιον,
401 1442 582 1483 διοριζομένῳ,
614 1445 652 1479 τῷ
680 1443 783 1479 θανάτῳ
816 1444 862 1469 τοῦ

36 1487 192 1526 τιμηθέντος
207 1487 413 1527 μητροπολίτο),
445 1489 480 1519 εἰς
508 1488 659 1520 ὶπισκοπὴν
684 1487 862 1515 κατεσπάσθαι

894 950 1004 982 tionem
1027 952 1069 982 rei
1097 951 1260 989 sufﬁciant,
1277 961 1330 982 cur
1358 952 1486 992 amplius
1509 953 1682 985 laboretur?
1696 961 1727 988 et

895 1004 960 1025 cum
975 995 1084 1026 veritas
1099 996 1219 1026 elucere
1241 996 1344 1036 possit,
1373 1000 1461 1037 atque
1475 997 1616 1029 omnibus
1634 998 1724 1030 inno-

900 1043 1033 1070 tescere:
1052 1049 1110 1070 non
1137 1040 1238 1071 multis
1262 1050 1337 1081 opus
1354 1045 1399 1072 est
1413 1041 1524 1074 verbis.
1544 1042 1662 1084 Quippe
1677 1053 1728 1074 ve-

898 1084 969 1115 ritas
985 1084 1020 1114 ad
1050 1086 1095 1115 sui
1121 1085 1316 1125 patrocinium
1343 1086 1471 1126 ipsamet
1487 1087 1605 1118 sufﬁcit.
1623 1087 1726 1129 Itaque

898 1129 1014 1160 ratione
1029 1129 1193 1169 communi,
1223 1133 1252 1160 et
1276 1130 1456 1169 generaliter
1471 1131 1534 1162 haec
1550 1131 1628 1163 dicta
1643 1136 1724 1163 sunt.

900 1174 1040 1204 Scorsum
1055 1183 1136 1210 vero,
1153 1178 1183 1204 et
1201 1174 1409 1214 particulatim,
1422 1175 1510 1206 etiam
1521 1175 1587 1207 aliis
1602 1177 1728 1218 quisque

903 1217 1035 1249 munitus
1049 1222 1093 1248 est
1105 1218 1234 1257 juribus.
1252 1217 1324 1249 Nam
1343 1223 1371 1249 et
1387 1219 1412 1249 is
1437 1219 1501 1260 ipse
1512 1221 1563 1261 qui
1576 1217 1728 1253 certamen

902 1262 958 1292 hoc
973 1262 1142 1292 universum
1177 1262 1303 1303 accepit,
1327 1268 1356 1294 et
1370 1263 1528 1295 verborum
1543 1265 1600 1296 hoc
1613 1265 1729 1296 alveare

902 1308 1070 1345 commovit,
1088 1307 1255 1346 religiosus,
1268 1307 1399 1348 inquam,
1418 1309 1663 1350 metropolitanus
1678 1310 1730 1341 ille

904 1351 1088 1390 Ancyranus,
1116 1351 1311 1383 instrumento
1339 1352 1471 1383 munitus
1500 1358 1545 1384 est
1558 1354 1654 1386 felicis
1669 1363 1731 1386 me‘

904 1396 1006 1426 moriae
1022 1395 1165 1436 principis
1187 1395 1275 1426 Ducas
1292 1413 1314 1433 ν,
1333 1397 1382 1437 qui
1394 1398 1597 1438 episcopatum
1612 1398 1730 1430 Basilaei

904 1440 1199 1480 metropoliticojure
1213 1441 1341 1482 donavit,
1357 1442 1435 1482 quod
1448 1443 1642 1474 instrumento
1658 1453 1730 1474 san-

905 1484 1177 1522 citur,uthonorem
1185 1484 1282 1525 adepti
1294 1486 1728 1526 metropolitanimorte,dicta:

36 1534 85 1567 τὴν
107 1532 250 1572 εἰρημένην
278 1531 420 1565 ἐκκλησίαν
436 1540 443 1548 ⁸
481 1532 519 1570 μὴ
549 1531 770 1571 ἐπαισχυνθέντος

965 1529 1038 1560 lesia
1050 1529 1153 1560 redeat
1167 1529 1202 1560 ad
1226 1534 1335 1561 statum
1351 1530 1525 1562 inferiorem
1544 1532 1732 1573 episcopatus

36 1578 170 1616 νουνεχῶς
186 1580 232 1604 τοῦ
257 1575 385 1615 βασιλέως
414 1577 444 1604 τὸ
472 1577 570 1604 οἰκεῖον
591 1575 722 1613 ὀλίσθημα
750 1576 794 1603 καὶ
814 1574 864 1608 τὴν

35 1621 145 1661 ἄγνοιαν
182 1622 225 1649 καὶ
263 1619 444 1660 θριαμϐεῦσαι,
474 1621 518 1648 καὶ
546 1619 758 1660 διορθώσασθαι·
796 1618 864 1646 ἀλλὰ

35 1667 104 1694 κατὰ
124 1667 156 1694 τὸ
184 1665 316 1694 Θετταλὸν
352 1665 527 1705 μειρακίσνον,
558 1665 601 1693 καὶ
636 1664 796 1703 τρώσαντος,
821 1664 864 1692 καὶ

37 1712 181 1748 συμπαθῶς
215 1711 259 1738 καὶ
287 1709 476 1749 φιλανθρώπως
498 1709 680 1749 ἐπεγνωκότος
709 1709 758 1742 τὴν
778 1708 862 1738 ἴασιν.

36 1756 86 1784 Καὶ
114 1755 182 1794 πρὸς
210 1755 295 1791 τούτῳ
329 1752 519 1794 χρυσοϐούλλῳ
553 1753 684 1782 ὥπλισται
711 1752 784 1790 ἄλλῷ
818 1752 864 1781 τοῦ

34 1801 92 1829 υἱοῦ
105 1801 200 1828 τούτου
224 1800 268 1828 καὶ
289 1799 430 1839 βασιλέως,
452 1800 483 1827 τὸ
511 1799 610 1839 φθάσαν
638 1798 835 1837 ὑποστηρίζοντι
855 1806 862 1814 ⁸

34 1845 79 1872 καὶ
109 1845 281 1882 ὑπομνήματι
303 1842 442 1883 συνοδικῷ,
471 1847 524 1872 τῶν
545 1843 605 1871 τότε
634 1843 739 1878 ζώντων
767 1853 865 1881 μητρο-

33 1888 169 1928 πολιτῶν,
186 1888 281 1927 ὀλίγων
297 1887 324 1915 δὲ
339 1887 422 1916 ὄντων
438 1887 480 1924 54,
510 1894 566 1919 ταῖς
592 1887 766 1927 αὒτοχειρίοις
795 1888 862 1915 ὑπο-

34 1933 185 1967 σηαασίαις
204 1934 235 1961 τὸ
255 1931 368 1970 ἔμπεδον
395 1931 563 1972 ὰποφέροντι,
588 1933 625 1960 ὧν
653 1933 696 1959 καὶ
718 1933 740 1960 οἱ
761 1931 865 1963 πλείους

32 1978 163 2018 περίεισι,
190 1977 393 2017 στοιχησάντων
429 1977 551 2005 ἁπάντων
579 1979 613 2014 τῇ
641 1979 769 2015 κανονικῇ
796 1976 866 2004 ἀπο-

31 2016 129 2062 φάσει.
161 2016 276 2061 υΑτεροξ
304 2020 332 2049 δὲ
362 2022 376 2048 δ
402 2016 556 2060 Ἡρακλείας
586 2021 650 2059 πρὸς
673 2027 731 2052 τοῖς
766 2027 866 2052 κοινοῖς

13 2072 15 2079 '
32 2066 231 2104 δικαιώμασιν,
248 2065 311 2095 αὐτό
325 2076 354 2094 τε
368 2066 399 2093 τὸ
427 2064 561 2093 συνοδικὸν
588 2064 734 2103 ὑπόμνημα
749 2063 866 2104 προϐάλ-

33 2112 112 2140 λεται
145 2111 182 2142 εἷς
211 2110 402 2148 συνασπισμὸν,
436 2110 480 2138 καὶ
508 2107 696 2149 χρυσοὸούλλῳ
722 2109 866 2149 τεθωράκι-

35 2168 111 2193 σται,
135 2156 168 2184 οὗ
196 2154 354 2194 δημιουργὸς
384 2155 399 2182 ὁ
421 2154 567 2194 μακαρίτης
588 2152 711 2192 βασιλεὺς
740 2155 755 2182 ὁ
784 2158 870 2183 Bom-

904 1582 970 1604 cum
981 1573 1067 1604 valde
1081 1574 1242 1614 prudenter
1251 1575 1329 1605 hunc
1338 1575 1502 1616 principem
1513 1586 1572 1607 non
1595 1576 1734 1617 puduerit

905 1617 1018 1657 lapsum
1026 1618 1255 1657 etignorantiam
1267 1628 1349 1649 suam
1361 1623 1421 1650 tum
1434 1620 1529 1660 palam
1539 1621 1730 1661 spectandam

905 1662 1122 1700 exhibere,tum
1139 1663 1288 1702 corrigere
1303 1675 1310 1701 ;
1327 1663 1467 1704 idemque
1478 1664 1614 1696 Thessali
1627 1665 1731 1697 adole-

905 1707 1015 1737 scentis
1030 1708 1180 1748 exemplo,
1197 1712 1225 1739 et
1240 1708 1344 1738 vulnus
1360 1709 1521 1748 inﬂixerit;
1550 1713 1579 1740 et
1602 1710 1732 1749 benigue

905 1751 1135 1792 humaniterque
1151 1754 1334 1784 sanationem
1351 1753 1514 1792 agnoverit.
1530 1753 1645 1786 Praeter
1658 1755 1733 1785 hanc

906 1795 1015 1826 bullam
1045 1806 1175 1834 auream,
1206 1798 1339 1828 munitus
1363 1802 1409 1829 est
1438 1798 1494 1828 alia
1535 1807 1652 1838 quoque
1679 1798 1733 1829 ﬁlii

906 1841 993 1880 hujus
1008 1847 1030 1878 κ,
1049 1846 1077 1871 et
1093 1841 1292 1881 imperatoris,
1311 1851 1375 1882 qum
1400 1842 1531 1881 priorem
1548 1842 1706 1873 conﬁrmat
1723 1853 1730 1873 :

907 1884 1037 1925 itemque
1054 1890 1245 1916 monumento
1275 1886 1419 1926 synodali,
1437 1886 1515 1926 quod
1532 1886 1617 1917 factis
1643 1896 1732 1917 manu

909 1929 1027 1969 propria
1038 1929 1307 1969 subscriptiouibus
1319 1934 1364 1961 est
1373 1930 1580 1961 conﬁrmatum
1590 1930 1627 1961 ab
1641 1931 1737 1962 omni-

909 1973 963 2004 bus
978 1978 1047 2004 tunc
1057 1974 1222 2005 viventibus
1239 1974 1486 2015 metropolitanis,
1503 1975 1528 2006 si
1549 1985 1658 2015 paucos
1678 1975 1735 2006 de-

909 2027 983 2057 mas,
1000 2028 1125 2059 quorum
1142 2022 1171 2049 et
1188 2019 1282 2058 major
1295 2028 1361 2059 pars
1376 2023 1527 2059 superstes
1542 2024 1598 2057 est,
1612 2019 1735 2051 univer-

909 2063 948 2093 sis
965 2063 1142 2093 sententiam
1173 2063 1345 2094 canonicam
1368 2063 1491 2094 secutis.
1522 2064 1605 2095 Alter
1634 2068 1734 2095 autem

909 2107 959 2137 ille
975 2107 1103 2147 pontifex
1131 2107 1293 2145 Heracleas,
1325 2112 1431 2148 prwter
1453 2108 1521 2147 jura
1545 2109 1734 2147 communia;

911 2152 1022 2192 profert
1036 2152 1072 2182 ad
1095 2152 1140 2183 sui
1170 2152 1374 2183 defensionem
1389 2152 1463 2183 illud
1479 2152 1576 2193 ipsum
1594 2153 1736 2193 synodale

35 2202 163 2238 νειάτης,
186 2199 356 2239 διοριζομένῳ
381 2201 416 2237 τῇ
450 2198 559 2247 τελεμτῇ
587 2202 633 2227 τοῦ
661 2201 714 2228 νυνὶ
742 2199 802 2247 ἀρχι

968 2200 1148 2234 aumentum,
1174 2201 1202 2228 et
1227 2197 1357 2227 munitus
1382 2201 1424 2227 est
1439 2206 1529 2228 aurea
1543 2196 1636 2235 bulla,
1653 2197 1735 2237 cujus

35 2246 165 2276 τεύοντος
194 2243 221 2272 ἒν
249 2242 371 2282 Μαδύτῳ,
400 2244 430 2271 τὸ
469 2242 513 2271 ὑπ’
542 2243 613 2280 αὐτῷ
648 2242 871 2282 μητροπολιτικὺν

36 2290 172 2318 παύεσθαι
205 2287 314 2325 δίκαιον¹
350 2288 394 2316 καὶ
425 2288 475 2316 ὑπὸ
504 2287 553 2320 τὴν
579 2282 734 2326 Ἡράκλειαν
770 2287 870 2317 ἐπανα-

36 2333 166 2374 στρέφειν
192 2333 242 2366 τὴν
267 2332 409 2372 εἰρημένην
441 2331 615 2368 Ἐκκλησίαν,
644 2332 681 2363 ὡς
702 2331 869 2371 τοπρότερον,

11 2372 21 2378 ’
35 2372 264 2418 Προσεπιτούντοις
293 2377 336 2404 καὶ
378 2377 392 2405 ὁ
435 2375 634 2416 θεοφιλέστατος
676 2375 872 2416 μητροπολίτης

13 2447 15 2452 ,
34 2426 168 2463 Πατρῶν,
190 2420 303 2453 πολλοῖς
325 2422 368 2449 καὶ
382 2420 514 2460 διαφόροις
536 2421 701 2461 τετείχισται
727 2420 871 2459 δικαιώμα-

35 2479 90 2509 σινδ
109 2469 150 2500 εἷς
173 2467 204 2494 τὸ
227 2471 368 2506 συμφυεῖς,
398 2466 441 2493 καὶ
465 2465 612 2503 ἀτμήτους,
641 2466 685 2494 καὶ
712 2465 870 2495 ἀναποσπά-

36 2523 119 2544 στους
141 2512 220 2552 ἔχειν
240 2512 287 2543 τὰς
316 2513 350 2548 τῇ
377 2509 435 2538 κατ’
458 2510 536 2538 αὐτὸν
561 2509 688 2546 ἐκκλησίᾳ
714 2509 872 2550 δωρηθείσας

39 2557 208 2596 ὲπισκοπὰς,
251 2556 322 2594 παρὰ
363 2555 513 2595 Νικηφόρου
554 2553 684 2593 βασιλέως
725 2559 771 2584 τοῦ
820 2555 873 2583 ἀπὸ

14 2605 174 2641 ιγενικῶν,
203 2600 245 2629 διὰ
278 2601 309 2628 τὸ
335 2599 363 2628 ἐν
398 2602 434 2637 τῇ
462 2601 631 2639 καταστροφῇ
665 2601 717 2627 τῶν
755 2598 874 2639 Ἀϐάρων

12 2634 24 2679 ί,
39 2634 116 2686 rupi
148 2634 197 2674 τοῦ
219 2645 359 2685 κορυφαίου
386 2646 440 2671 τῶν
468 2642 621 2672 ἀποστόλων
647 2644 690 2672 καὶ
719 2644 874 2681 πρωτοκλή-

913 2245 1014 2272 auctor
1027 2245 1071 2271 est
1081 2241 1175 2272 felicis
1183 2241 1398 2272 recordationis
1418 2240 1582 2282 imperator
1596 2241 1736 2272 Botania—

913 2291 968 2323 tes,
986 2297 1044 2327 qua
1059 2287 1200 2326 sancitur,
1217 2291 1250 2318 ut
1264 2286 1343 2318 illius
1357 2288 1518 2328 morte,qui
1533 2297 1612 2318 nunc
1628 2288 1737 2328 Madyti

913 2332 1113 2372 pontiﬁcatum
1129 2331 1265 2372 gerit,jus
1280 2332 1343 2372 ejus
1365 2331 1615 2372 metropoliticum
1632 2332 1736 2373 exspi—

912 2381 968 2413 ret,
984 2386 1018 2407 ac
1034 2376 1110 2407 dicta
1117 2376 1244 2407 ecclesia
1257 2375 1383 2416 pristino
1394 2385 1477 2406 more
1493 2375 1548 2407 sub
1564 2375 1738 2407 Heracleam

912 2421 1024 2452 redeat.
1042 2420 1153 2451 Praeter
1167 2421 1241 2458 haec,
1270 2420 1514 2460 religiosissimus
1539 2430 1657 2461 quoque
1672 2430 1738 2451 me—

913 2465 1106 2506 tropolitanus
1144 2464 1292 2496 Patrensis
1332 2464 1538 2504 compluribus
1578 2474 1612 2496 ac
1650 2465 1741 2496 variis

915 2510 1046 2540 munitus
1069 2509 1243 2549 estjuribus
1268 2509 1299 2539 in
1314 2509 1381 2546 hoc,
1401 2513 1433 2540 ut
1453 2508 1511 2539 sibi
1525 2509 1693 2548 abjunctos,
1711 2513 1742 2540 et

916 2554 1037 2584 minime
1050 2558 1212 2594 separatos,
1229 2553 1452 2593 indivulsosque
1469 2553 1576 2584 habeat
1587 2552 1741 2593 episcopa—

915 2603 972 2636 tus,
989 2599 1124 2629 ecclesiae
1138 2608 1199 2630 suae
1214 2608 1230 2629 a
1243 2598 1410 2638 Nicephoro
1422 2597 1569 2638 principe,
1582 2597 1632 2638 qui
1641 2607 1676 2628 ex
1687 2606 1741 2637 ge—

916 2643 1009 2674 nerali
1026 2647 1217 2684 procuratore
1236 2643 1330 2673 factus
1344 2645 1390 2673 est
1406 2641 1743 2683 imperator,attributos

711 2726 837 2760 VARLE
858 2726 1084 2761 LECTIONES.

81 2784 119 2810 54
142 2784 270 2814 δεόντων.

84 2871 98 2887 ν
119 2850 330 2885 Constantini.
373 2871 386 2887 ι
400 2848 556 2882 Michaelis
571 2850 670 2884 Duco.
