  <div class='ocr_page' id='page_1' title='image "/cluster/home/n/w/nwhite01/storage/ocr_20150623/119/njp.32101010943965/1051.png"; bbox 0 0 1942 3081; ppageno 0'>
   <div class='ocr_carea' id='block_1_1' title="bbox 216 124 275 157">
    <p class='ocr_par' dir='ltr' id='par_1_1' title="bbox 216 124 275 157">
     <span class='ocr_line' id='line_1_1' title="bbox 216 124 275 157; baseline 0.034 -2"><span class='ocrx_word' id='word_1_1' title='bbox 216 124 275 157; x_wconf 83' lang='lat'><strong>879</strong></span> 
     </span>
    </p>
   </div>
   <div class='ocr_carea' id='block_1_2' title="bbox 904 124 1215 158">
    <p class='ocr_par' dir='ltr' id='par_1_2' title="bbox 904 124 1215 158">
     <span class='ocr_line' id='line_1_2' title="bbox 904 124 1215 158; baseline 0.006 -2"><span class='ocrx_word' id='word_1_2' title='bbox 904 126 921 157; x_wconf 84' lang='lat' dir='ltr'><strong>J</strong></span> <span class='ocrx_word' id='word_1_3' title='bbox 924 125 970 156; x_wconf 92' lang='lat' dir='ltr'><strong>US</strong></span> <span class='ocrx_word' id='word_1_4' title='bbox 991 124 1215 158; x_wconf 73' lang='lat' dir='ltr'><strong>CANONICUM</strong></span> 
     </span>
    </p>
   </div>
   <div class='ocr_carea' id='block_1_3' title="bbox 1839 126 1887 160">
    <p class='ocr_par' dir='ltr' id='par_1_3' title="bbox 1839 126 1887 160">
     <span class='ocr_line' id='line_1_3' title="bbox 1839 126 1887 160; baseline -0.021 0"><span class='ocrx_word' id='word_1_5' title='bbox 1839 126 1887 160; x_wconf 78' lang='lat'><strong>880</strong></span> 
     </span>
    </p>
   </div>
   <div class='ocr_carea' id='block_1_4' title="bbox 218 191 1039 233">
    <p class='ocr_par' dir='ltr' id='par_1_4' title="bbox 218 191 1039 232">
     <span class='ocr_line' id='line_1_4' title="bbox 218 191 1039 232; baseline -0.002 -10"><span class='ocrx_word' id='word_1_6' title='bbox 218 193 281 232; x_wconf 87' lang='lat' dir='ltr'><strong>ejus</strong></span> <span class='ocrx_word' id='word_1_7' title='bbox 304 191 437 222; x_wconf 83' lang='lat' dir='ltr'><strong>miraculi</strong></span> <span class='ocrx_word' id='word_1_8' title='bbox 465 191 568 231; x_wconf 81' lang='lat' dir='ltr'><strong>gratia,</strong></span> <span class='ocrx_word' id='word_1_9' title='bbox 598 191 675 232; x_wconf 91' lang='lat' dir='ltr'><strong>quod</strong></span> <span class='ocrx_word' id='word_1_10' title='bbox 698 192 855 223; x_wconf 79' lang='lat' dir='ltr'><strong>oculariter</strong></span> <span class='ocrx_word' id='word_1_11' title='bbox 869 192 976 222; x_wconf 82' lang='lat' dir='ltr'><strong>factum</strong></span> <span class='ocrx_word' id='word_1_12' title='bbox 992 191 1039 222; x_wconf 81' lang='lat' dir='ltr'><strong>fuit</strong></span> 
     </span>
    </p>
   </div>
   <div class='ocr_carea' id='block_1_5' title="bbox 1124 191 1889 233">
    <p class='ocr_par' dir='ltr' id='par_1_5' title="bbox 1124 191 1889 233">
     <span class='ocr_line' id='line_1_5' title="bbox 1124 191 1889 233; baseline 0.001 -13"><span class='ocrx_word' id='word_1_13' title='bbox 1124 196 1132 220; x_wconf 77' lang='lat'><em>3</em></span> <span class='ocrx_word' id='word_1_14' title='bbox 1168 191 1288 233; x_wconf 77' lang='grc' dir='ltr'><strong>Ἀνδρέου</strong></span> <span class='ocrx_word' id='word_1_15' title='bbox 1323 192 1531 233; x_wconf 80' lang='grc' dir='ltr'>ὀφθαλμοφανῶς</span> <span class='ocrx_word' id='word_1_16' title='bbox 1561 195 1703 233; x_wconf 85' lang='grc' dir='ltr'>γενόμενον</span> <span class='ocrx_word' id='word_1_17' title='bbox 1731 196 1822 233; x_wconf 79' lang='grc' dir='ltr'>θαῦμα,</span> <span class='ocrx_word' id='word_1_18' title='bbox 1855 194 1889 222; x_wconf 76' lang='grc' dir='ltr'>ἐπὶ</span> 
     </span>
    </p>
   </div>
   <div class='ocr_carea' id='block_1_6' title="bbox 217 236 1039 277">
    <p class='ocr_par' dir='ltr' id='par_1_6' title="bbox 217 236 1039 277">
     <span class='ocr_line' id='line_1_6' title="bbox 217 236 1039 277; baseline 0 -11"><span class='ocrx_word' id='word_1_19' title='bbox 217 237 253 267; x_wconf 90' lang='lat' dir='ltr'><strong>ab</strong></span> <span class='ocrx_word' id='word_1_20' title='bbox 268 236 319 267; x_wconf 92' lang='lat' dir='ltr'><strong>illo</strong></span> <span class='ocrx_word' id='word_1_21' title='bbox 336 236 444 266; x_wconf 85' lang='lat' dir='ltr'><strong>eximio</strong></span> <span class='ocrx_word' id='word_1_22' title='bbox 460 236 616 276; x_wconf 87' lang='lat' dir='ltr'><strong>primoque</strong></span> <span class='ocrx_word' id='word_1_23' title='bbox 646 241 745 267; x_wconf 85' lang='lat' dir='ltr'><strong>vocato</strong></span> <span class='ocrx_word' id='word_1_24' title='bbox 762 237 894 277; x_wconf 81' lang='lat' dir='ltr'><strong>apostolo</strong></span> <span class='ocrx_word' id='word_1_25' title='bbox 909 236 1039 273; x_wconf 83' lang='lat' dir='ltr'><strong>Andrea,</strong></span> 
     </span>
    </p>
   </div>
   <div class='ocr_carea' id='block_1_7' title="bbox 216 280 1040 321">
    <p class='ocr_par' dir='ltr' id='par_1_7' title="bbox 216 280 1040 321">
     <span class='ocr_line' id='line_1_7' title="bbox 216 280 1040 321; baseline -0.001 -10"><span class='ocrx_word' id='word_1_26' title='bbox 216 282 246 312; x_wconf 93' lang='lat' dir='ltr'><strong>in</strong></span> <span class='ocrx_word' id='word_1_27' title='bbox 262 281 394 312; x_wconf 89' lang='lat' dir='ltr'><strong>Abarum</strong></span> <span class='ocrx_word' id='word_1_28' title='bbox 411 280 631 321; x_wconf 89' lang='lat' dir='ltr'><strong>eversione,qui</strong></span> <span class='ocrx_word' id='word_1_29' title='bbox 647 281 714 312; x_wconf 90' lang='lat' dir='ltr'><strong>totis</strong></span> <span class='ocrx_word' id='word_1_30' title='bbox 729 289 837 313; x_wconf 82' lang='lat' dir='ltr'><strong>ccxvm</strong></span> <span class='ocrx_word' id='word_1_31' title='bbox 852 281 938 312; x_wconf 90' lang='lat' dir='ltr'><strong>annis</strong></span> <span class='ocrx_word' id='word_1_32' title='bbox 952 280 1040 311; x_wconf 90' lang='lat' dir='ltr'><strong>Pelo-</strong></span> 
     </span>
    </p>
   </div>
   <div class='ocr_carea' id='block_1_8' title="bbox 217 324 1040 366">
    <p class='ocr_par' dir='ltr' id='par_1_8' title="bbox 217 324 1040 366">
     <span class='ocr_line' id='line_1_8' title="bbox 217 324 1040 366; baseline 0 -10"><span class='ocrx_word' id='word_1_33' title='bbox 217 334 381 366; x_wconf 79' lang='lat' dir='ltr'><strong>ponnesum</strong></span> <span class='ocrx_word' id='word_1_34' title='bbox 394 325 691 366; x_wconf 87' lang='lat' dir='ltr'><strong>obtinuerant,usque</strong></span> <span class='ocrx_word' id='word_1_35' title='bbox 707 325 780 356; x_wconf 80' lang='lat' dir='ltr'><strong>adeo</strong></span> <span class='ocrx_word' id='word_1_36' title='bbox 792 325 829 356; x_wconf 90' lang='lat' dir='ltr'><strong>ab</strong></span> <span class='ocrx_word' id='word_1_37' title='bbox 840 325 966 366; x_wconf 89' lang='lat' dir='ltr'><strong>imperio</strong></span> <span class='ocrx_word' id='word_1_38' title='bbox 980 324 1040 356; x_wconf 85' lang='lat' dir='ltr'><strong>Ro-</strong></span> 
     </span>
    </p>
   </div>
   <div class='ocr_carea' id='block_1_9' title="bbox 217 369 1038 410">
    <p class='ocr_par' dir='ltr' id='par_1_9' title="bbox 217 369 1038 410">
     <span class='ocr_line' id='line_1_9' title="bbox 217 369 1038 410; baseline 0 -10"><span class='ocrx_word' id='word_1_39' title='bbox 217 379 306 400; x_wconf 89' lang='lat' dir='ltr'><strong>mano</strong></span> <span class='ocrx_word' id='word_1_40' title='bbox 323 369 425 406; x_wconf 83' lang='lat' dir='ltr'><strong>avulsi,</strong></span> <span class='ocrx_word' id='word_1_41' title='bbox 443 374 473 400; x_wconf 92' lang='lat' dir='ltr'><strong>ut</strong></span> <span class='ocrx_word' id='word_1_42' title='bbox 488 379 575 400; x_wconf 91' lang='lat' dir='ltr'><strong>nemo</strong></span> <span class='ocrx_word' id='word_1_43' title='bbox 593 371 744 401; x_wconf 80' lang='lat' dir='ltr'><strong>Romanus</strong></span> <span class='ocrx_word' id='word_1_44' title='bbox 755 370 785 400; x_wconf 92' lang='lat' dir='ltr'><strong>in</strong></span> <span class='ocrx_word' id='word_1_45' title='bbox 802 370 1038 410; x_wconf 88' lang='lat' dir='ltr'><strong>Peloponnesum</strong></span> 
     </span>
    </p>
   </div>
   <div class='ocr_carea' id='block_1_10' title="bbox 216 413 1040 454">
    <p class='ocr_par' dir='ltr' id='par_1_10' title="bbox 216 413 1040 454">
     <span class='ocr_line' id='line_1_10' title="bbox 216 413 1040 454; baseline -0.001 -9"><span class='ocrx_word' id='word_1_46' title='bbox 216 414 261 445; x_wconf 90' lang='lat' dir='ltr'><strong>vel</strong></span> <span class='ocrx_word' id='word_1_47' title='bbox 278 414 383 454; x_wconf 87' lang='lat' dir='ltr'><strong>pedem</strong></span> <span class='ocrx_word' id='word_1_48' title='bbox 399 415 509 445; x_wconf 82' lang='lat' dir='ltr'><strong>inferre</strong></span> <span class='ocrx_word' id='word_1_49' title='bbox 528 419 644 454; x_wconf 79' lang='lat' dir='ltr'><strong>posset;</strong></span> <span class='ocrx_word' id='word_1_50' title='bbox 662 418 731 445; x_wconf 89' lang='lat' dir='ltr'><strong>tunc</strong></span> <span class='ocrx_word' id='word_1_51' title='bbox 743 418 840 445; x_wconf 87' lang='lat' dir='ltr'><strong>autem</strong></span> <span class='ocrx_word' id='word_1_52' title='bbox 857 414 945 444; x_wconf 91' lang='lat' dir='ltr'><strong>unius</strong></span> <span class='ocrx_word' id='word_1_53' title='bbox 960 413 1040 444; x_wconf 77' lang='lat' dir='ltr'><strong>horae</strong></span> 
     </span>
    </p>
   </div>
   <div class='ocr_carea' id='block_1_11' title="bbox 217 458 1040 499">
    <p class='ocr_par' dir='ltr' id='par_1_11' title="bbox 217 458 1040 499">
     <span class='ocr_line' id='line_1_11' title="bbox 217 458 1040 499; baseline -0.001 -10"><span class='ocrx_word' id='word_1_54' title='bbox 217 459 312 499; x_wconf 85' lang='lat' dir='ltr'><strong>spatio</strong></span> <span class='ocrx_word' id='word_1_55' title='bbox 325 459 638 490; x_wconf 82' lang='lat' dir='ltr'><strong>fueruntexterminati</strong></span> <span class='ocrx_word' id='word_1_56' title='bbox 648 468 700 499; x_wconf 90' lang='lat' dir='ltr'><strong>per</strong></span> <span class='ocrx_word' id='word_1_57' title='bbox 717 460 809 490; x_wconf 91' lang='lat' dir='ltr'><strong>solam</strong></span> <span class='ocrx_word' id='word_1_58' title='bbox 826 458 1040 499; x_wconf 85' lang='lat' dir='ltr'><strong>apparitionem</strong></span> 
     </span>
    </p>
   </div>
   <div class='ocr_carea' id='block_1_12' title="bbox 217 501 1040 543">
    <p class='ocr_par' dir='ltr' id='par_1_12' title="bbox 217 501 1040 543">
     <span class='ocr_line' id='line_1_12' title="bbox 217 501 1040 543; baseline 0 -10"><span class='ocrx_word' id='word_1_59' title='bbox 217 503 306 542; x_wconf 90' lang='lat' dir='ltr'><strong>hujus</strong></span> <span class='ocrx_word' id='word_1_60' title='bbox 322 503 419 543; x_wconf 92' lang='lat' dir='ltr'><strong>primo</strong></span> <span class='ocrx_word' id='word_1_61' title='bbox 429 503 524 534; x_wconf 83' lang='lat' dir='ltr'><strong>vocati</strong></span> <span class='ocrx_word' id='word_1_62' title='bbox 540 503 676 542; x_wconf 79' lang='lat' dir='ltr'><strong>apostoli,</strong></span> <span class='ocrx_word' id='word_1_63' title='bbox 692 507 721 534; x_wconf 88' lang='lat' dir='ltr'><strong>et</strong></span> <span class='ocrx_word' id='word_1_64' title='bbox 732 503 796 543; x_wconf 90' lang='lat' dir='ltr'><strong>ipsa</strong></span> <span class='ocrx_word' id='word_1_65' title='bbox 809 503 891 541; x_wconf 82' lang='lat' dir='ltr'><strong>regio</strong></span> <span class='ocrx_word' id='word_1_66' title='bbox 907 506 966 533; x_wconf 89' lang='lat' dir='ltr'><strong>tota</strong></span> <span class='ocrx_word' id='word_1_67' title='bbox 980 501 1040 533; x_wconf 82' lang='lat' dir='ltr'><strong>R0-</strong></span> 
     </span>
    </p>
   </div>
   <div class='ocr_carea' id='block_1_13' title="bbox 217 547 614 586">
    <p class='ocr_par' dir='ltr' id='par_1_13' title="bbox 217 547 614 586">
     <span class='ocr_line' id='line_1_13' title="bbox 217 547 614 586; baseline 0 -9"><span class='ocrx_word' id='word_1_68' title='bbox 217 547 313 578; x_wconf 86' lang='lat' dir='ltr'><strong>manis</strong></span> <span class='ocrx_word' id='word_1_69' title='bbox 327 547 462 578; x_wconf 85' lang='lat' dir='ltr'><strong>restituta</strong></span> <span class='ocrx_word' id='word_1_70' title='bbox 477 547 614 586; x_wconf 79' lang='lat' dir='ltr'><strong>sceptris.</strong></span> 
     </span>
    </p>
   </div>
   <div class='ocr_carea' id='block_1_14' title="bbox 257 591 1039 632">
    <p class='ocr_par' dir='ltr' id='par_1_14' title="bbox 257 591 1039 632">
     <span class='ocr_line' id='line_1_14' title="bbox 257 591 1039 632; baseline -0.001 -10"><span class='ocrx_word' id='word_1_71' title='bbox 257 593 301 622; x_wconf 91' lang='lat' dir='ltr'><strong>Ac</strong></span> <span class='ocrx_word' id='word_1_72' title='bbox 316 592 443 632; x_wconf 90' lang='lat' dir='ltr'><strong>primum</strong></span> <span class='ocrx_word' id='word_1_73' title='bbox 459 592 580 632; x_wconf 85' lang='lat' dir='ltr'><strong>quidem</strong></span> <span class='ocrx_word' id='word_1_74' title='bbox 597 592 707 631; x_wconf 86' lang='lat' dir='ltr'><strong>profert</strong></span> <span class='ocrx_word' id='word_1_75' title='bbox 725 600 846 622; x_wconf 85' lang='lat' dir='ltr'><strong>auream</strong></span> <span class='ocrx_word' id='word_1_76' title='bbox 862 591 974 622; x_wconf 87' lang='lat' dir='ltr'><strong>bullam</strong></span> <span class='ocrx_word' id='word_1_77' title='bbox 991 591 1039 621; x_wconf 93' lang='lat' dir='ltr'><strong>in-</strong></span> 
     </span>
    </p>
   </div>
   <div class='ocr_carea' id='block_1_15' title="bbox 217 635 1040 676">
    <p class='ocr_par' dir='ltr' id='par_1_15' title="bbox 217 635 1040 676">
     <span class='ocr_line' id='line_1_15' title="bbox 217 635 1040 676; baseline 0 -10"><span class='ocrx_word' id='word_1_78' title='bbox 217 635 305 667; x_wconf 83' lang='lat' dir='ltr'><strong>dicati</strong></span> <span class='ocrx_word' id='word_1_79' title='bbox 321 636 475 676; x_wconf 86' lang='lat' dir='ltr'><strong>principis,</strong></span> <span class='ocrx_word' id='word_1_80' title='bbox 493 637 542 676; x_wconf 91' lang='lat' dir='ltr'><strong>qui</strong></span> <span class='ocrx_word' id='word_1_81' title='bbox 569 640 598 667; x_wconf 84' lang='lat' dir='ltr'><strong>et</strong></span> <span class='ocrx_word' id='word_1_82' title='bbox 613 637 690 667; x_wconf 89' lang='lat' dir='ltr'><strong>hanc</strong></span> <span class='ocrx_word' id='word_1_83' title='bbox 714 636 809 676; x_wconf 85' lang='lat' dir='ltr'><strong>ipsam</strong></span> <span class='ocrx_word' id='word_1_84' title='bbox 825 636 1040 667; x_wconf 88' lang='lat' dir='ltr'><strong>sanctissimam</strong></span> 
     </span>
    </p>
   </div>
   <div class='ocr_carea' id='block_1_16' title="bbox 216 680 1036 720">
    <p class='ocr_par' dir='ltr' id='par_1_16' title="bbox 216 680 1036 720">
     <span class='ocr_line' id='line_1_16' title="bbox 216 680 1036 720; baseline -0.001 -9"><span class='ocrx_word' id='word_1_85' title='bbox 216 682 388 712; x_wconf 85' lang='lat' dir='ltr'><strong>Patrensem</strong></span> <span class='ocrx_word' id='word_1_86' title='bbox 394 680 557 711; x_wconf 86' lang='lat' dir='ltr'><strong>Ecclesiam</strong></span> <span class='ocrx_word' id='word_1_87' title='bbox 568 690 602 711; x_wconf 92' lang='lat' dir='ltr'><strong>ex</strong></span> <span class='ocrx_word' id='word_1_88' title='bbox 613 681 869 720; x_wconf 87' lang='lat' dir='ltr'><strong>archiepiscopatu</strong></span> <span class='ocrx_word' id='word_1_89' title='bbox 876 681 910 710; x_wconf 88' lang='lat' dir='ltr'><strong>ad</strong></span> <span class='ocrx_word' id='word_1_90' title='bbox 927 684 1036 710; x_wconf 84' lang='lat' dir='ltr'><strong>metro-</strong></span> 
     </span>
    </p>
   </div>
   <div class='ocr_carea' id='block_1_17' title="bbox 218 725 1039 766">
    <p class='ocr_par' dir='ltr' id='par_1_17' title="bbox 218 725 1039 766">
     <span class='ocr_line' id='line_1_17' title="bbox 218 725 1039 766; baseline 0 -11"><span class='ocrx_word' id='word_1_91' title='bbox 218 725 294 766; x_wconf 85' lang='lat' dir='ltr'><strong>polis</strong></span> <span class='ocrx_word' id='word_1_92' title='bbox 303 725 424 765; x_wconf 84' lang='lat' dir='ltr'><strong>gloriam</strong></span> <span class='ocrx_word' id='word_1_93' title='bbox 438 725 533 756; x_wconf 80' lang='lat' dir='ltr'><strong>evexit</strong></span> <span class='ocrx_word' id='word_1_94' title='bbox 542 725 579 755; x_wconf 92' lang='lat' dir='ltr'><strong>ob</strong></span> <span class='ocrx_word' id='word_1_95' title='bbox 588 725 668 755; x_wconf 91' lang='lat' dir='ltr'><strong>illius</strong></span> <span class='ocrx_word' id='word_1_96' title='bbox 680 725 780 756; x_wconf 76' lang='lat' dir='ltr'><strong>eximii</strong></span> <span class='ocrx_word' id='word_1_97' title='bbox 793 725 959 765; x_wconf 84' lang='lat' dir='ltr'><strong>prodigium</strong></span> <span class='ocrx_word' id='word_1_98' title='bbox 969 734 1039 764; x_wconf 84' lang='lat' dir='ltr'><strong>apo-</strong></span> 
     </span>
    </p>
   </div>
   <div class='ocr_carea' id='block_1_18' title="bbox 217 769 1038 810">
    <p class='ocr_par' dir='ltr' id='par_1_18' title="bbox 217 769 1038 810">
     <span class='ocr_line' id='line_1_18' title="bbox 217 769 1038 810; baseline -0.001 -10"><span class='ocrx_word' id='word_1_99' title='bbox 217 769 365 810; x_wconf 66' lang='lat' dir='ltr'><strong>stoli,quw</strong></span> <span class='ocrx_word' id='word_1_100' title='bbox 386 769 532 809; x_wconf 56' lang='lat' dir='ltr'><strong>diximus;</strong></span> <span class='ocrx_word' id='word_1_101' title='bbox 556 774 584 800; x_wconf 89' lang='lat' dir='ltr'><strong>et</strong></span> <span class='ocrx_word' id='word_1_102' title='bbox 600 774 658 800; x_wconf 91' lang='lat' dir='ltr'><strong>tres</strong></span> <span class='ocrx_word' id='word_1_103' title='bbox 674 769 860 810; x_wconf 78' lang='lat' dir='ltr'><strong>episcopatus</strong></span> <span class='ocrx_word' id='word_1_104' title='bbox 877 769 904 800; x_wconf 90' lang='lat' dir='ltr'><strong>ei</strong></span> <span class='ocrx_word' id='word_1_105' title='bbox 920 769 1038 808; x_wconf 80' lang='lat' dir='ltr'><strong>largitus</strong></span> 
     </span>
    </p>
   </div>
   <div class='ocr_carea' id='block_1_19' title="bbox 217 813 1036 855">
    <p class='ocr_par' dir='ltr' id='par_1_19' title="bbox 217 813 1036 855">
     <span class='ocr_line' id='line_1_19' title="bbox 217 813 1036 855; baseline -0.001 -10"><span class='ocrx_word' id='word_1_106' title='bbox 217 817 271 852; x_wconf 82' lang='lat' dir='ltr'><strong>est,</strong></span> <span class='ocrx_word' id='word_1_107' title='bbox 286 814 520 855; x_wconf 86' lang='lat' dir='ltr'><strong>Methouensem,</strong></span> <span class='ocrx_word' id='word_1_108' title='bbox 533 814 802 851; x_wconf 81' lang='lat' dir='ltr'><strong>Lacedaemonium,</strong></span> <span class='ocrx_word' id='word_1_109' title='bbox 820 818 848 845; x_wconf 90' lang='lat' dir='ltr'><strong>et</strong></span> <span class='ocrx_word' id='word_1_110' title='bbox 859 813 1036 845; x_wconf 87' lang='lat' dir='ltr'><strong>Sarsocoro-</strong></span> 
     </span>
    </p>
   </div>
   <div class='ocr_carea' id='block_1_20' title="bbox 217 858 1039 894">
    <p class='ocr_par' dir='ltr' id='par_1_20' title="bbox 217 858 1039 894">
     <span class='ocr_line' id='line_1_20' title="bbox 217 858 1039 894; baseline -0.002 -4"><span class='ocrx_word' id='word_1_111' title='bbox 217 868 341 890; x_wconf 86' lang='lat' dir='ltr'><strong>nensem</strong></span> <span class='ocrx_word' id='word_1_112' title='bbox 360 869 366 890; x_wconf 92' lang='lat'>:</span> <span class='ocrx_word' id='word_1_113' title='bbox 383 859 491 889; x_wconf 90' lang='lat' dir='ltr'><strong>deinde</strong></span> <span class='ocrx_word' id='word_1_114' title='bbox 516 859 637 890; x_wconf 83' lang='lat' dir='ltr'><strong>alteram</strong></span> <span class='ocrx_word' id='word_1_115' title='bbox 660 859 728 890; x_wconf 88' lang='lat' dir='ltr'><strong>huic</strong></span> <span class='ocrx_word' id='word_1_116' title='bbox 744 868 914 894; x_wconf 75' lang='lat' dir='ltr'><strong>consonam,</strong></span> <span class='ocrx_word' id='word_1_117' title='bbox 932 858 1039 889; x_wconf 85' lang='lat' dir='ltr'><strong>Leonis</strong></span> 
     </span>
    </p>
   </div>
   <div class='ocr_carea' id='block_1_21' title="bbox 217 902 1037 943">
    <p class='ocr_par' dir='ltr' id='par_1_21' title="bbox 217 902 1037 943">
     <span class='ocr_line' id='line_1_21' title="bbox 217 902 1037 943; baseline -0.002 -9"><span class='ocrx_word' id='word_1_118' title='bbox 217 910 246 934; x_wconf 87' lang='lat' dir='ltr'><strong>et</strong></span> <span class='ocrx_word' id='word_1_119' title='bbox 273 903 435 934; x_wconf 83' lang='lat' dir='ltr'><strong>Alexandri</strong></span> <span class='ocrx_word' id='word_1_120' title='bbox 458 908 647 943; x_wconf 81' lang='lat' dir='ltr'><strong>augustorum</strong></span> <span class='ocrx_word' id='word_1_121' title='bbox 667 914 674 933; x_wconf 92' lang='lat'><strong>:</strong></span> <span class='ocrx_word' id='word_1_122' title='bbox 698 913 731 933; x_wconf 90' lang='lat' dir='ltr'><strong>ac</strong></span> <span class='ocrx_word' id='word_1_123' title='bbox 756 903 870 934; x_wconf 87' lang='lat' dir='ltr'><strong>tertiam</strong></span> <span class='ocrx_word' id='word_1_124' title='bbox 886 902 1037 942; x_wconf 64' lang='lat' dir='ltr'><strong>_Romani,</strong></span> 
     </span>
    </p>
   </div>
   <div class='ocr_carea' id='block_1_22' title="bbox 217 949 1040 990">
    <p class='ocr_par' dir='ltr' id='par_1_22' title="bbox 217 949 1040 990">
     <span class='ocr_line' id='line_1_22' title="bbox 217 949 1040 990; baseline -0.002 -9"><span class='ocrx_word' id='word_1_125' title='bbox 217 950 434 990; x_wconf 83' lang='lat' dir='ltr'><strong>Christophori,</strong></span> <span class='ocrx_word' id='word_1_126' title='bbox 453 955 481 981; x_wconf 91' lang='lat' dir='ltr'><strong>et</strong></span> <span class='ocrx_word' id='word_1_127' title='bbox 496 949 690 990; x_wconf 78' lang='lat' dir='ltr'><strong>Constantini,</strong></span> <span class='ocrx_word' id='word_1_128' title='bbox 716 949 896 990; x_wconf 86' lang='lat' dir='ltr'><strong>reliquarum</strong></span> <span class='ocrx_word' id='word_1_129' title='bbox 909 949 1040 988; x_wconf 74' lang='lat' dir='ltr'><strong>vestigiis</strong></span> 
     </span>
    </p>
   </div>
   <div class='ocr_carea' id='block_1_23' title="bbox 217 993 1037 1035">
    <p class='ocr_par' dir='ltr' id='par_1_23' title="bbox 217 993 1037 1035">
     <span class='ocr_line' id='line_1_23' title="bbox 217 993 1037 1035; baseline -0.001 -10"><span class='ocrx_word' id='word_1_130' title='bbox 217 995 408 1025; x_wconf 60' lang='lat' dir='ltr'><strong>inhaerentem</strong></span> <span class='ocrx_word' id='word_1_131' title='bbox 423 1005 431 1033; x_wconf 90' lang='lat'><strong>;</strong></span> <span class='ocrx_word' id='word_1_132' title='bbox 443 995 574 1035; x_wconf 90' lang='lat' dir='ltr'><strong>itemque</strong></span> <span class='ocrx_word' id='word_1_133' title='bbox 591 998 696 1035; x_wconf 84' lang='lat' dir='ltr'><strong>praeter</strong></span> <span class='ocrx_word' id='word_1_134' title='bbox 706 994 758 1024; x_wconf 85' lang='lat' dir='ltr'><strong>has</strong></span> <span class='ocrx_word' id='word_1_135' title='bbox 771 993 1037 1034; x_wconf 81' lang='lat' dir='ltr'><strong>aliam,Nicephori</strong></span> 
     </span>
    </p>
   </div>
   <div class='ocr_carea' id='block_1_24' title="bbox 216 1038 1039 1079">
    <p class='ocr_par' dir='ltr' id='par_1_24' title="bbox 216 1038 1039 1079">
     <span class='ocr_line' id='line_1_24' title="bbox 216 1038 1039 1079; baseline -0.002 -9"><span class='ocrx_word' id='word_1_136' title='bbox 216 1038 322 1070; x_wconf 73' lang='lat' dir='ltr'><strong>Phocae</strong></span> <span class='ocrx_word' id='word_1_137' title='bbox 345 1039 502 1079; x_wconf 85' lang='lat' dir='ltr'><strong>:quintam</strong></span> <span class='ocrx_word' id='word_1_138' title='bbox 531 1039 660 1079; x_wconf 87' lang='lat' dir='ltr'><strong>denique</strong></span> <span class='ocrx_word' id='word_1_139' title='bbox 684 1039 844 1070; x_wconf 77' lang='lat' dir='ltr'><strong>Botaniatze</strong></span> <span class='ocrx_word' id='word_1_140' title='bbox 873 1038 962 1076; x_wconf 89' lang='lat' dir='ltr'><strong>illius,</strong></span> <span class='ocrx_word' id='word_1_141' title='bbox 988 1038 1039 1078; x_wconf 91' lang='lat' dir='ltr'><strong>qui</strong></span> 
     </span>
    </p>
   </div>
   <div class='ocr_carea' id='block_1_25' title="bbox 217 1083 1038 1124">
    <p class='ocr_par' dir='ltr' id='par_1_25' title="bbox 217 1083 1038 1124">
     <span class='ocr_line' id='line_1_25' title="bbox 217 1083 1038 1124; baseline -0.001 -10"><span class='ocrx_word' id='word_1_142' title='bbox 217 1084 303 1123; x_wconf 87' lang='lat' dir='ltr'><strong>paulo</strong></span> <span class='ocrx_word' id='word_1_143' title='bbox 315 1087 382 1114; x_wconf 85' lang='lat' dir='ltr'><strong>ante</strong></span> <span class='ocrx_word' id='word_1_144' title='bbox 393 1093 492 1114; x_wconf 89' lang='lat' dir='ltr'><strong>rerum</strong></span> <span class='ocrx_word' id='word_1_145' title='bbox 505 1083 613 1124; x_wconf 89' lang='lat' dir='ltr'><strong>potitus</strong></span> <span class='ocrx_word' id='word_1_146' title='bbox 620 1083 754 1124; x_wconf 76' lang='lat' dir='ltr'><strong>fuit,quaa</strong></span> <span class='ocrx_word' id='word_1_147' title='bbox 767 1084 923 1114; x_wconf 71' lang='lat' dir='ltr'><strong>recensitze</strong></span> <span class='ocrx_word' id='word_1_148' title='bbox 933 1092 1038 1113; x_wconf 89' lang='lat' dir='ltr'><strong>omnes</strong></span> 
     </span>
    </p>
   </div>
   <div class='ocr_carea' id='block_1_26' title="bbox 217 1127 1039 1169">
    <p class='ocr_par' dir='ltr' id='par_1_26' title="bbox 217 1127 1039 1169">
     <span class='ocr_line' id='line_1_26' title="bbox 217 1127 1039 1169; baseline -0.001 -11"><span class='ocrx_word' id='word_1_149' title='bbox 217 1127 422 1166; x_wconf 78' lang='lat' dir='ltr'><strong>obsignantur.</strong></span> <span class='ocrx_word' id='word_1_150' title='bbox 432 1127 682 1159; x_wconf 68' lang='lat' dir='ltr'><strong>Neocaesariensis</strong></span> <span class='ocrx_word' id='word_1_151' title='bbox 693 1137 810 1169; x_wconf 84' lang='lat' dir='ltr'><strong>quoque</strong></span> <span class='ocrx_word' id='word_1_152' title='bbox 821 1127 959 1158; x_wconf 79' lang='lat' dir='ltr'><strong>similiter</strong></span> <span class='ocrx_word' id='word_1_153' title='bbox 972 1137 1039 1157; x_wconf 93' lang='lat' dir='ltr'><strong>mo-</strong></span> 
     </span>
    </p>
   </div>
   <div class='ocr_carea' id='block_1_27' title="bbox 217 1171 1040 1212">
    <p class='ocr_par' dir='ltr' id='par_1_27' title="bbox 217 1171 1040 1212">
     <span class='ocr_line' id='line_1_27' title="bbox 217 1171 1040 1212; baseline -0.001 -9"><span class='ocrx_word' id='word_1_154' title='bbox 217 1176 359 1203; x_wconf 84' lang='lat' dir='ltr'><strong>numento</strong></span> <span class='ocrx_word' id='word_1_155' title='bbox 383 1172 647 1204; x_wconf 72' lang='lat' dir='ltr'><strong>dominiMichwlis</strong></span> <span class='ocrx_word' id='word_1_156' title='bbox 663 1173 848 1212; x_wconf 75' lang='lat' dir='ltr'><strong>patriarchae,</strong></span> <span class='ocrx_word' id='word_1_157' title='bbox 866 1171 960 1203; x_wconf 75' lang='lat' dir='ltr'><strong>beataa</strong></span> <span class='ocrx_word' id='word_1_158' title='bbox 976 1181 1040 1202; x_wconf 90' lang='lat' dir='ltr'><strong>me-</strong></span> 
     </span>
    </p>
   </div>
   <div class='ocr_carea' id='block_1_28' title="bbox 218 1215 1040 1255">
    <p class='ocr_par' dir='ltr' id='par_1_28' title="bbox 218 1215 1040 1255">
     <span class='ocr_line' id='line_1_28' title="bbox 218 1215 1040 1255; baseline -0.001 -8"><span class='ocrx_word' id='word_1_159' title='bbox 218 1217 319 1248; x_wconf 71' lang='lat' dir='ltr'><strong>morize</strong></span> <span class='ocrx_word' id='word_1_160' title='bbox 330 1217 453 1255; x_wconf 89' lang='lat' dir='ltr'><strong>nititur;</strong></span> <span class='ocrx_word' id='word_1_161' title='bbox 467 1221 494 1248; x_wconf 88' lang='lat' dir='ltr'><strong>et</strong></span> <span class='ocrx_word' id='word_1_162' title='bbox 504 1227 596 1248; x_wconf 86' lang='lat' dir='ltr'><strong>aurea</strong></span> <span class='ocrx_word' id='word_1_163' title='bbox 606 1216 685 1248; x_wconf 83' lang='lat' dir='ltr'><strong>bulla</strong></span> <span class='ocrx_word' id='word_1_164' title='bbox 695 1217 807 1247; x_wconf 91' lang='lat' dir='ltr'><strong>domini</strong></span> <span class='ocrx_word' id='word_1_165' title='bbox 817 1216 970 1247; x_wconf 88' lang='lat' dir='ltr'><strong>Michaelis</strong></span> <span class='ocrx_word' id='word_1_166' title='bbox 978 1215 1040 1246; x_wconf 91' lang='lat' dir='ltr'><strong>Du-</strong></span> 
     </span>
    </p>
   </div>
   <div class='ocr_carea' id='block_1_29' title="bbox 217 1260 1040 1302">
    <p class='ocr_par' dir='ltr' id='par_1_29' title="bbox 217 1260 1040 1302">
     <span class='ocr_line' id='line_1_29' title="bbox 217 1260 1040 1302; baseline -0.001 -11"><span class='ocrx_word' id='word_1_167' title='bbox 217 1270 270 1292; x_wconf 79' lang='lat' dir='ltr'><strong>cae.</strong></span> <span class='ocrx_word' id='word_1_168' title='bbox 287 1261 481 1292; x_wconf 85' lang='lat' dir='ltr'><strong>Inveniuntur</strong></span> <span class='ocrx_word' id='word_1_169' title='bbox 493 1266 522 1292; x_wconf 91' lang='lat' dir='ltr'><strong>et</strong></span> <span class='ocrx_word' id='word_1_170' title='bbox 540 1265 614 1299; x_wconf 87' lang='lat' dir='ltr'><strong>acta,</strong></span> <span class='ocrx_word' id='word_1_171' title='bbox 624 1271 690 1302; x_wconf 74' lang='lat' dir='ltr'><strong>quze</strong></span> <span class='ocrx_word' id='word_1_172' title='bbox 707 1261 912 1301; x_wconf 86' lang='lat' dir='ltr'><strong>traduntquod</strong></span> <span class='ocrx_word' id='word_1_173' title='bbox 922 1260 1040 1300; x_wconf 68' lang='lat' dir='ltr'><strong>episco-</strong></span> 
     </span>
    </p>
   </div>
   <div class='ocr_carea' id='block_1_30' title="bbox 218 1305 1041 1346">
    <p class='ocr_par' dir='ltr' id='par_1_30' title="bbox 218 1305 1041 1346">
     <span class='ocr_line' id='line_1_30' title="bbox 218 1305 1041 1346; baseline -0.002 -10"><span class='ocrx_word' id='word_1_174' title='bbox 218 1306 487 1346; x_wconf 86' lang='lat' dir='ltr'><strong>patus,quicunque</strong></span> <span class='ocrx_word' id='word_1_175' title='bbox 501 1306 538 1336; x_wconf 92' lang='lat' dir='ltr'><strong>ad</strong></span> <span class='ocrx_word' id='word_1_176' title='bbox 555 1306 765 1346; x_wconf 90' lang='lat' dir='ltr'><strong>metropolium</strong></span> <span class='ocrx_word' id='word_1_177' title='bbox 782 1305 954 1344; x_wconf 77' lang='lat' dir='ltr'><strong>dignitatem</strong></span> <span class='ocrx_word' id='word_1_178' title='bbox 971 1313 1041 1344; x_wconf 89' lang='lat' dir='ltr'><strong>pro—</strong></span> 
     </span>
    </p>
   </div>
   <div class='ocr_carea' id='block_1_31' title="bbox 218 1349 1042 1390">
    <p class='ocr_par' dir='ltr' id='par_1_31' title="bbox 218 1349 1042 1390">
     <span class='ocr_line' id='line_1_31' title="bbox 218 1349 1042 1390; baseline -0.002 -10"><span class='ocrx_word' id='word_1_179' title='bbox 218 1350 346 1380; x_wconf 87' lang='lat' dir='ltr'><strong>vehendi</strong></span> <span class='ocrx_word' id='word_1_180' title='bbox 362 1355 457 1388; x_wconf 89' lang='lat' dir='ltr'><strong>erant,</strong></span> <span class='ocrx_word' id='word_1_181' title='bbox 475 1360 533 1381; x_wconf 93' lang='lat' dir='ltr'><strong>non</strong></span> <span class='ocrx_word' id='word_1_182' title='bbox 555 1350 641 1381; x_wconf 87' lang='lat' dir='ltr'><strong>aliter</strong></span> <span class='ocrx_word' id='word_1_183' title='bbox 662 1350 690 1380; x_wconf 92' lang='lat' dir='ltr'><strong>id</strong></span> <span class='ocrx_word' id='word_1_184' title='bbox 714 1349 966 1390; x_wconf 84' lang='lat' dir='ltr'><strong>assequebantur;</strong></span> <span class='ocrx_word' id='word_1_185' title='bbox 984 1349 1042 1379; x_wconf 87' lang='lat' dir='ltr'><strong>nisi</strong></span> 
     </span>
    </p>
   </div>
   <div class='ocr_carea' id='block_1_32' title="bbox 219 1393 1041 1434">
    <p class='ocr_par' dir='ltr' id='par_1_32' title="bbox 219 1393 1041 1434">
     <span class='ocr_line' id='line_1_32' title="bbox 219 1393 1041 1434; baseline -0.001 -10"><span class='ocrx_word' id='word_1_186' title='bbox 219 1393 346 1434; x_wconf 60' lang='lat' dir='ltr'><strong>publica;</strong></span> <span class='ocrx_word' id='word_1_187' title='bbox 373 1395 507 1425; x_wconf 85' lang='lat' dir='ltr'><strong>utilitatis</strong></span> <span class='ocrx_word' id='word_1_188' title='bbox 530 1395 558 1425; x_wconf 92' lang='lat' dir='ltr'><strong>id</strong></span> <span class='ocrx_word' id='word_1_189' title='bbox 587 1395 724 1426; x_wconf 85' lang='lat' dir='ltr'><strong>suaderet</strong></span> <span class='ocrx_word' id='word_1_190' title='bbox 753 1394 838 1431; x_wconf 83' lang='lat' dir='ltr'><strong>ratio,</strong></span> <span class='ocrx_word' id='word_1_191' title='bbox 856 1398 890 1423; x_wconf 88' lang='lat' dir='ltr'><strong>et</strong></span> <span class='ocrx_word' id='word_1_192' title='bbox 914 1393 1041 1434; x_wconf 81' lang='lat' dir='ltr'><strong>synodus</strong></span> 
     </span>
    </p>
   </div>
   <div class='ocr_carea' id='block_1_33' title="bbox 218 1438 1042 1478">
    <p class='ocr_par' dir='ltr' id='par_1_33' title="bbox 218 1438 1042 1478">
     <span class='ocr_line' id='line_1_33' title="bbox 218 1438 1042 1478; baseline 0 -10"><span class='ocrx_word' id='word_1_193' title='bbox 218 1438 424 1475; x_wconf 85' lang='lat' dir='ltr'><strong>assentiretur,</strong></span> <span class='ocrx_word' id='word_1_194' title='bbox 451 1443 479 1469; x_wconf 90' lang='lat' dir='ltr'><strong>et</strong></span> <span class='ocrx_word' id='word_1_195' title='bbox 494 1439 627 1470; x_wconf 56' lang='lat' dir='ltr'><strong>ecclesia</strong></span> <span class='ocrx_word' id='word_1_196' title='bbox 642 1439 786 1469; x_wconf 86' lang='lat' dir='ltr'><strong>honorem</strong></span> <span class='ocrx_word' id='word_1_197' title='bbox 803 1442 967 1478; x_wconf 67' lang='lat' dir='ltr'><strong>acceptum</strong></span> <span class='ocrx_word' id='word_1_198' title='bbox 983 1446 1042 1468; x_wconf 89' lang='lat' dir='ltr'><strong>me-</strong></span> 
     </span>
    </p>
   </div>
   <div class='ocr_carea' id='block_1_34' title="bbox 219 1482 1040 1523">
    <p class='ocr_par' dir='ltr' id='par_1_34' title="bbox 219 1482 1040 1523">
     <span class='ocr_line' id='line_1_34' title="bbox 219 1482 1040 1523; baseline -0.001 -11"><span class='ocrx_word' id='word_1_199' title='bbox 219 1483 412 1523; x_wconf 88' lang='lat' dir='ltr'><strong>tropolitanus</strong></span> <span class='ocrx_word' id='word_1_200' title='bbox 427 1483 682 1514; x_wconf 87' lang='lat' dir='ltr'><strong>remunerationes</strong></span> <span class='ocrx_word' id='word_1_201' title='bbox 698 1492 731 1514; x_wconf 90' lang='lat' dir='ltr'><strong>se</strong></span> <span class='ocrx_word' id='word_1_202' title='bbox 747 1483 850 1522; x_wconf 81' lang='lat' dir='ltr'><strong>dignas</strong></span> <span class='ocrx_word' id='word_1_203' title='bbox 866 1491 899 1512; x_wconf 86' lang='lat' dir='ltr'><strong>ex</strong></span> <span class='ocrx_word' id='word_1_204' title='bbox 910 1482 1040 1522; x_wconf 86' lang='lat' dir='ltr'><strong>impera-</strong></span> 
     </span>
    </p>
   </div>
   <div class='ocr_carea' id='block_1_35' title="bbox 219 1527 1040 1568">
    <p class='ocr_par' dir='ltr' id='par_1_35' title="bbox 219 1527 1040 1568">
     <span class='ocr_line' id='line_1_35' title="bbox 219 1527 1040 1568; baseline -0.001 -11"><span class='ocrx_word' id='word_1_205' title='bbox 219 1527 293 1558; x_wconf 82' lang='lat' dir='ltr'><strong>toris</strong></span> <span class='ocrx_word' id='word_1_206' title='bbox 320 1537 408 1558; x_wconf 88' lang='lat' dir='ltr'><strong>manu</strong></span> <span class='ocrx_word' id='word_1_207' title='bbox 433 1533 621 1568; x_wconf 79' lang='lat' dir='ltr'><strong>consecutus,</strong></span> <span class='ocrx_word' id='word_1_208' title='bbox 650 1537 685 1558; x_wconf 91' lang='lat' dir='ltr'><strong>ea</strong></span> <span class='ocrx_word' id='word_1_209' title='bbox 699 1537 764 1567; x_wconf 70' lang='lat' dir='ltr'><strong>quae</strong></span> <span class='ocrx_word' id='word_1_210' title='bbox 783 1531 969 1566; x_wconf 84' lang='lat' dir='ltr'><strong>gererentur,</strong></span> <span class='ocrx_word' id='word_1_211' title='bbox 986 1536 1040 1566; x_wconf 87' lang='lat' dir='ltr'><strong>ap—</strong></span> 
     </span>
    </p>
   </div>
   <div class='ocr_carea' id='block_1_36' title="bbox 221 1571 1043 1613">
    <p class='ocr_par' dir='ltr' id='par_1_36' title="bbox 221 1571 1043 1613">
     <span class='ocr_line' id='line_1_36' title="bbox 221 1571 1043 1613; baseline -0.002 -11"><span class='ocrx_word' id='word_1_212' title='bbox 221 1571 371 1612; x_wconf 90' lang='lat' dir='ltr'><strong>probaret.</strong></span> <span class='ocrx_word' id='word_1_213' title='bbox 402 1572 459 1603; x_wconf 82' lang='lat' dir='ltr'><strong>Tot</strong></span> <span class='ocrx_word' id='word_1_214' title='bbox 474 1573 563 1612; x_wconf 83' lang='lat' dir='ltr'><strong>igitur</strong></span> <span class='ocrx_word' id='word_1_215' title='bbox 577 1576 664 1613; x_wconf 78' lang='lat' dir='ltr'><strong>atque</strong></span> <span class='ocrx_word' id='word_1_216' title='bbox 691 1572 759 1602; x_wconf 87' lang='lat' dir='ltr'><strong>talia</strong></span> <span class='ocrx_word' id='word_1_217' title='bbox 774 1581 840 1602; x_wconf 90' lang='lat' dir='ltr'><strong>cum</strong></span> <span class='ocrx_word' id='word_1_218' title='bbox 862 1571 1043 1601; x_wconf 83' lang='lat' dir='ltr'><strong>adminicula</strong></span> 
     </span>
    </p>
   </div>
   <div class='ocr_carea' id='block_1_37' title="bbox 221 1615 1042 1656">
    <p class='ocr_par' dir='ltr' id='par_1_37' title="bbox 221 1615 1042 1656">
     <span class='ocr_line' id='line_1_37' title="bbox 221 1615 1042 1656; baseline -0.001 -10"><span class='ocrx_word' id='word_1_219' title='bbox 221 1616 291 1655; x_wconf 92' lang='lat' dir='ltr'><strong>sint,</strong></span> <span class='ocrx_word' id='word_1_220' title='bbox 309 1621 367 1648; x_wconf 82' lang='lat' dir='ltr'><strong>tam</strong></span> <span class='ocrx_word' id='word_1_221' title='bbox 382 1617 528 1648; x_wconf 86' lang='lat' dir='ltr'><strong>universis</strong></span> <span class='ocrx_word' id='word_1_222' title='bbox 543 1616 721 1654; x_wconf 84' lang='lat' dir='ltr'><strong>communia,</strong></span> <span class='ocrx_word' id='word_1_223' title='bbox 744 1625 830 1656; x_wconf 88' lang='lat' dir='ltr'><strong>quam</strong></span> <span class='ocrx_word' id='word_1_224' title='bbox 847 1615 972 1655; x_wconf 80' lang='lat' dir='ltr'><strong>singulis</strong></span> <span class='ocrx_word' id='word_1_225' title='bbox 989 1625 1042 1655; x_wconf 88' lang='lat' dir='ltr'><strong>pe-</strong></span> 
     </span>
    </p>
   </div>
   <div class='ocr_carea' id='block_1_38' title="bbox 220 1659 1038 1700">
    <p class='ocr_par' dir='ltr' id='par_1_38' title="bbox 220 1659 1038 1700">
     <span class='ocr_line' id='line_1_38' title="bbox 220 1659 1038 1700; baseline 0 -8"><span class='ocrx_word' id='word_1_226' title='bbox 220 1661 346 1692; x_wconf 84' lang='lat' dir='ltr'><strong>culiaria</strong></span> <span class='ocrx_word' id='word_1_227' title='bbox 362 1671 368 1692; x_wconf 90' lang='lat'>:</span> <span class='ocrx_word' id='word_1_228' title='bbox 387 1662 461 1692; x_wconf 88' lang='lat' dir='ltr'><strong>mihi</strong></span> <span class='ocrx_word' id='word_1_229' title='bbox 489 1671 571 1698; x_wconf 86' lang='lat' dir='ltr'><strong>sane,</strong></span> <span class='ocrx_word' id='word_1_230' title='bbox 599 1660 717 1700; x_wconf 89' lang='lat' dir='ltr'><strong>meique</strong></span> <span class='ocrx_word' id='word_1_231' title='bbox 742 1660 889 1691; x_wconf 91' lang='lat' dir='ltr'><strong>similibus</strong></span> <span class='ocrx_word' id='word_1_232' title='bbox 917 1659 1038 1692; x_wconf 85' lang='lat' dir='ltr'><strong>videtur.</strong></span> 
     </span>
    </p>
   </div>
   <div class='ocr_carea' id='block_1_39' title="bbox 219 1705 1041 1746">
    <p class='ocr_par' dir='ltr' id='par_1_39' title="bbox 219 1705 1041 1746">
     <span class='ocr_line' id='line_1_39' title="bbox 219 1705 1041 1746; baseline -0.002 -10"><span class='ocrx_word' id='word_1_233' title='bbox 219 1706 433 1737; x_wconf 90' lang='lat' dir='ltr'><strong>humanissime</strong></span> <span class='ocrx_word' id='word_1_234' title='bbox 460 1706 610 1746; x_wconf 83' lang='lat' dir='ltr'><strong>princeps,</strong></span> <span class='ocrx_word' id='word_1_235' title='bbox 644 1714 709 1736; x_wconf 88' lang='lat' dir='ltr'><strong>esse</strong></span> <span class='ocrx_word' id='word_1_236' title='bbox 738 1705 844 1735; x_wconf 69' lang='lat' dir='ltr'><strong>factum</strong></span> <span class='ocrx_word' id='word_1_237' title='bbox 859 1705 946 1744; x_wconf 90' lang='lat' dir='ltr'><strong>hujus</strong></span> <span class='ocrx_word' id='word_1_238' title='bbox 962 1705 1041 1735; x_wconf 91' lang='lat' dir='ltr'><strong>modi</strong></span> 
     </span>
    </p>
   </div>
   <div class='ocr_carea' id='block_1_40' title="bbox 220 1751 1038 1791">
    <p class='ocr_par' dir='ltr' id='par_1_40' title="bbox 220 1751 1038 1791">
     <span class='ocr_line' id='line_1_40' title="bbox 220 1751 1038 1791; baseline -0.001 -11"><span class='ocrx_word' id='word_1_239' title='bbox 220 1754 249 1781; x_wconf 92' lang='lat' dir='ltr'><strong>et</strong></span> <span class='ocrx_word' id='word_1_240' title='bbox 263 1751 397 1791; x_wconf 88' lang='lat' dir='ltr'><strong>iniquum</strong></span> <span class='ocrx_word' id='word_1_241' title='bbox 413 1754 442 1781; x_wconf 90' lang='lat' dir='ltr'><strong>et</strong></span> <span class='ocrx_word' id='word_1_242' title='bbox 458 1759 591 1786; x_wconf 86' lang='lat' dir='ltr'><strong>enorme,</strong></span> <span class='ocrx_word' id='word_1_243' title='bbox 610 1754 771 1790; x_wconf 87' lang='lat' dir='ltr'><strong>contraque</strong></span> <span class='ocrx_word' id='word_1_244' title='bbox 787 1759 886 1780; x_wconf 86' lang='lat' dir='ltr'><strong>sacros</strong></span> <span class='ocrx_word' id='word_1_245' title='bbox 900 1758 1038 1786; x_wconf 88' lang='lat' dir='ltr'><strong>canones,</strong></span> 
     </span>
    </p>
   </div>
   <div class='ocr_carea' id='block_1_41' title="bbox 220 1793 1038 1836">
    <p class='ocr_par' dir='ltr' id='par_1_41' title="bbox 220 1793 1038 1836">
     <span class='ocr_line' id='line_1_41' title="bbox 220 1793 1038 1836; baseline -0.002 -10"><span class='ocrx_word' id='word_1_246' title='bbox 220 1800 249 1826; x_wconf 86' lang='lat' dir='ltr'><strong>et</strong></span> <span class='ocrx_word' id='word_1_247' title='bbox 277 1795 406 1826; x_wconf 88' lang='lat' dir='ltr'><strong>decretis</strong></span> <span class='ocrx_word' id='word_1_248' title='bbox 435 1794 639 1836; x_wconf 86' lang='lat' dir='ltr'><strong>spiritualibus</strong></span> <span class='ocrx_word' id='word_1_249' title='bbox 668 1803 701 1824; x_wconf 88' lang='lat' dir='ltr'><strong>ac</strong></span> <span class='ocrx_word' id='word_1_250' title='bbox 730 1793 845 1833; x_wconf 84' lang='lat' dir='ltr'><strong>legibus</strong></span> <span class='ocrx_word' id='word_1_251' title='bbox 859 1793 1038 1824; x_wconf 83' lang='lat' dir='ltr'><strong>adversum:</strong></span> 
     </span>
    </p>
   </div>
   <div class='ocr_carea' id='block_1_42' title="bbox 219 1838 1042 1878">
    <p class='ocr_par' dir='ltr' id='par_1_42' title="bbox 219 1838 1042 1878">
     <span class='ocr_line' id='line_1_42' title="bbox 219 1838 1042 1878; baseline -0.004 -8"><span class='ocrx_word' id='word_1_252' title='bbox 219 1849 275 1871; x_wconf 86' lang='lat' dir='ltr'><strong>nec</strong></span> <span class='ocrx_word' id='word_1_253' title='bbox 287 1841 357 1870; x_wconf 88' lang='lat' dir='ltr'><strong>satis</strong></span> <span class='ocrx_word' id='word_1_254' title='bbox 373 1839 483 1871; x_wconf 82' lang='lat' dir='ltr'><strong>habere</strong></span> <span class='ocrx_word' id='word_1_255' title='bbox 501 1839 619 1876; x_wconf 90' lang='lat' dir='ltr'><strong>virium,</strong></span> <span class='ocrx_word' id='word_1_256' title='bbox 636 1848 699 1878; x_wconf 68' lang='lat' dir='ltr'><strong>qua:</strong></span> <span class='ocrx_word' id='word_1_257' title='bbox 725 1838 761 1869; x_wconf 86' lang='lat' dir='ltr'><strong>ab</strong></span> <span class='ocrx_word' id='word_1_258' title='bbox 774 1838 943 1869; x_wconf 75' lang='lat' dir='ltr'><strong>adversaria</strong></span> <span class='ocrx_word' id='word_1_259' title='bbox 959 1841 1042 1877; x_wconf 87' lang='lat' dir='ltr'><strong>parte</strong></span> 
     </span>
    </p>
   </div>
   <div class='ocr_carea' id='block_1_43' title="bbox 220 1882 1040 1924">
    <p class='ocr_par' dir='ltr' id='par_1_43' title="bbox 220 1882 1040 1924">
     <span class='ocr_line' id='line_1_43' title="bbox 220 1882 1040 1924; baseline -0.004 -9"><span class='ocrx_word' id='word_1_260' title='bbox 220 1889 397 1924; x_wconf 88' lang='lat' dir='ltr'><strong>opponatur.</strong></span> <span class='ocrx_word' id='word_1_261' title='bbox 415 1884 487 1914; x_wconf 88' lang='lat' dir='ltr'><strong>Nam</strong></span> <span class='ocrx_word' id='word_1_262' title='bbox 510 1893 606 1924; x_wconf 90' lang='lat' dir='ltr'><strong>neque</strong></span> <span class='ocrx_word' id='word_1_263' title='bbox 622 1892 707 1914; x_wconf 87' lang='lat' dir='ltr'><strong>sacra</strong></span> <span class='ocrx_word' id='word_1_264' title='bbox 723 1882 902 1923; x_wconf 82' lang='lat' dir='ltr'><strong>pragmatica</strong></span> <span class='ocrx_word' id='word_1_265' title='bbox 916 1882 1040 1922; x_wconf 83' lang='lat' dir='ltr'><strong>sanctio,</strong></span> 
     </span>
    </p>
   </div>
   <div class='ocr_carea' id='block_1_44' title="bbox 219 1926 1042 1968">
    <p class='ocr_par' dir='ltr' id='par_1_44' title="bbox 219 1926 1042 1968">
     <span class='ocr_line' id='line_1_44' title="bbox 219 1926 1042 1968; baseline -0.002 -10"><span class='ocrx_word' id='word_1_266' title='bbox 219 1929 310 1960; x_wconf 87' lang='lat' dir='ltr'><strong>veluti</strong></span> <span class='ocrx_word' id='word_1_267' title='bbox 320 1928 458 1968; x_wconf 87' lang='lat' dir='ltr'><strong>superius</strong></span> <span class='ocrx_word' id='word_1_268' title='bbox 487 1932 532 1958; x_wconf 90' lang='lat' dir='ltr'><strong>est</strong></span> <span class='ocrx_word' id='word_1_269' title='bbox 558 1927 756 1965; x_wconf 87' lang='lat' dir='ltr'><strong>declaratum,</strong></span> <span class='ocrx_word' id='word_1_270' title='bbox 773 1927 912 1957; x_wconf 83' lang='lat' dir='ltr'><strong>adversus</strong></span> <span class='ocrx_word' id='word_1_271' title='bbox 927 1926 1042 1956; x_wconf 90' lang='lat' dir='ltr'><strong>divinos</strong></span> 
     </span>
    </p>
   </div>
   <div class='ocr_carea' id='block_1_45' title="bbox 219 1972 1042 2012">
    <p class='ocr_par' dir='ltr' id='par_1_45' title="bbox 219 1972 1042 2012">
     <span class='ocr_line' id='line_1_45' title="bbox 219 1972 1042 2012; baseline -0.005 -8"><span class='ocrx_word' id='word_1_272' title='bbox 219 1983 349 2004; x_wconf 88' lang='lat' dir='ltr'><strong>canones</strong></span> <span class='ocrx_word' id='word_1_273' title='bbox 372 1972 480 2003; x_wconf 89' lang='lat' dir='ltr'><strong>valebit</strong></span> <span class='ocrx_word' id='word_1_274' title='bbox 497 1981 502 2003; x_wconf 91' lang='lat'><strong>:</strong></span> <span class='ocrx_word' id='word_1_275' title='bbox 531 1981 627 2012; x_wconf 89' lang='lat' dir='ltr'><strong>neque</strong></span> <span class='ocrx_word' id='word_1_276' title='bbox 652 1972 873 2008; x_wconf 89' lang='lat' dir='ltr'><strong>condemnatio,</strong></span> <span class='ocrx_word' id='word_1_277' title='bbox 889 1980 954 2011; x_wconf 87' lang='lat' dir='ltr'><strong>quae</strong></span> <span class='ocrx_word' id='word_1_278' title='bbox 969 1980 1042 2001; x_wconf 92' lang='lat' dir='ltr'><strong>con-</strong></span> 
     </span>
    </p>
   </div>
   <div class='ocr_carea' id='block_1_46' title="bbox 219 2015 1040 2057">
    <p class='ocr_par' dir='ltr' id='par_1_46' title="bbox 219 2015 1040 2057">
     <span class='ocr_line' id='line_1_46' title="bbox 219 2015 1040 2057; baseline -0.001 -9"><span class='ocrx_word' id='word_1_279' title='bbox 219 2021 262 2048; x_wconf 87' lang='lat' dir='ltr'><strong>tra</strong></span> <span class='ocrx_word' id='word_1_280' title='bbox 288 2018 368 2057; x_wconf 83' lang='lat' dir='ltr'><strong>leges</strong></span> <span class='ocrx_word' id='word_1_281' title='bbox 383 2026 512 2047; x_wconf 86' lang='lat' dir='ltr'><strong>canones</strong></span> <span class='ocrx_word' id='word_1_282' title='bbox 536 2017 639 2057; x_wconf 83' lang='lat' dir='ltr'><strong>tendit,</strong></span> <span class='ocrx_word' id='word_1_283' title='bbox 670 2015 827 2047; x_wconf 82' lang='lat' dir='ltr'><strong>laudabilis</strong></span> <span class='ocrx_word' id='word_1_284' title='bbox 841 2024 906 2046; x_wconf 88' lang='lat' dir='ltr'><strong>esse</strong></span> <span class='ocrx_word' id='word_1_285' title='bbox 923 2016 1040 2055; x_wconf 86' lang='lat' dir='ltr'><strong>poterit.</strong></span> 
     </span>
    </p>
   </div>
   <div class='ocr_carea' id='block_1_47' title="bbox 219 2059 1042 2100">
    <p class='ocr_par' dir='ltr' id='par_1_47' title="bbox 219 2059 1042 2100">
     <span class='ocr_line' id='line_1_47' title="bbox 219 2059 1042 2100; baseline -0.004 -8"><span class='ocrx_word' id='word_1_286' title='bbox 219 2060 355 2097; x_wconf 85' lang='lat' dir='ltr'><strong>Quamvis</strong></span> <span class='ocrx_word' id='word_1_287' title='bbox 385 2061 465 2092; x_wconf 88' lang='lat' dir='ltr'><strong>enim</strong></span> <span class='ocrx_word' id='word_1_288' title='bbox 494 2060 639 2100; x_wconf 85' lang='lat' dir='ltr'><strong>scriptum</strong></span> <span class='ocrx_word' id='word_1_289' title='bbox 667 2069 684 2090; x_wconf 82' lang='lat' dir='ltr'><strong>a</strong></span> <span class='ocrx_word' id='word_1_290' title='bbox 712 2062 874 2090; x_wconf 79' lang='lat' dir='ltr'><strong>constituta</strong></span> <span class='ocrx_word' id='word_1_291' title='bbox 903 2059 1042 2089; x_wconf 86' lang='lat' dir='ltr'><strong>divinitus</strong></span> 
     </span>
    </p>
   </div>
   <div class='ocr_carea' id='block_1_48' title="bbox 219 2104 1042 2145">
    <p class='ocr_par' dir='ltr' id='par_1_48' title="bbox 219 2104 1042 2145">
     <span class='ocr_line' id='line_1_48' title="bbox 219 2104 1042 2145; baseline 0 -11"><span class='ocrx_word' id='word_1_292' title='bbox 219 2105 371 2145; x_wconf 86' lang='lat' dir='ltr'><strong>majestate</strong></span> <span class='ocrx_word' id='word_1_293' title='bbox 398 2109 447 2136; x_wconf 88' lang='lat' dir='ltr'><strong>tua</strong></span> <span class='ocrx_word' id='word_1_294' title='bbox 476 2105 677 2139; x_wconf 85' lang='lat' dir='ltr'><strong>subnotatum,</strong></span> <span class='ocrx_word' id='word_1_295' title='bbox 701 2104 862 2135; x_wconf 84' lang='lat' dir='ltr'><strong>artiﬁciose</strong></span> <span class='ocrx_word' id='word_1_296' title='bbox 877 2108 964 2143; x_wconf 88' lang='lat' dir='ltr'><strong>atque</strong></span> <span class='ocrx_word' id='word_1_297' title='bbox 978 2112 1042 2134; x_wconf 83' lang='lat' dir='ltr'><strong>ora-</strong></span> 
     </span>
    </p>
   </div>
   <div class='ocr_carea' id='block_1_49' title="bbox 1050 839 1069 864">
    <p class='ocr_par' dir='ltr' id='par_1_49' title="bbox 1050 839 1069 864">
     <span class='ocr_line' id='line_1_49' title="bbox 1050 839 1069 864; baseline 0 0"><span class='ocrx_word' id='word_1_298' title='bbox 1050 839 1069 864; x_wconf 91' lang='grc' dir='ltr'><strong>Β</strong></span> 
     </span>
    </p>
   </div>
   <div class='ocr_carea' id='block_1_50' title="bbox 1050 1515 1070 1544">
    <p class='ocr_par' dir='ltr' id='par_1_50' title="bbox 1050 1515 1070 1544">
     <span class='ocr_line' id='line_1_50' title="bbox 1050 1515 1070 1544; baseline 0 0"><span class='ocrx_word' id='word_1_299' title='bbox 1050 1515 1070 1544; x_wconf 84' lang='lat' dir='ltr'>C</span> 
     </span>
    </p>
   </div>
   <div class='ocr_carea' id='block_1_51' title="bbox 1083 236 1890 279">
    <p class='ocr_par' dir='ltr' id='par_1_51' title="bbox 1083 236 1890 279">
     <span class='ocr_line' id='line_1_51' title="bbox 1083 236 1890 279; baseline 0.001 -15"><span class='ocrx_word' id='word_1_300' title='bbox 1083 236 1223 270; x_wconf 80' lang='grc' dir='ltr'><strong>διακοσίοις</strong></span> <span class='ocrx_word' id='word_1_301' title='bbox 1242 237 1376 266; x_wconf 81' lang='grc' dir='ltr'>δεκαοκτὼ</span> <span class='ocrx_word' id='word_1_302' title='bbox 1395 238 1503 279; x_wconf 83' lang='grc' dir='ltr'>χρόνοις</span> <span class='ocrx_word' id='word_1_303' title='bbox 1532 238 1602 271; x_wconf 81' lang='grc' dir='ltr'>ὅλοις</span> <span class='ocrx_word' id='word_1_304' title='bbox 1630 239 1818 279; x_wconf 66' lang='grc' dir='ltr'>κατασχόντων</span> <span class='ocrx_word' id='word_1_305' title='bbox 1848 239 1890 272; x_wconf 74' lang='grc' dir='ltr'>τὴν</span> 
     </span>
    </p>
   </div>
   <div class='ocr_carea' id='block_1_52' title="bbox 1083 278 1891 324">
    <p class='ocr_par' dir='ltr' id='par_1_52' title="bbox 1083 278 1891 324">
     <span class='ocr_line' id='line_1_52' title="bbox 1083 278 1891 324; baseline -0.004 -15"><span class='ocrx_word' id='word_1_306' title='bbox 1083 281 1297 320; x_wconf 81' lang='grc' dir='ltr'>Πελοπόννησον,</span> <span class='ocrx_word' id='word_1_307' title='bbox 1333 282 1376 310; x_wconf 82' lang='grc' dir='ltr'><strong>καὶ</strong></span> <span class='ocrx_word' id='word_1_308' title='bbox 1404 283 1453 315; x_wconf 81' lang='grc' dir='ltr'>τῆς</span> <span class='ocrx_word' id='word_1_309' title='bbox 1476 278 1631 321; x_wconf 77' lang='grc' dir='ltr'>Ῥωμαϊκῆς</span> <span class='ocrx_word' id='word_1_310' title='bbox 1652 278 1740 324; x_wconf 41' lang='lat' dir='ltr'><strong>sum“</strong></span> <span class='ocrx_word' id='word_1_311' title='bbox 1767 283 1891 321; x_wconf 76' lang='grc' dir='ltr'>ἀποτεμο.</span> 
     </span>
    </p>
   </div>
   <div class='ocr_carea' id='block_1_53' title="bbox 1083 325 1893 366">
    <p class='ocr_par' dir='ltr' id='par_1_53' title="bbox 1083 325 1893 366">
     <span class='ocr_line' id='line_1_53' title="bbox 1083 325 1893 366; baseline 0.004 -13"><span class='ocrx_word' id='word_1_312' title='bbox 1083 326 1181 364; x_wconf 81' lang='grc' dir='ltr'>μένων,</span> <span class='ocrx_word' id='word_1_313' title='bbox 1218 328 1255 358; x_wconf 84' lang='grc' dir='ltr'>ὡς</span> <span class='ocrx_word' id='word_1_314' title='bbox 1292 325 1360 364; x_wconf 80' lang='grc' dir='ltr'>μηδὲ</span> <span class='ocrx_word' id='word_1_315' title='bbox 1387 326 1454 355; x_wconf 82' lang='grc' dir='ltr'>πόδα</span> <span class='ocrx_word' id='word_1_316' title='bbox 1483 327 1578 366; x_wconf 67' lang='grc' dir='ltr'>βαλεῖν</span> <span class='ocrx_word' id='word_1_317' title='bbox 1612 327 1680 360; x_wconf 81' lang='grc' dir='ltr'>ὅλως</span> <span class='ocrx_word' id='word_1_318' title='bbox 1718 327 1834 356; x_wconf 80' lang='grc' dir='ltr'>δύνασθαι</span> <span class='ocrx_word' id='word_1_319' title='bbox 1870 330 1893 356; x_wconf 76' lang='grc' dir='ltr'>ἒν</span> 
     </span>
    </p>
   </div>
   <div class='ocr_carea' id='block_1_54' title="bbox 1082 367 1891 411">
    <p class='ocr_par' dir='ltr' id='par_1_54' title="bbox 1082 367 1891 411">
     <span class='ocr_line' id='line_1_54' title="bbox 1082 367 1891 411; baseline 0.002 -13"><span class='ocrx_word' id='word_1_320' title='bbox 1082 371 1148 409; x_wconf 80' lang='grc' dir='ltr'>αὐτῇ</span> <span class='ocrx_word' id='word_1_321' title='bbox 1176 367 1309 409; x_wconf 66' lang='grc' dir='ltr'>Ῥωμαῖον</span> <span class='ocrx_word' id='word_1_322' title='bbox 1336 369 1414 410; x_wconf 72' lang='grc' dir='ltr'>ἄνδρα</span> <span class='ocrx_word' id='word_1_323' title='bbox 1431 379 1437 386; x_wconf 84' lang='grc'><strong><em>⁸</em></strong></span> <span class='ocrx_word' id='word_1_324' title='bbox 1467 371 1494 400; x_wconf 84' lang='grc' dir='ltr'>ἐν</span> <span class='ocrx_word' id='word_1_325' title='bbox 1523 375 1572 410; x_wconf 83' lang='grc' dir='ltr'><strong>μ.ιᾷ</strong></span> <span class='ocrx_word' id='word_1_326' title='bbox 1599 371 1626 400; x_wconf 82' lang='grc' dir='ltr'>δὲ</span> <span class='ocrx_word' id='word_1_327' title='bbox 1654 373 1709 411; x_wconf 75' lang='grc' dir='ltr'><strong>ὥρᾳ</strong></span> <span class='ocrx_word' id='word_1_328' title='bbox 1734 373 1831 400; x_wconf 79' lang='grc' dir='ltr'>τούτων</span> <span class='ocrx_word' id='word_1_329' title='bbox 1851 373 1891 409; x_wconf 76' lang='grc' dir='ltr'>μὲν</span> 
     </span>
    </p>
   </div>
   <div class='ocr_carea' id='block_1_55' title="bbox 1081 414 1891 456">
    <p class='ocr_par' dir='ltr' id='par_1_55' title="bbox 1081 414 1891 456">
     <span class='ocr_line' id='line_1_55' title="bbox 1081 414 1891 456; baseline 0.002 -14"><span class='ocrx_word' id='word_1_330' title='bbox 1081 414 1273 454; x_wconf 73' lang='grc' dir='ltr'><strong>ἀφανισθέντων</strong></span> <span class='ocrx_word' id='word_1_331' title='bbox 1298 415 1328 444; x_wconf 87' lang='grc' dir='ltr'>ἐκ</span> <span class='ocrx_word' id='word_1_332' title='bbox 1353 415 1436 452; x_wconf 88' lang='grc' dir='ltr'>μόνης</span> <span class='ocrx_word' id='word_1_333' title='bbox 1459 416 1611 455; x_wconf 78' lang='grc' dir='ltr'>ἐπιφανείας</span> <span class='ocrx_word' id='word_1_334' title='bbox 1634 422 1681 446; x_wconf 81' lang='grc' dir='ltr'>τοῦ</span> <span class='ocrx_word' id='word_1_335' title='bbox 1703 416 1891 456; x_wconf 69' lang='grc' dir='ltr'><strong>-ττρωτοκλήτοιι⁷</strong></span> 
     </span>
    </p>
   </div>
   <div class='ocr_carea' id='block_1_56' title="bbox 1081 456 1893 500">
    <p class='ocr_par' dir='ltr' id='par_1_56' title="bbox 1081 456 1893 500">
     <span class='ocr_line' id='line_1_56' title="bbox 1081 456 1893 500; baseline 0.007 -13"><span class='ocrx_word' id='word_1_336' title='bbox 1081 462 1129 492; x_wconf 80' lang='grc' dir='ltr'><strong>τῆς</strong></span> <span class='ocrx_word' id='word_1_337' title='bbox 1161 459 1188 487; x_wconf 73' lang='grc' dir='ltr'>δὲ</span> <span class='ocrx_word' id='word_1_338' title='bbox 1225 461 1315 500; x_wconf 84' lang='grc' dir='ltr'>χώρας</span> <span class='ocrx_word' id='word_1_339' title='bbox 1343 459 1449 493; x_wconf 76' lang='grc' dir='ltr'>ἀπάσης</span> <span class='ocrx_word' id='word_1_340' title='bbox 1476 468 1535 493; x_wconf 74' lang='grc' dir='ltr'>τοῖς</span> <span class='ocrx_word' id='word_1_341' title='bbox 1566 456 1729 500; x_wconf 69' lang='grc' dir='ltr'>Ῥωμαίκοῖς</span> <span class='ocrx_word' id='word_1_342' title='bbox 1761 461 1893 500; x_wconf 72' lang='grc' dir='ltr'><strong>σκήπτροις</strong></span> 
     </span>
    </p>
   </div>
   <div class='ocr_carea' id='block_1_57' title="bbox 1082 503 1287 538">
    <p class='ocr_par' dir='ltr' id='par_1_57' title="bbox 1082 503 1287 538">
     <span class='ocr_line' id='line_1_57' title="bbox 1082 503 1287 538; baseline 0.01 -7"><span class='ocrx_word' id='word_1_343' title='bbox 1082 503 1275 538; x_wconf 70' lang='grc' dir='ltr'><strong>ἐπανελθούσης</strong></span> <span class='ocrx_word' id='word_1_344' title='bbox 1280 529 1287 536; x_wconf 86' lang='grc'><strong>,</strong></span> 
     </span>
    </p>
   </div>
   <div class='ocr_carea' id='block_1_58' title="bbox 1124 593 1894 634">
    <p class='ocr_par' dir='ltr' id='par_1_58' title="bbox 1124 593 1894 634">
     <span class='ocr_line' id='line_1_58' title="bbox 1124 593 1894 634; baseline 0.001 -13"><span class='ocrx_word' id='word_1_345' title='bbox 1124 594 1171 621; x_wconf 80' lang='grc' dir='ltr'><strong>Καὶ</strong></span> <span class='ocrx_word' id='word_1_346' title='bbox 1193 593 1296 633; x_wconf 79' lang='grc' dir='ltr'>πρῶτον</span> <span class='ocrx_word' id='word_1_347' title='bbox 1319 596 1368 632; x_wconf 82' lang='grc' dir='ltr'>μὲν</span> <span class='ocrx_word' id='word_1_348' title='bbox 1391 593 1566 634; x_wconf 74' lang='grc' dir='ltr'>προϐάλλεται</span> <span class='ocrx_word' id='word_1_349' title='bbox 1589 595 1620 622; x_wconf 78' lang='grc' dir='ltr'>τὸ</span> <span class='ocrx_word' id='word_1_350' title='bbox 1641 597 1688 622; x_wconf 84' lang='grc' dir='ltr'>τοῦ</span> <span class='ocrx_word' id='word_1_351' title='bbox 1709 594 1831 633; x_wconf 77' lang='grc' dir='ltr'><strong>ῥηθέντος</strong></span> <span class='ocrx_word' id='word_1_352' title='bbox 1850 594 1894 632; x_wconf 77' lang='grc' dir='ltr'>βα-</span> 
     </span>
    </p>
   </div>
   <div class='ocr_carea' id='block_1_59' title="bbox 1082 637 1896 678">
    <p class='ocr_par' dir='ltr' id='par_1_59' title="bbox 1082 637 1896 678">
     <span class='ocr_line' id='line_1_59' title="bbox 1082 637 1896 678; baseline 0 -12"><span class='ocrx_word' id='word_1_353' title='bbox 1082 637 1175 669; x_wconf 74' lang='grc' dir='ltr'>σιλέως</span> <span class='ocrx_word' id='word_1_354' title='bbox 1201 637 1408 678; x_wconf 79' lang='grc' dir='ltr'>χρυσόϐουλλον,</span> <span class='ocrx_word' id='word_1_355' title='bbox 1432 642 1478 667; x_wconf 78' lang='grc' dir='ltr'>τοῦ</span> <span class='ocrx_word' id='word_1_356' title='bbox 1506 640 1548 667; x_wconf 78' lang='grc' dir='ltr'><strong>καὶ</strong></span> <span class='ocrx_word' id='word_1_357' title='bbox 1579 639 1627 672; x_wconf 72' lang='grc' dir='ltr'><strong>τὴν</strong></span> <span class='ocrx_word' id='word_1_358' title='bbox 1651 639 1731 672; x_wconf 72' lang='grc' dir='ltr'>αὐτὴν</span> <span class='ocrx_word' id='word_1_359' title='bbox 1754 639 1896 678; x_wconf 70' lang='grc' dir='ltr'>ἁγιωτάτῃ-ι</span> 
     </span>
    </p>
   </div>
   <div class='ocr_carea' id='block_1_60' title="bbox 1082 682 1894 724">
    <p class='ocr_par' dir='ltr' id='par_1_60' title="bbox 1082 682 1894 724">
     <span class='ocr_line' id='line_1_60' title="bbox 1082 682 1894 724; baseline 0.001 -14"><span class='ocrx_word' id='word_1_360' title='bbox 1082 682 1224 716; x_wconf 78' lang='grc' dir='ltr'>ἐκκλησίαν</span> <span class='ocrx_word' id='word_1_361' title='bbox 1253 686 1375 723; x_wconf 68' lang='grc' dir='ltr'><strong>Πατρῶν⁷</strong></span> <span class='ocrx_word' id='word_1_362' title='bbox 1401 683 1427 716; x_wconf 78' lang='grc' dir='ltr'>ἐξ</span> <span class='ocrx_word' id='word_1_363' title='bbox 1457 684 1672 724; x_wconf 77' lang='grc' dir='ltr'>ἆρχιεπισκοπῆς</span> <span class='ocrx_word' id='word_1_364' title='bbox 1700 685 1736 715; x_wconf 75' lang='grc' dir='ltr'>εἷς</span> <span class='ocrx_word' id='word_1_365' title='bbox 1766 684 1894 723; x_wconf 75' lang='grc' dir='ltr'>μητροπά-</span> 
     </span>
    </p>
   </div>
   <div class='ocr_carea' id='block_1_61' title="bbox 1080 728 1895 769">
    <p class='ocr_par' dir='ltr' id='par_1_61' title="bbox 1080 728 1895 769">
     <span class='ocr_line' id='line_1_61' title="bbox 1080 728 1895 769; baseline 0 -13"><span class='ocrx_word' id='word_1_366' title='bbox 1080 728 1147 760; x_wconf 86' lang='grc' dir='ltr'>λεως</span> <span class='ocrx_word' id='word_1_367' title='bbox 1176 728 1251 761; x_wconf 78' lang='grc' dir='ltr'>δόξαν</span> <span class='ocrx_word' id='word_1_368' title='bbox 1290 729 1481 768; x_wconf 70' lang='grc' dir='ltr'>ἀναγαγόντος,</span> <span class='ocrx_word' id='word_1_369' title='bbox 1519 729 1560 758; x_wconf 78' lang='grc' dir='ltr'><strong>διὰ</strong></span> <span class='ocrx_word' id='word_1_370' title='bbox 1599 731 1630 758; x_wconf 75' lang='grc' dir='ltr'><strong>τὸ</strong></span> <span class='ocrx_word' id='word_1_371' title='bbox 1664 730 1741 768; x_wconf 71' lang='grc' dir='ltr'>ῥηθὲν</span> <span class='ocrx_word' id='word_1_372' title='bbox 1770 730 1895 769; x_wconf 73' lang='grc' dir='ltr'>τεράστιον</span> 
     </span>
    </p>
   </div>
   <div class='ocr_carea' id='block_1_62' title="bbox 1079 772 1894 813">
    <p class='ocr_par' dir='ltr' id='par_1_62' title="bbox 1079 772 1894 813">
     <span class='ocr_line' id='line_1_62' title="bbox 1079 772 1894 813; baseline 0 -12"><span class='ocrx_word' id='word_1_373' title='bbox 1079 773 1125 801; x_wconf 75' lang='grc' dir='ltr'>τοῖ’)</span> <span class='ocrx_word' id='word_1_374' title='bbox 1146 774 1295 813; x_wconf 68' lang='grc' dir='ltr'><strong>κορυφαίου²</strong></span> <span class='ocrx_word' id='word_1_375' title='bbox 1328 775 1372 802; x_wconf 81' lang='grc' dir='ltr'><strong>καὶ</strong></span> <span class='ocrx_word' id='word_1_376' title='bbox 1394 774 1480 813; x_wconf 75' lang='grc' dir='ltr'>τρισίν</span> <span class='ocrx_word' id='word_1_377' title='bbox 1515 774 1675 806; x_wconf 74' lang='grc' dir='ltr'>ἐπισκοπαϊς</span> <span class='ocrx_word' id='word_1_378' title='bbox 1705 774 1788 808; x_wconf 72' lang='grc' dir='ltr'>αὐτὴν</span> <span class='ocrx_word' id='word_1_379' title='bbox 1815 772 1894 812; x_wconf 77' lang='grc' dir='ltr'>δωρη-</span> 
     </span>
    </p>
   </div>
   <div class='ocr_carea' id='block_1_63' title="bbox 1081 818 1896 858">
    <p class='ocr_par' dir='ltr' id='par_1_63' title="bbox 1081 818 1896 858">
     <span class='ocr_line' id='line_1_63' title="bbox 1081 818 1896 858; baseline 0.001 -13"><span class='ocrx_word' id='word_1_380' title='bbox 1081 818 1205 856; x_wconf 77' lang='grc' dir='ltr'>σαμένου,</span> <span class='ocrx_word' id='word_1_381' title='bbox 1227 821 1261 856; x_wconf 79' lang='grc' dir='ltr'>τῇ</span> <span class='ocrx_word' id='word_1_382' title='bbox 1288 818 1409 858; x_wconf 66' lang='grc' dir='ltr'>Μεθώνῃ,</span> <span class='ocrx_word' id='word_1_383' title='bbox 1501 818 1686 858; x_wconf 78' lang='grc' dir='ltr'>Λακεδαίμονι,</span> <span class='ocrx_word' id='word_1_384' title='bbox 1718 819 1761 846; x_wconf 84' lang='grc' dir='ltr'><strong>καὶ</strong></span> <span class='ocrx_word' id='word_1_385' title='bbox 1838 822 1896 856; x_wconf 76' lang='grc' dir='ltr'>Σαρ-</span> 
     </span>
    </p>
   </div>
   <div class='ocr_carea' id='block_1_64' title="bbox 1080 840 1924 903">
    <p class='ocr_par' dir='ltr' id='par_1_64' title="bbox 1080 840 1924 903">
     <span class='ocr_line' id='line_1_64' title="bbox 1082 840 1885 858; baseline 0.001 -13"><span class='ocrx_word' id='word_1_386' title='bbox 1082 840 1205 856; x_wconf 53' lang='grc' dir='ltr'><strong>,ηρηηη</strong></span> <span class='ocrx_word' id='word_1_387' title='bbox 1233 840 1261 856; x_wconf 64' lang='grc' dir='ltr'>,μ</span> <span class='ocrx_word' id='word_1_388' title='bbox 1288 840 1409 858; x_wconf 49' lang='grc' dir='ltr'><strong>...πψτη</strong></span> <span class='ocrx_word' id='word_1_389' title='bbox 1445 840 1473 856; x_wconf 66' lang='grc' dir='ltr'><strong>,μ</strong></span> <span class='ocrx_word' id='word_1_390' title='bbox 1501 840 1686 858; x_wconf 40' lang='lat' dir='ltr'><strong>&quot;ﬂuunt.-.&quot;</strong></span> <span class='ocrx_word' id='word_1_391' title='bbox 1719 840 1761 846; x_wconf 67' lang='grc' dir='ltr'><strong>η...</strong></span> <span class='ocrx_word' id='word_1_392' title='bbox 1789 840 1817 856; x_wconf 71' lang='lat'><strong>.._,</strong></span> <span class='ocrx_word' id='word_1_393' title='bbox 1838 840 1885 856; x_wconf 72' lang='grc' dir='ltr'><strong>...τ</strong></span> 
     </span>
     <span class='ocr_line' id='line_1_65' title="bbox 1080 840 1924 903; baseline -0.001 -13"><span class='ocrx_word' id='word_1_394' title='bbox 1080 863 1215 902; x_wconf 82' lang='grc' dir='ltr'>σοκορώνῃ</span> <span class='ocrx_word' id='word_1_395' title='bbox 1233 872 1240 879; x_wconf 83' lang='lat'>&#39;</span> <span class='ocrx_word' id='word_1_396' title='bbox 1268 864 1312 891; x_wconf 88' lang='grc' dir='ltr'><strong>καὶ</strong></span> <span class='ocrx_word' id='word_1_397' title='bbox 1340 862 1427 903; x_wconf 79' lang='grc' dir='ltr'>ἕτερον</span> <span class='ocrx_word' id='word_1_398' title='bbox 1463 864 1548 900; x_wconf 87' lang='grc' dir='ltr'>τούτῷ</span> <span class='ocrx_word' id='word_1_399' title='bbox 1577 862 1696 900; x_wconf 73' lang='grc' dir='ltr'>συνᾷδον,</span> <span class='ocrx_word' id='word_1_400' title='bbox 1727 863 1840 895; x_wconf 76' lang='grc' dir='ltr'>Λέοντος</span> <span class='ocrx_word' id='word_1_401' title='bbox 1858 863 1896 890; x_wconf 71' lang='grc' dir='ltr'><strong>καὶ</strong></span> <span class='ocrx_word' id='word_1_402' title='bbox 1923 840 1924 883; x_wconf 58' lang='grc' dir='ltr'><strong>ί</strong></span> 
     </span>
    </p>
   </div>
   <div class='ocr_carea' id='block_1_65' title="bbox 1081 903 1924 958">
    <p class='ocr_par' dir='ltr' id='par_1_65' title="bbox 1081 903 1924 958">
     <span class='ocr_line' id='line_1_66' title="bbox 1081 903 1924 958; baseline 0.001 -24"><span class='ocrx_word' id='word_1_403' title='bbox 1081 906 1252 946; x_wconf 66' lang='grc' dir='ltr'>Ἀλεξάνδρου</span> <span class='ocrx_word' id='word_1_404' title='bbox 1276 910 1329 935; x_wconf 82' lang='grc' dir='ltr'>τῶν</span> <span class='ocrx_word' id='word_1_405' title='bbox 1358 907 1490 945; x_wconf 74' lang='grc' dir='ltr'>βασιλέων</span> <span class='ocrx_word' id='word_1_406' title='bbox 1505 915 1511 922; x_wconf 93' lang='grc'><strong>·</strong></span> <span class='ocrx_word' id='word_1_407' title='bbox 1555 909 1599 935; x_wconf 83' lang='grc' dir='ltr'><strong>καὶ</strong></span> <span class='ocrx_word' id='word_1_408' title='bbox 1641 908 1726 947; x_wconf 82' lang='grc' dir='ltr'>τρίτον</span> <span class='ocrx_word' id='word_1_409' title='bbox 1757 903 1895 945; x_wconf 43' lang='grc' dir='ltr'>(Ρωμανοῦ,</span> <span class='ocrx_word' id='word_1_410' title='bbox 1923 915 1924 958; x_wconf 36' lang='grc' dir='ltr'>ι</span> 
     </span>
    </p>
   </div>
   <div class='ocr_carea' id='block_1_66' title="bbox 1081 951 1896 992">
    <p class='ocr_par' dir='ltr' id='par_1_66' title="bbox 1081 951 1896 992">
     <span class='ocr_line' id='line_1_67' title="bbox 1081 951 1896 992; baseline 0.004 -14"><span class='ocrx_word' id='word_1_411' title='bbox 1081 951 1268 990; x_wconf 72' lang='grc' dir='ltr'>Χριστοφόρου,</span> <span class='ocrx_word' id='word_1_412' title='bbox 1297 952 1341 979; x_wconf 85' lang='grc' dir='ltr'>καὶ</span> <span class='ocrx_word' id='word_1_413' title='bbox 1381 953 1588 989; x_wconf 77' lang='grc' dir='ltr'>Κωνσταντίνου,</span> <span class='ocrx_word' id='word_1_414' title='bbox 1629 952 1688 980; x_wconf 81' lang='grc' dir='ltr'>κατ’</span> <span class='ocrx_word' id='word_1_415' title='bbox 1729 951 1810 992; x_wconf 72' lang='grc' dir='ltr'>ἴχνος</span> <span class='ocrx_word' id='word_1_416' title='bbox 1843 952 1896 981; x_wconf 78' lang='grc' dir='ltr'>τοῖς</span> 
     </span>
    </p>
   </div>
   <div class='ocr_carea' id='block_1_67' title="bbox 1080 994 1897 1036">
    <p class='ocr_par' dir='ltr' id='par_1_67' title="bbox 1080 994 1897 1036">
     <span class='ocr_line' id='line_1_68' title="bbox 1080 994 1897 1036; baseline 0.001 -14"><span class='ocrx_word' id='word_1_417' title='bbox 1080 994 1169 1028; x_wconf 75' lang='grc' dir='ltr'>ἄλλοις</span> <span class='ocrx_word' id='word_1_418' title='bbox 1187 996 1280 1033; x_wconf 74' lang='grc' dir='ltr'>βαῖνον</span> <span class='ocrx_word' id='word_1_419' title='bbox 1297 1003 1304 1011; x_wconf 82' lang='grc'><strong>⁸</strong></span> <span class='ocrx_word' id='word_1_420' title='bbox 1335 997 1379 1024; x_wconf 83' lang='grc' dir='ltr'><strong>καὶ</strong></span> <span class='ocrx_word' id='word_1_421' title='bbox 1403 995 1468 1024; x_wconf 71' lang='grc' dir='ltr'>ἄλλο</span> <span class='ocrx_word' id='word_1_422' title='bbox 1484 997 1526 1024; x_wconf 82' lang='grc' dir='ltr'>ἐπὶ</span> <span class='ocrx_word' id='word_1_423' title='bbox 1540 997 1656 1029; x_wconf 78' lang='grc' dir='ltr'><strong>τούτοις.</strong></span> <span class='ocrx_word' id='word_1_424' title='bbox 1686 997 1838 1036; x_wconf 73' lang='grc' dir='ltr'>Νικηφόρου</span> <span class='ocrx_word' id='word_1_425' title='bbox 1858 999 1897 1023; x_wconf 74' lang='grc' dir='ltr'>τοῦ</span> 
     </span>
    </p>
   </div>
   <div class='ocr_carea' id='block_1_68' title="bbox 1079 1039 1924 1080">
    <p class='ocr_par' dir='ltr' id='par_1_68' title="bbox 1079 1039 1924 1080">
     <span class='ocr_line' id='line_1_69' title="bbox 1079 1039 1924 1080; baseline 0 -13"><span class='ocrx_word' id='word_1_426' title='bbox 1079 1043 1161 1068; x_wconf 81' lang='grc' dir='ltr'><strong>Φωκᾶ</strong></span> <span class='ocrx_word' id='word_1_427' title='bbox 1176 1049 1184 1056; x_wconf 89' lang='grc'><strong>·</strong></span> <span class='ocrx_word' id='word_1_428' title='bbox 1221 1041 1264 1068; x_wconf 82' lang='grc' dir='ltr'><strong>καὶ</strong></span> <span class='ocrx_word' id='word_1_429' title='bbox 1290 1041 1410 1078; x_wconf 76' lang='grc' dir='ltr'>πέμπτον</span> <span class='ocrx_word' id='word_1_430' title='bbox 1444 1040 1486 1069; x_wconf 83' lang='grc' dir='ltr'>ἐπὶ</span> <span class='ocrx_word' id='word_1_431' title='bbox 1521 1041 1635 1078; x_wconf 78' lang='grc' dir='ltr'>τούτοις,</span> <span class='ocrx_word' id='word_1_432' title='bbox 1664 1046 1710 1070; x_wconf 81' lang='grc' dir='ltr'>τοῦ</span> <span class='ocrx_word' id='word_1_433' title='bbox 1739 1042 1792 1080; x_wconf 81' lang='grc' dir='ltr'><strong>πρὸ</strong></span> <span class='ocrx_word' id='word_1_434' title='bbox 1813 1041 1897 1079; x_wconf 70' lang='grc' dir='ltr'>μικροῦ</span> <span class='ocrx_word' id='word_1_435' title='bbox 1923 1039 1924 1043; x_wconf 50' lang='grc'><em>“</em></span> 
     </span>
    </p>
   </div>
   <div class='ocr_carea' id='block_1_69' title="bbox 1080 1082 1896 1125">
    <p class='ocr_par' dir='ltr' id='par_1_69' title="bbox 1080 1082 1896 1125">
     <span class='ocr_line' id='line_1_70' title="bbox 1080 1082 1896 1125; baseline 0.005 -14"><span class='ocrx_word' id='word_1_436' title='bbox 1080 1082 1295 1122; x_wconf 79' lang='grc' dir='ltr'>βεϐασιλευκότος</span> <span class='ocrx_word' id='word_1_437' title='bbox 1335 1084 1381 1112; x_wconf 71' lang='grc' dir='ltr'>τοῦ</span> <span class='ocrx_word' id='word_1_438' title='bbox 1421 1086 1606 1122; x_wconf 73' lang='grc' dir='ltr'>Βοτανειάτου,</span> <span class='ocrx_word' id='word_1_439' title='bbox 1650 1086 1712 1117; x_wconf 84' lang='grc' dir='ltr'>τοὺς</span> <span class='ocrx_word' id='word_1_440' title='bbox 1749 1085 1896 1125; x_wconf 75' lang='grc' dir='ltr'>εἰρημένους</span> 
     </span>
    </p>
   </div>
   <div class='ocr_carea' id='block_1_70' title="bbox 1080 1127 1924 1172">
    <p class='ocr_par' dir='ltr' id='par_1_70' title="bbox 1080 1127 1924 1172">
     <span class='ocr_line' id='line_1_71' title="bbox 1080 1127 1924 1172; baseline -0.001 -16"><span class='ocrx_word' id='word_1_441' title='bbox 1080 1129 1180 1161; x_wconf 84' lang='grc' dir='ltr'>πάντας</span> <span class='ocrx_word' id='word_1_442' title='bbox 1210 1128 1452 1168; x_wconf 78' lang='grc' dir='ltr'>ἐπισφραγίζοντος.</span> <span class='ocrx_word' id='word_1_443' title='bbox 1496 1131 1545 1158; x_wconf 81' lang='grc' dir='ltr'><strong>Καὶ</strong></span> <span class='ocrx_word' id='word_1_444' title='bbox 1579 1131 1594 1157; x_wconf 84' lang='grc' dir='ltr'><strong>ὁ</strong></span> <span class='ocrx_word' id='word_1_445' title='bbox 1633 1130 1836 1169; x_wconf 70' lang='grc' dir='ltr'>Νεοκαισαρείας</span> <span class='ocrx_word' id='word_1_446' title='bbox 1875 1127 1897 1156; x_wconf 78' lang='grc' dir='ltr'>δὲ</span> <span class='ocrx_word' id='word_1_447' title='bbox 1923 1145 1924 1172; x_wconf 22' lang='grc' dir='ltr'><strong>ᾗ</strong></span> 
     </span>
    </p>
   </div>
   <div class='ocr_carea' id='block_1_71' title="bbox 1081 1172 1899 1213">
    <p class='ocr_par' dir='ltr' id='par_1_71' title="bbox 1081 1172 1899 1213">
     <span class='ocr_line' id='line_1_72' title="bbox 1081 1172 1899 1213; baseline 0.002 -13"><span class='ocrx_word' id='word_1_448' title='bbox 1081 1172 1232 1212; x_wconf 74' lang='grc' dir='ltr'>ἐστήρικται</span> <span class='ocrx_word' id='word_1_449' title='bbox 1261 1173 1360 1211; x_wconf 79' lang='grc' dir='ltr'>ὁμοίως</span> <span class='ocrx_word' id='word_1_450' title='bbox 1384 1174 1555 1212; x_wconf 79' lang='grc' dir='ltr'>ὑπομνήματι</span> <span class='ocrx_word' id='word_1_451' title='bbox 1588 1179 1635 1203; x_wconf 79' lang='grc' dir='ltr'>τοῦ</span> <span class='ocrx_word' id='word_1_452' title='bbox 1666 1174 1694 1202; x_wconf 80' lang='grc' dir='ltr'>ἐν</span> <span class='ocrx_word' id='word_1_453' title='bbox 1723 1174 1840 1213; x_wconf 77' lang='grc' dir='ltr'>μακαρίᾳ</span> 
     </span>
    </p>
   </div>
   <div class='ocr_carea' id='block_1_72' title="bbox 1081 1216 1924 1258">
    <p class='ocr_par' dir='ltr' id='par_1_72' title="bbox 1081 1216 1924 1258">
     <span class='ocr_line' id='line_1_73' title="bbox 1081 1216 1924 1258; baseline 0 -13"><span class='ocrx_word' id='word_1_454' title='bbox 1081 1216 1148 1250; x_wconf 78' lang='grc' dir='ltr'>λέξει</span> <span class='ocrx_word' id='word_1_455' title='bbox 1184 1218 1360 1258; x_wconf 79' lang='grc' dir='ltr'>πατριάρχου,</span> <span class='ocrx_word' id='word_1_456' title='bbox 1384 1218 1463 1257; x_wconf 79' lang='grc' dir='ltr'>κυροῦ</span> <span class='ocrx_word' id='word_1_457' title='bbox 1487 1218 1611 1258; x_wconf 81' lang='grc' dir='ltr'>Μιχαὴλ,</span> <span class='ocrx_word' id='word_1_458' title='bbox 1646 1219 1688 1246; x_wconf 68' lang='grc' dir='ltr'>καὶ</span> <span class='ocrx_word' id='word_1_459' title='bbox 1716 1217 1900 1258; x_wconf 77' lang='grc' dir='ltr'>χρυσοϐούλλῳ</span> <span class='ocrx_word' id='word_1_460' title='bbox 1923 1225 1924 1245; x_wconf 80' lang='lat' dir='ltr'><strong>l</strong></span> 
     </span>
    </p>
   </div>
   <div class='ocr_carea' id='block_1_73' title="bbox 1083 1261 1900 1302">
    <p class='ocr_par' dir='ltr' id='par_1_73' title="bbox 1083 1261 1900 1302">
     <span class='ocr_line' id='line_1_74' title="bbox 1083 1261 1900 1302; baseline 0.001 -13"><span class='ocrx_word' id='word_1_461' title='bbox 1083 1265 1161 1302; x_wconf 83' lang='grc' dir='ltr'>κυροῦ</span> <span class='ocrx_word' id='word_1_462' title='bbox 1185 1261 1299 1302; x_wconf 76' lang='grc' dir='ltr'>Μιχαὴλ</span> <span class='ocrx_word' id='word_1_463' title='bbox 1319 1266 1366 1291; x_wconf 80' lang='grc' dir='ltr'>τοῦ</span> <span class='ocrx_word' id='word_1_464' title='bbox 1391 1263 1489 1292; x_wconf 75' lang='grc' dir='ltr'>Λούκα.</span> <span class='ocrx_word' id='word_1_465' title='bbox 1521 1264 1688 1302; x_wconf 65' lang='grc' dir='ltr'>Εὑρίσκονται</span> <span class='ocrx_word' id='word_1_466' title='bbox 1709 1262 1736 1291; x_wconf 72' lang='grc' dir='ltr'>δὲ</span> <span class='ocrx_word' id='word_1_467' title='bbox 1765 1264 1811 1291; x_wconf 78' lang='grc' dir='ltr'><strong>καὶ</strong></span> <span class='ocrx_word' id='word_1_468' title='bbox 1837 1262 1900 1301; x_wconf 72' lang='grc' dir='ltr'>πρά-</span> 
     </span>
    </p>
   </div>
   <div class='ocr_carea' id='block_1_74' title="bbox 1084 1305 1924 1346">
    <p class='ocr_par' dir='ltr' id='par_1_74' title="bbox 1084 1305 1924 1346">
     <span class='ocr_line' id='line_1_75' title="bbox 1084 1305 1924 1346; baseline 0 -12"><span class='ocrx_word' id='word_1_469' title='bbox 1084 1305 1134 1339; x_wconf 82' lang='grc' dir='ltr'>ξεις</span> <span class='ocrx_word' id='word_1_470' title='bbox 1163 1305 1369 1346; x_wconf 80' lang='grc' dir='ltr'>διαγορεύουσαι,</span> <span class='ocrx_word' id='word_1_471' title='bbox 1392 1306 1432 1334; x_wconf 74' lang='grc' dir='ltr'>ὅτι</span> <span class='ocrx_word' id='word_1_472' title='bbox 1462 1317 1511 1346; x_wconf 76' lang='grc' dir='ltr'><strong>περ</strong></span> <span class='ocrx_word' id='word_1_473' title='bbox 1533 1306 1591 1335; x_wconf 72' lang='grc' dir='ltr'>ὅσαι</span> <span class='ocrx_word' id='word_1_474' title='bbox 1613 1311 1667 1336; x_wconf 83' lang='grc' dir='ltr'>τῶν</span> <span class='ocrx_word' id='word_1_475' title='bbox 1687 1307 1843 1336; x_wconf 82' lang='grc' dir='ltr'>ἐπισκοπῶν</span> <span class='ocrx_word' id='word_1_476' title='bbox 1869 1307 1899 1338; x_wconf 80' lang='grc' dir='ltr'><strong>εἰς</strong></span> <span class='ocrx_word' id='word_1_477' title='bbox 1922 1338 1924 1341; x_wconf 36' lang='grc' dir='ltr'><strong>η</strong></span> 
     </span>
    </p>
   </div>
   <div class='ocr_carea' id='block_1_75' title="bbox 1083 1349 1900 1390">
    <p class='ocr_par' dir='ltr' id='par_1_75' title="bbox 1083 1349 1900 1390">
     <span class='ocr_line' id='line_1_76' title="bbox 1083 1349 1900 1390; baseline 0.001 -11"><span class='ocrx_word' id='word_1_478' title='bbox 1083 1350 1274 1390; x_wconf 78' lang='grc' dir='ltr'>μητροπόλεων</span> <span class='ocrx_word' id='word_1_479' title='bbox 1303 1350 1413 1389; x_wconf 79' lang='grc' dir='ltr'>ἔμελλον</span> <span class='ocrx_word' id='word_1_480' title='bbox 1441 1349 1646 1385; x_wconf 79' lang='grc' dir='ltr'>ἀναϐιϐασθῆναι</span> <span class='ocrx_word' id='word_1_481' title='bbox 1668 1351 1758 1389; x_wconf 80' lang='grc' dir='ltr'>κλέος,</span> <span class='ocrx_word' id='word_1_482' title='bbox 1783 1353 1830 1380; x_wconf 71' lang='grc' dir='ltr'><strong>οὐκ</strong></span> <span class='ocrx_word' id='word_1_483' title='bbox 1855 1350 1900 1379; x_wconf 73' lang='grc' dir='ltr'><strong>ἄλ·</strong></span> 
     </span>
    </p>
   </div>
   <div class='ocr_carea' id='block_1_76' title="bbox 1083 1395 1900 1437">
    <p class='ocr_par' dir='ltr' id='par_1_76' title="bbox 1083 1395 1900 1437">
     <span class='ocr_line' id='line_1_77' title="bbox 1083 1395 1900 1437; baseline -0.001 -14"><span class='ocrx_word' id='word_1_484' title='bbox 1083 1395 1136 1427; x_wconf 86' lang='grc' dir='ltr'><strong>λως</strong></span> <span class='ocrx_word' id='word_1_485' title='bbox 1160 1397 1253 1424; x_wconf 80' lang='grc' dir='ltr'>τούτου</span> <span class='ocrx_word' id='word_1_486' title='bbox 1283 1395 1422 1436; x_wconf 77' lang='grc' dir='ltr'>ἐπέτυχον,</span> <span class='ocrx_word' id='word_1_487' title='bbox 1455 1397 1477 1424; x_wconf 83' lang='grc' dir='ltr'>εἰ</span> <span class='ocrx_word' id='word_1_488' title='bbox 1505 1396 1544 1433; x_wconf 81' lang='grc' dir='ltr'><strong>μὴ</strong></span> <span class='ocrx_word' id='word_1_489' title='bbox 1579 1396 1743 1437; x_wconf 74' lang='grc' dir='ltr'>κοινωφελὴς</span> <span class='ocrx_word' id='word_1_490' title='bbox 1767 1396 1900 1436; x_wconf 77' lang='grc' dir='ltr'>προῦκειτο</span> 
     </span>
    </p>
   </div>
   <div class='ocr_carea' id='block_1_77' title="bbox 1083 1439 1899 1479">
    <p class='ocr_par' dir='ltr' id='par_1_77' title="bbox 1083 1439 1899 1479">
     <span class='ocr_line' id='line_1_78' title="bbox 1083 1439 1899 1479; baseline 0.004 -12"><span class='ocrx_word' id='word_1_491' title='bbox 1083 1441 1228 1479; x_wconf 75' lang='grc' dir='ltr'>οἰκονομία,</span> <span class='ocrx_word' id='word_1_492' title='bbox 1251 1442 1293 1468; x_wconf 85' lang='grc' dir='ltr'><strong>καὶ</strong></span> <span class='ocrx_word' id='word_1_493' title='bbox 1319 1441 1336 1474; x_wconf 80' lang='grc' dir='ltr'><strong>ἡ</strong></span> <span class='ocrx_word' id='word_1_494' title='bbox 1366 1439 1470 1472; x_wconf 81' lang='grc' dir='ltr'>σύνοδος</span> <span class='ocrx_word' id='word_1_495' title='bbox 1499 1439 1666 1478; x_wconf 73' lang='grc' dir='ltr'><strong>κατεδέξατο,</strong></span> <span class='ocrx_word' id='word_1_496' title='bbox 1694 1442 1738 1470; x_wconf 78' lang='grc' dir='ltr'><strong>καὶ</strong></span> <span class='ocrx_word' id='word_1_497' title='bbox 1767 1443 1783 1469; x_wconf 84' lang='grc' dir='ltr'>ὁ</span> <span class='ocrx_word' id='word_1_498' title='bbox 1806 1451 1899 1479; x_wconf 78' lang='grc' dir='ltr'>μητροι</span> 
     </span>
    </p>
   </div>
   <div class='ocr_carea' id='block_1_78' title="bbox 1082 1483 1900 1522">
    <p class='ocr_par' dir='ltr' id='par_1_78' title="bbox 1082 1483 1900 1522">
     <span class='ocr_line' id='line_1_79' title="bbox 1082 1483 1900 1522; baseline 0 -10"><span class='ocrx_word' id='word_1_499' title='bbox 1082 1483 1192 1517; x_wconf 79' lang='grc' dir='ltr'>πολίτης</span> <span class='ocrx_word' id='word_1_500' title='bbox 1206 1487 1255 1518; x_wconf 82' lang='grc' dir='ltr'>τῆς</span> <span class='ocrx_word' id='word_1_501' title='bbox 1281 1484 1428 1522; x_wconf 82' lang='grc' dir='ltr'>μελλούσης</span> <span class='ocrx_word' id='word_1_502' title='bbox 1456 1486 1599 1522; x_wconf 79' lang='grc' dir='ltr'>τιμηθῆναι</span> <span class='ocrx_word' id='word_1_503' title='bbox 1627 1485 1771 1519; x_wconf 76' lang='grc' dir='ltr'>ἐκκλησίας</span> <span class='ocrx_word' id='word_1_504' title='bbox 1802 1484 1900 1514; x_wconf 78' lang='grc' dir='ltr'>ἀντιδὸ-</span> 
     </span>
    </p>
   </div>
   <div class='ocr_carea' id='block_1_79' title="bbox 1083 1528 1900 1570">
    <p class='ocr_par' dir='ltr' id='par_1_79' title="bbox 1083 1528 1900 1570">
     <span class='ocr_line' id='line_1_80' title="bbox 1083 1528 1900 1570; baseline 0.002 -14"><span class='ocrx_word' id='word_1_505' title='bbox 1083 1539 1137 1560; x_wconf 88' lang='grc' dir='ltr'>σεις</span> <span class='ocrx_word' id='word_1_506' title='bbox 1161 1528 1232 1561; x_wconf 81' lang='grc' dir='ltr'>ἀξίας</span> <span class='ocrx_word' id='word_1_507' title='bbox 1254 1529 1368 1567; x_wconf 81' lang='grc' dir='ltr'>εἰληφὼς</span> <span class='ocrx_word' id='word_1_508' title='bbox 1394 1532 1444 1562; x_wconf 81' lang='grc' dir='ltr'>τῆς</span> <span class='ocrx_word' id='word_1_509' title='bbox 1472 1529 1612 1567; x_wconf 83' lang='grc' dir='ltr'>βασιλικῆς</span> <span class='ocrx_word' id='word_1_510' title='bbox 1628 1529 1724 1570; x_wconf 81' lang='grc' dir='ltr'>δεξιᾶς,</span> <span class='ocrx_word' id='word_1_511' title='bbox 1740 1537 1804 1562; x_wconf 80' lang='grc' dir='ltr'>τοῖς</span> <span class='ocrx_word' id='word_1_512' title='bbox 1820 1541 1900 1570; x_wconf 80' lang='grc' dir='ltr'>πρατ-</span> 
     </span>
    </p>
   </div>
   <div class='ocr_carea' id='block_1_80' title="bbox 1082 1573 1902 1614">
    <p class='ocr_par' dir='ltr' id='par_1_80' title="bbox 1082 1573 1902 1614">
     <span class='ocr_line' id='line_1_81' title="bbox 1082 1573 1902 1614; baseline 0.004 -13"><span class='ocrx_word' id='word_1_513' title='bbox 1082 1573 1204 1611; x_wconf 81' lang='grc' dir='ltr'>τομένοις</span> <span class='ocrx_word' id='word_1_514' title='bbox 1233 1574 1368 1612; x_wconf 77' lang='grc' dir='ltr'>συνῄνεσε,</span> <span class='ocrx_word' id='word_1_515' title='bbox 1406 1574 1543 1602; x_wconf 82' lang='grc' dir='ltr'>Τοσούτων</span> <span class='ocrx_word' id='word_1_516' title='bbox 1574 1575 1660 1603; x_wconf 81' lang='grc' dir='ltr'>τοίνυν</span> <span class='ocrx_word' id='word_1_517' title='bbox 1688 1575 1772 1603; x_wconf 70' lang='grc' dir='ltr'>ὄντων</span> <span class='ocrx_word' id='word_1_518' title='bbox 1803 1576 1902 1614; x_wconf 81' lang='grc' dir='ltr'>βοηθη-</span> 
     </span>
    </p>
   </div>
   <div class='ocr_carea' id='block_1_81' title="bbox 1083 1618 1904 1657">
    <p class='ocr_par' dir='ltr' id='par_1_81' title="bbox 1083 1618 1904 1657">
     <span class='ocr_line' id='line_1_82' title="bbox 1083 1618 1904 1657; baseline 0 -12"><span class='ocrx_word' id='word_1_519' title='bbox 1083 1618 1184 1657; x_wconf 68' lang='grc' dir='ltr'>μάτων,</span> <span class='ocrx_word' id='word_1_520' title='bbox 1211 1618 1254 1645; x_wconf 87' lang='grc' dir='ltr'><strong>καὶ</strong></span> <span class='ocrx_word' id='word_1_521' title='bbox 1288 1621 1383 1646; x_wconf 82' lang='grc' dir='ltr'>κοινῶν</span> <span class='ocrx_word' id='word_1_522' title='bbox 1410 1624 1469 1649; x_wconf 74' lang='grc' dir='ltr'>τοῖς</span> <span class='ocrx_word' id='word_1_523' title='bbox 1497 1621 1573 1657; x_wconf 74' lang='grc' dir='ltr'>πᾶσι,</span> <span class='ocrx_word' id='word_1_524' title='bbox 1604 1619 1648 1647; x_wconf 87' lang='grc' dir='ltr'><strong>καὶ</strong></span> <span class='ocrx_word' id='word_1_525' title='bbox 1676 1621 1729 1647; x_wconf 82' lang='grc' dir='ltr'>τῶν</span> <span class='ocrx_word' id='word_1_526' title='bbox 1743 1619 1904 1647; x_wconf 75' lang='grc' dir='ltr'>καθέκαστον</span> 
     </span>
    </p>
   </div>
   <div class='ocr_carea' id='block_1_82' title="bbox 1083 1661 1924 1703">
    <p class='ocr_par' dir='ltr' id='par_1_82' title="bbox 1083 1661 1924 1703">
     <span class='ocr_line' id='line_1_83' title="bbox 1083 1661 1924 1703; baseline 0.002 -14"><span class='ocrx_word' id='word_1_527' title='bbox 1083 1661 1166 1699; x_wconf 76' lang='grc' dir='ltr'>ἰδίων,</span> <span class='ocrx_word' id='word_1_528' title='bbox 1191 1661 1249 1690; x_wconf 59' lang='grc' dir='ltr'>ἐμοί</span> <span class='ocrx_word' id='word_1_529' title='bbox 1275 1672 1303 1689; x_wconf 86' lang='grc' dir='ltr'><strong>τε</strong></span> <span class='ocrx_word' id='word_1_530' title='bbox 1330 1662 1374 1690; x_wconf 81' lang='grc' dir='ltr'><strong>καὶ</strong></span> <span class='ocrx_word' id='word_1_531' title='bbox 1400 1668 1459 1693; x_wconf 80' lang='grc' dir='ltr'>τοῖς</span> <span class='ocrx_word' id='word_1_532' title='bbox 1488 1663 1590 1700; x_wconf 82' lang='grc' dir='ltr'>ὁμοίοις</span> <span class='ocrx_word' id='word_1_533' title='bbox 1610 1662 1695 1703; x_wconf 73' lang='grc' dir='ltr'>δοκεῖ,</span> <span class='ocrx_word' id='word_1_534' title='bbox 1721 1661 1924 1703; x_wconf 57' lang='grc' dir='ltr'>φιλανθρωπόῆ</span> 
     </span>
    </p>
   </div>
   <div class='ocr_carea' id='block_1_83' title="bbox 1082 1706 1904 1746">
    <p class='ocr_par' dir='ltr' id='par_1_83' title="bbox 1082 1706 1904 1746">
     <span class='ocr_line' id='line_1_84' title="bbox 1082 1706 1904 1746; baseline 0 -12"><span class='ocrx_word' id='word_1_535' title='bbox 1082 1717 1144 1734; x_wconf 86' lang='grc' dir='ltr'>τατε</span> <span class='ocrx_word' id='word_1_536' title='bbox 1181 1706 1298 1746; x_wconf 75' lang='grc' dir='ltr'>βασιλεῦ,</span> <span class='ocrx_word' id='word_1_537' title='bbox 1327 1707 1481 1746; x_wconf 81' lang='grc' dir='ltr'>παράνομον</span> <span class='ocrx_word' id='word_1_538' title='bbox 1508 1707 1580 1735; x_wconf 78' lang='grc' dir='ltr'>εἶναι</span> <span class='ocrx_word' id='word_1_539' title='bbox 1620 1708 1664 1735; x_wconf 86' lang='grc' dir='ltr'><strong>καὶ</strong></span> <span class='ocrx_word' id='word_1_540' title='bbox 1697 1707 1830 1746; x_wconf 62' lang='grc' dir='ltr'>ἄρῥδθμον</span> <span class='ocrx_word' id='word_1_541' title='bbox 1860 1709 1904 1741; x_wconf 64' lang='grc' dir='ltr'><strong>τὴν</strong></span> 
     </span>
    </p>
   </div>
   <div class='ocr_carea' id='block_1_84' title="bbox 1082 1751 1904 1793">
    <p class='ocr_par' dir='ltr' id='par_1_84' title="bbox 1082 1751 1904 1793">
     <span class='ocr_line' id='line_1_85' title="bbox 1082 1751 1904 1793; baseline 0.004 -15"><span class='ocrx_word' id='word_1_542' title='bbox 1082 1752 1205 1784; x_wconf 80' lang='grc' dir='ltr'>τοιαύτην</span> <span class='ocrx_word' id='word_1_543' title='bbox 1227 1751 1330 1790; x_wconf 76' lang='grc' dir='ltr'>πρᾶξιν,</span> <span class='ocrx_word' id='word_1_544' title='bbox 1356 1752 1399 1779; x_wconf 83' lang='grc' dir='ltr'><strong>καὶ</strong></span> <span class='ocrx_word' id='word_1_545' title='bbox 1420 1755 1473 1779; x_wconf 83' lang='grc' dir='ltr'>τῶν</span> <span class='ocrx_word' id='word_1_546' title='bbox 1502 1752 1577 1791; x_wconf 81' lang='grc' dir='ltr'>ἱερῶν</span> <span class='ocrx_word' id='word_1_547' title='bbox 1604 1752 1721 1780; x_wconf 84' lang='grc' dir='ltr'>κανόνων</span> <span class='ocrx_word' id='word_1_548' title='bbox 1736 1752 1904 1793; x_wconf 68' lang='grc' dir='ltr'>ἀπεναντίιν,</span> 
     </span>
    </p>
   </div>
   <div class='ocr_carea' id='block_1_85' title="bbox 1082 1796 1903 1838">
    <p class='ocr_par' dir='ltr' id='par_1_85' title="bbox 1082 1796 1903 1838">
     <span class='ocr_line' id='line_1_86' title="bbox 1082 1796 1903 1838; baseline 0.002 -14"><span class='ocrx_word' id='word_1_549' title='bbox 1082 1797 1125 1824; x_wconf 82' lang='grc' dir='ltr'><strong>καὶ</strong></span> <span class='ocrx_word' id='word_1_550' title='bbox 1153 1803 1212 1828; x_wconf 71' lang='grc' dir='ltr'>τοῖς</span> <span class='ocrx_word' id='word_1_551' title='bbox 1241 1803 1430 1834; x_wconf 73' lang='grc' dir='ltr'>πνευματικοῖς</span> <span class='ocrx_word' id='word_1_552' title='bbox 1465 1796 1535 1835; x_wconf 81' lang='grc' dir='ltr'>ὅροις</span> <span class='ocrx_word' id='word_1_553' title='bbox 1569 1797 1613 1824; x_wconf 76' lang='grc' dir='ltr'><strong>καὶ</strong></span> <span class='ocrx_word' id='word_1_554' title='bbox 1641 1796 1732 1834; x_wconf 66' lang='grc' dir='ltr'>νόμοις</span> <span class='ocrx_word' id='word_1_555' title='bbox 1760 1797 1903 1838; x_wconf 70' lang='grc' dir='ltr'>ἀντίθετον,</span> 
     </span>
    </p>
   </div>
   <div class='ocr_carea' id='block_1_86' title="bbox 1082 1840 1904 1881">
    <p class='ocr_par' dir='ltr' id='par_1_86' title="bbox 1082 1840 1904 1881">
     <span class='ocr_line' id='line_1_87' title="bbox 1082 1840 1904 1881; baseline 0.002 -13"><span class='ocrx_word' id='word_1_556' title='bbox 1082 1841 1127 1869; x_wconf 82' lang='grc' dir='ltr'>καὶ</span> <span class='ocrx_word' id='word_1_557' title='bbox 1141 1842 1192 1880; x_wconf 65' lang='grc' dir='ltr'><strong>οὐχ</strong></span> <span class='ocrx_word' id='word_1_558' title='bbox 1219 1841 1295 1868; x_wconf 79' lang='grc' dir='ltr'>ἱκανὰ</span> <span class='ocrx_word' id='word_1_559' title='bbox 1323 1841 1355 1869; x_wconf 72' lang='grc' dir='ltr'><strong>τὰ</strong></span> <span class='ocrx_word' id='word_1_560' title='bbox 1377 1841 1447 1880; x_wconf 78' lang='grc' dir='ltr'>παρὰ</span> <span class='ocrx_word' id='word_1_561' title='bbox 1469 1846 1515 1870; x_wconf 72' lang='grc' dir='ltr'>τοῦ</span> <span class='ocrx_word' id='word_1_562' title='bbox 1543 1840 1700 1880; x_wconf 77' lang='grc' dir='ltr'>ἀντιῤῥόπου</span> <span class='ocrx_word' id='word_1_563' title='bbox 1729 1841 1832 1881; x_wconf 73' lang='grc' dir='ltr'>μέρους</span> <span class='ocrx_word' id='word_1_564' title='bbox 1860 1843 1904 1870; x_wconf 75' lang='grc' dir='ltr'><strong>ἂν-</strong></span> 
     </span>
    </p>
   </div>
   <div class='ocr_carea' id='block_1_87' title="bbox 1082 1885 1905 1924">
    <p class='ocr_par' dir='ltr' id='par_1_87' title="bbox 1082 1885 1905 1924">
     <span class='ocr_line' id='line_1_88' title="bbox 1082 1885 1905 1924; baseline 0.004 -12"><span class='ocrx_word' id='word_1_565' title='bbox 1082 1885 1240 1923; x_wconf 77' lang='grc' dir='ltr'>τιτιθέμενα.</span> <span class='ocrx_word' id='word_1_566' title='bbox 1258 1885 1323 1914; x_wconf 70' lang='grc' dir='ltr'>Οὔτε</span> <span class='ocrx_word' id='word_1_567' title='bbox 1345 1885 1394 1924; x_wconf 84' lang='grc' dir='ltr'>γὰρ</span> <span class='ocrx_word' id='word_1_568' title='bbox 1423 1886 1607 1924; x_wconf 79' lang='grc' dir='ltr'>πραγματικὸς</span> <span class='ocrx_word' id='word_1_569' title='bbox 1636 1887 1708 1917; x_wconf 71' lang='grc' dir='ltr'>θεῖος</span> <span class='ocrx_word' id='word_1_570' title='bbox 1729 1887 1815 1919; x_wconf 75' lang='grc' dir='ltr'>τύπος</span> <span class='ocrx_word' id='word_1_571' title='bbox 1843 1890 1905 1915; x_wconf 75' lang='grc' dir='ltr'>κατᾶ</span> 
     </span>
    </p>
   </div>
   <div class='ocr_carea' id='block_1_88' title="bbox 1082 1929 1905 1971">
    <p class='ocr_par' dir='ltr' id='par_1_88' title="bbox 1082 1929 1905 1971">
     <span class='ocr_line' id='line_1_89' title="bbox 1082 1929 1905 1971; baseline 0.004 -14"><span class='ocrx_word' id='word_1_572' title='bbox 1082 1932 1134 1957; x_wconf 83' lang='grc' dir='ltr'>τῶν</span> <span class='ocrx_word' id='word_1_573' title='bbox 1148 1930 1223 1958; x_wconf 80' lang='grc' dir='ltr'>θείων</span> <span class='ocrx_word' id='word_1_574' title='bbox 1242 1929 1360 1957; x_wconf 79' lang='grc' dir='ltr'>κανόνων</span> <span class='ocrx_word' id='word_1_575' title='bbox 1394 1929 1509 1970; x_wconf 79' lang='grc' dir='ltr'>ἰσχύσει,</span> <span class='ocrx_word' id='word_1_576' title='bbox 1537 1930 1574 1961; x_wconf 85' lang='grc' dir='ltr'>ὡς</span> <span class='ocrx_word' id='word_1_577' title='bbox 1602 1929 1699 1958; x_wconf 75' lang='grc' dir='ltr'>ἄνωθεν</span> <span class='ocrx_word' id='word_1_578' title='bbox 1727 1929 1905 1971; x_wconf 73' lang='grc' dir='ltr'>διατετράνω-</span> 
     </span>
    </p>
   </div>
   <div class='ocr_carea' id='block_1_89' title="bbox 1083 1973 1905 2014">
    <p class='ocr_par' dir='ltr' id='par_1_89' title="bbox 1083 1973 1905 2014">
     <span class='ocr_line' id='line_1_90' title="bbox 1083 1973 1905 2014; baseline 0.004 -12"><span class='ocrx_word' id='word_1_579' title='bbox 1083 1985 1138 2014; x_wconf 79' lang='grc' dir='ltr'><strong>τοιι⁷</strong></span> <span class='ocrx_word' id='word_1_580' title='bbox 1157 1975 1215 2002; x_wconf 66' lang='grc' dir='ltr'>οὔτε</span> <span class='ocrx_word' id='word_1_581' title='bbox 1237 1973 1291 2012; x_wconf 81' lang='grc' dir='ltr'>μὴν</span> <span class='ocrx_word' id='word_1_582' title='bbox 1319 1973 1459 2009; x_wconf 81' lang='grc' dir='ltr'>καταδίκη,</span> <span class='ocrx_word' id='word_1_583' title='bbox 1486 1973 1568 2012; x_wconf 80' lang='grc' dir='ltr'>ὁμόσε</span> <span class='ocrx_word' id='word_1_584' title='bbox 1600 1973 1690 2012; x_wconf 81' lang='grc' dir='ltr'>νόμων</span> <span class='ocrx_word' id='word_1_585' title='bbox 1714 1976 1757 2002; x_wconf 76' lang='grc' dir='ltr'>καὶ</span> <span class='ocrx_word' id='word_1_586' title='bbox 1789 1978 1905 2005; x_wconf 80' lang='grc' dir='ltr'>κανόνων</span> 
     </span>
    </p>
   </div>
   <div class='ocr_carea' id='block_1_90' title="bbox 1083 2016 1924 2058">
    <p class='ocr_par' dir='ltr' id='par_1_90' title="bbox 1083 2016 1924 2058">
     <span class='ocr_line' id='line_1_91' title="bbox 1083 2016 1924 2058; baseline 0.004 -13"><span class='ocrx_word' id='word_1_587' title='bbox 1083 2021 1218 2058; x_wconf 75' lang='grc' dir='ltr'>χωροῦσα,</span> <span class='ocrx_word' id='word_1_588' title='bbox 1235 2018 1372 2052; x_wconf 81' lang='grc' dir='ltr'>ἐπαινετή,</span> <span class='ocrx_word' id='word_1_589' title='bbox 1395 2018 1424 2047; x_wconf 80' lang='grc' dir='ltr'><strong>Εἰ</strong></span> <span class='ocrx_word' id='word_1_590' title='bbox 1447 2018 1496 2057; x_wconf 80' lang='grc' dir='ltr'><strong>γὰρ</strong></span> <span class='ocrx_word' id='word_1_591' title='bbox 1517 2018 1609 2046; x_wconf 78' lang='grc' dir='ltr'>καὶτὸ</span> <span class='ocrx_word' id='word_1_592' title='bbox 1632 2018 1775 2056; x_wconf 75' lang='grc' dir='ltr'>σημείωμα</span> <span class='ocrx_word' id='word_1_593' title='bbox 1800 2022 1851 2054; x_wconf 79' lang='grc' dir='ltr'>τῆς</span> <span class='ocrx_word' id='word_1_594' title='bbox 1880 2016 1924 2048; x_wconf 73' lang='grc' dir='ltr'><strong>ὲκ¹</strong></span> 
     </span>
    </p>
   </div>
   <div class='ocr_carea' id='block_1_91' title="bbox 1085 2061 1906 2102">
    <p class='ocr_par' dir='ltr' id='par_1_91' title="bbox 1085 2061 1906 2102">
     <span class='ocr_line' id='line_1_92' title="bbox 1085 2061 1906 2102; baseline 0.004 -12"><span class='ocrx_word' id='word_1_595' title='bbox 1085 2066 1150 2091; x_wconf 80' lang='grc' dir='ltr'>Θεοῦ</span> <span class='ocrx_word' id='word_1_596' title='bbox 1184 2061 1317 2100; x_wconf 79' lang='grc' dir='ltr'>βασιλείας</span> <span class='ocrx_word' id='word_1_597' title='bbox 1345 2073 1403 2097; x_wconf 72' lang='grc' dir='ltr'>σου,</span> <span class='ocrx_word' id='word_1_598' title='bbox 1430 2064 1562 2102; x_wconf 80' lang='grc' dir='ltr'>τεχνικῶς</span> <span class='ocrx_word' id='word_1_599' title='bbox 1592 2062 1637 2091; x_wconf 77' lang='grc' dir='ltr'><strong>καὶ</strong></span> <span class='ocrx_word' id='word_1_600' title='bbox 1663 2062 1812 2101; x_wconf 72' lang='grc' dir='ltr'>ῥητορικῶς</span> <span class='ocrx_word' id='word_1_601' title='bbox 1841 2075 1906 2093; x_wconf 77' lang='grc' dir='ltr'>κατ-</span> 
     </span>
    </p>
   </div>
   <div class='ocr_carea' id='block_1_92' title="bbox 1083 2107 1906 2147">
    <p class='ocr_par' dir='ltr' id='par_1_92' title="bbox 1083 2107 1906 2147">
     <span class='ocr_line' id='line_1_93' title="bbox 1083 2107 1906 2147; baseline 0.002 -11"><span class='ocrx_word' id='word_1_602' title='bbox 1083 2108 1248 2147; x_wconf 75' lang='grc' dir='ltr'>εσκεύασται,</span> <span class='ocrx_word' id='word_1_603' title='bbox 1277 2108 1321 2136; x_wconf 84' lang='grc' dir='ltr'><strong>καὶ</strong></span> <span class='ocrx_word' id='word_1_604' title='bbox 1348 2108 1460 2136; x_wconf 77' lang='grc' dir='ltr'>πιθανὸν</span> <span class='ocrx_word' id='word_1_605' title='bbox 1490 2107 1564 2136; x_wconf 73' lang='grc' dir='ltr'>δοκεῖ</span> <span class='ocrx_word' id='word_1_606' title='bbox 1592 2114 1652 2139; x_wconf 79' lang='grc' dir='ltr'>τοῖς</span> <span class='ocrx_word' id='word_1_607' title='bbox 1675 2108 1792 2141; x_wconf 74' lang='grc' dir='ltr'>πολλοῖς</span> <span class='ocrx_word' id='word_1_608' title='bbox 1811 2117 1818 2125; x_wconf 90' lang='grc'>·</span> <span class='ocrx_word' id='word_1_609' title='bbox 1849 2109 1906 2138; x_wconf 75' lang='grc' dir='ltr'>ἀλλ’</span> 
     </span>
    </p>
   </div>
   <div class='ocr_carea' id='block_1_93' title="bbox 219 2148 1039 2192">
    <p class='ocr_par' dir='ltr' id='par_1_93' title="bbox 219 2148 1039 2189">
     <span class='ocr_line' id='line_1_94' title="bbox 219 2148 1039 2189; baseline -0.002 -9"><span class='ocrx_word' id='word_1_610' title='bbox 219 2150 294 2180; x_wconf 90' lang='lat' dir='ltr'><strong>torie</strong></span> <span class='ocrx_word' id='word_1_611' title='bbox 326 2150 433 2181; x_wconf 84' lang='lat' dir='ltr'><strong>factum</strong></span> <span class='ocrx_word' id='word_1_612' title='bbox 450 2154 503 2188; x_wconf 90' lang='lat' dir='ltr'><strong>est,</strong></span> <span class='ocrx_word' id='word_1_613' title='bbox 522 2159 557 2180; x_wconf 89' lang='lat' dir='ltr'><strong>ac</strong></span> <span class='ocrx_word' id='word_1_614' title='bbox 574 2149 658 2189; x_wconf 84' lang='lat' dir='ltr'><strong>vulgo</strong></span> <span class='ocrx_word' id='word_1_615' title='bbox 671 2149 759 2180; x_wconf 83' lang='lat' dir='ltr'><strong>ﬁdem</strong></span> <span class='ocrx_word' id='word_1_616' title='bbox 775 2149 885 2179; x_wconf 84' lang='lat' dir='ltr'><strong>mereri</strong></span> <span class='ocrx_word' id='word_1_617' title='bbox 900 2148 1016 2178; x_wconf 88' lang='lat' dir='ltr'><strong>videtur</strong></span> <span class='ocrx_word' id='word_1_618' title='bbox 1032 2156 1039 2179; x_wconf 92' lang='lat'><strong><em>:</em></strong></span> 
     </span>
    </p>
   </div>
   <div class='ocr_carea' id='block_1_94' title="bbox 1124 2148 1908 2192">
    <p class='ocr_par' dir='ltr' id='par_1_94' title="bbox 1124 2151 1908 2192">
     <span class='ocr_line' id='line_1_95' title="bbox 1124 2151 1908 2192; baseline 0.004 -12"><span class='ocrx_word' id='word_1_619' title='bbox 1124 2163 1154 2180; x_wconf 75' lang='grc' dir='ltr'><strong>τω</strong></span> <span class='ocrx_word' id='word_1_620' title='bbox 1168 2153 1212 2180; x_wconf 80' lang='grc' dir='ltr'><strong>καὶ</strong></span> <span class='ocrx_word' id='word_1_621' title='bbox 1240 2151 1359 2192; x_wconf 74' lang='grc' dir='ltr'>δυνατὸν,</span> <span class='ocrx_word' id='word_1_622' title='bbox 1388 2152 1484 2190; x_wconf 76' lang='grc' dir='ltr'>νόμους</span> <span class='ocrx_word' id='word_1_623' title='bbox 1506 2151 1610 2181; x_wconf 79' lang='grc' dir='ltr'>ἀνελεῖν</span> <span class='ocrx_word' id='word_1_624' title='bbox 1637 2152 1681 2180; x_wconf 77' lang='grc' dir='ltr'><strong>καὶ</strong></span> <span class='ocrx_word' id='word_1_625' title='bbox 1708 2153 1838 2190; x_wconf 76' lang='grc' dir='ltr'>κανόνας,</span> <span class='ocrx_word' id='word_1_626' title='bbox 1867 2157 1908 2183; x_wconf 79' lang='grc' dir='ltr'><strong>καὶ</strong></span> 
     </span>
    </p>
   </div>
   <div class='ocr_carea' id='block_1_95' title="bbox 217 2195 1039 2234">
    <p class='ocr_par' dir='ltr' id='par_1_95' title="bbox 217 2195 1039 2234">
     <span class='ocr_line' id='line_1_96' title="bbox 217 2195 1039 2234; baseline -0.002 -10"><span class='ocrx_word' id='word_1_627' title='bbox 217 2203 276 2224; x_wconf 88' lang='lat' dir='ltr'><strong>non</strong></span> <span class='ocrx_word' id='word_1_628' title='bbox 292 2199 390 2226; x_wconf 86' lang='lat' dir='ltr'><strong>tamen</strong></span> <span class='ocrx_word' id='word_1_629' title='bbox 400 2199 429 2225; x_wconf 89' lang='lat' dir='ltr'><strong>et</strong></span> <span class='ocrx_word' id='word_1_630' title='bbox 439 2195 519 2234; x_wconf 81' lang='lat' dir='ltr'><strong>leges</strong></span> <span class='ocrx_word' id='word_1_631' title='bbox 532 2199 620 2234; x_wconf 86' lang='lat' dir='ltr'><strong>atque</strong></span> <span class='ocrx_word' id='word_1_632' title='bbox 637 2203 765 2225; x_wconf 89' lang='lat' dir='ltr'><strong>canones</strong></span> <span class='ocrx_word' id='word_1_633' title='bbox 788 2198 921 2224; x_wconf 88' lang='lat' dir='ltr'><strong>evertere</strong></span> <span class='ocrx_word' id='word_1_634' title='bbox 934 2196 1039 2233; x_wconf 88' lang='lat' dir='ltr'><strong>potest,</strong></span> 
     </span>
    </p>
   </div>
   <div class='ocr_carea' id='block_1_96' title="bbox 217 2238 1040 2278">
    <p class='ocr_par' dir='ltr' id='par_1_96' title="bbox 217 2238 1040 2278">
     <span class='ocr_line' id='line_1_97' title="bbox 217 2238 1040 2278; baseline -0.001 -9"><span class='ocrx_word' id='word_1_635' title='bbox 217 2243 246 2269; x_wconf 89' lang='lat' dir='ltr'><strong>at</strong></span> <span class='ocrx_word' id='word_1_636' title='bbox 262 2240 414 2271; x_wconf 86' lang='lat' dir='ltr'><strong>veritatem</strong></span> <span class='ocrx_word' id='word_1_637' title='bbox 439 2243 605 2270; x_wconf 85' lang='lat' dir='ltr'><strong>succutere.</strong></span> <span class='ocrx_word' id='word_1_638' title='bbox 632 2238 705 2269; x_wconf 88' lang='lat' dir='ltr'><strong>Nam</strong></span> <span class='ocrx_word' id='word_1_639' title='bbox 730 2240 875 2278; x_wconf 80' lang='lat' dir='ltr'><strong>argutatio</strong></span> <span class='ocrx_word' id='word_1_640' title='bbox 906 2241 935 2268; x_wconf 86' lang='lat' dir='ltr'><strong>et</strong></span> <span class='ocrx_word' id='word_1_641' title='bbox 949 2238 1040 2268; x_wconf 79' lang='lat' dir='ltr'><strong>ratio-</strong></span> 
     </span>
    </p>
   </div>
   <div class='ocr_carea' id='block_1_97' title="bbox 218 2281 1040 2324">
    <p class='ocr_par' dir='ltr' id='par_1_97' title="bbox 218 2281 1040 2324">
     <span class='ocr_line' id='line_1_98' title="bbox 218 2281 1040 2324; baseline -0.002 -10"><span class='ocrx_word' id='word_1_642' title='bbox 218 2283 396 2322; x_wconf 85' lang='lat' dir='ltr'><strong>cinationes,</strong></span> <span class='ocrx_word' id='word_1_643' title='bbox 415 2293 449 2314; x_wconf 83' lang='lat' dir='ltr'><strong>ex</strong></span> <span class='ocrx_word' id='word_1_644' title='bbox 464 2284 501 2314; x_wconf 87' lang='lat' dir='ltr'><strong>iis</strong></span> <span class='ocrx_word' id='word_1_645' title='bbox 517 2287 722 2324; x_wconf 71' lang='lat' dir='ltr'><strong>sumptae,quae</strong></span> <span class='ocrx_word' id='word_1_646' title='bbox 736 2283 890 2314; x_wconf 89' lang='lat' dir='ltr'><strong>hominum</strong></span> <span class='ocrx_word' id='word_1_647' title='bbox 908 2281 1040 2322; x_wconf 92' lang='lat' dir='ltr'><strong>opinioni</strong></span> 
     </span>
    </p>
   </div>
   <div class='ocr_carea' id='block_1_98' title="bbox 218 2326 1041 2366">
    <p class='ocr_par' dir='ltr' id='par_1_98' title="bbox 218 2326 1041 2366">
     <span class='ocr_line' id='line_1_99' title="bbox 218 2326 1041 2366; baseline -0.001 -8"><span class='ocrx_word' id='word_1_648' title='bbox 218 2331 427 2360; x_wconf 73' lang='lat' dir='ltr'><strong>consentanea:</strong></span> <span class='ocrx_word' id='word_1_649' title='bbox 440 2328 659 2365; x_wconf 86' lang='lat' dir='ltr'><strong>videntur,cum</strong></span> <span class='ocrx_word' id='word_1_650' title='bbox 677 2337 735 2358; x_wconf 92' lang='lat' dir='ltr'><strong>non</strong></span> <span class='ocrx_word' id='word_1_651' title='bbox 747 2327 825 2364; x_wconf 85' lang='lat' dir='ltr'><strong>sint;</strong></span> <span class='ocrx_word' id='word_1_652' title='bbox 838 2327 925 2366; x_wconf 87' lang='lat' dir='ltr'><strong>longe</strong></span> <span class='ocrx_word' id='word_1_653' title='bbox 934 2326 1041 2358; x_wconf 87' lang='lat' dir='ltr'><strong>absnnt</strong></span> 
     </span>
    </p>
   </div>
   <div class='ocr_carea' id='block_1_99' title="bbox 218 2371 1039 2413">
    <p class='ocr_par' dir='ltr' id='par_1_99' title="bbox 218 2371 1039 2413">
     <span class='ocr_line' id='line_1_100' title="bbox 218 2371 1039 2413; baseline -0.002 -9"><span class='ocrx_word' id='word_1_654' title='bbox 218 2382 234 2403; x_wconf 91' lang='lat' dir='ltr'><strong>a</strong></span> <span class='ocrx_word' id='word_1_655' title='bbox 248 2382 318 2404; x_wconf 83' lang='lat' dir='ltr'><strong>vero</strong></span> <span class='ocrx_word' id='word_1_656' title='bbox 334 2380 422 2413; x_wconf 83' lang='lat' dir='ltr'><strong>atque</strong></span> <span class='ocrx_word' id='word_1_657' title='bbox 434 2372 567 2403; x_wconf 89' lang='lat' dir='ltr'><strong>scientia.</strong></span> <span class='ocrx_word' id='word_1_658' title='bbox 584 2373 647 2403; x_wconf 85' lang='lat' dir='ltr'><strong>Nec</strong></span> <span class='ocrx_word' id='word_1_659' title='bbox 673 2372 761 2411; x_wconf 77' lang='lat' dir='ltr'><strong>longa</strong></span> <span class='ocrx_word' id='word_1_660' title='bbox 776 2371 958 2402; x_wconf 90' lang='lat' dir='ltr'><strong>consuetudo</strong></span> <span class='ocrx_word' id='word_1_661' title='bbox 973 2372 1039 2402; x_wconf 80' lang='lat' dir='ltr'><strong>efﬁ-</strong></span> 
     </span>
    </p>
   </div>
   <div class='ocr_carea' id='block_1_100' title="bbox 218 2416 1041 2458">
    <p class='ocr_par' dir='ltr' id='par_1_100' title="bbox 218 2416 1041 2458">
     <span class='ocr_line' id='line_1_101' title="bbox 218 2416 1041 2458; baseline -0.002 -10"><span class='ocrx_word' id='word_1_662' title='bbox 218 2418 275 2448; x_wconf 87' lang='lat' dir='ltr'><strong>ciet</strong></span> <span class='ocrx_word' id='word_1_663' title='bbox 290 2422 469 2458; x_wconf 89' lang='lat' dir='ltr'><strong>unquam,ut</strong></span> <span class='ocrx_word' id='word_1_664' title='bbox 493 2417 618 2457; x_wconf 87' lang='lat' dir='ltr'><strong>id,quod</strong></span> <span class='ocrx_word' id='word_1_665' title='bbox 647 2417 683 2447; x_wconf 87' lang='lat' dir='ltr'><strong>ab</strong></span> <span class='ocrx_word' id='word_1_666' title='bbox 707 2416 791 2447; x_wconf 84' lang='lat' dir='ltr'><strong>initio</strong></span> <span class='ocrx_word' id='word_1_667' title='bbox 805 2416 966 2447; x_wconf 85' lang='lat' dir='ltr'><strong>subsistere</strong></span> <span class='ocrx_word' id='word_1_668' title='bbox 982 2426 1041 2446; x_wconf 81' lang='lat' dir='ltr'><strong>non</strong></span> 
     </span>
    </p>
   </div>
   <div class='ocr_carea' id='block_1_101' title="bbox 218 2461 1041 2502">
    <p class='ocr_par' dir='ltr' id='par_1_101' title="bbox 218 2461 1041 2502">
     <span class='ocr_line' id='line_1_102' title="bbox 218 2461 1041 2502; baseline -0.001 -10"><span class='ocrx_word' id='word_1_669' title='bbox 218 2463 321 2502; x_wconf 89' lang='lat' dir='ltr'><strong>potuit,</strong></span> <span class='ocrx_word' id='word_1_670' title='bbox 340 2463 435 2493; x_wconf 88' lang='lat' dir='ltr'><strong>locum</strong></span> <span class='ocrx_word' id='word_1_671' title='bbox 462 2461 579 2492; x_wconf 89' lang='lat' dir='ltr'><strong>habeat.</strong></span> <span class='ocrx_word' id='word_1_672' title='bbox 605 2461 689 2492; x_wconf 85' lang='lat' dir='ltr'><strong>Tunc</strong></span> <span class='ocrx_word' id='word_1_673' title='bbox 714 2461 791 2492; x_wconf 89' lang='lat' dir='ltr'><strong>enim</strong></span> <span class='ocrx_word' id='word_1_674' title='bbox 821 2461 907 2501; x_wconf 81' lang='lat' dir='ltr'><strong>longa</strong></span> <span class='ocrx_word' id='word_1_675' title='bbox 923 2470 1041 2501; x_wconf 88' lang='lat' dir='ltr'><strong>quoque</strong></span> 
     </span>
    </p>
   </div>
   <div class='ocr_carea' id='block_1_102' title="bbox 218 2506 1041 2547">
    <p class='ocr_par' dir='ltr' id='par_1_102' title="bbox 218 2506 1041 2547">
     <span class='ocr_line' id='line_1_103' title="bbox 218 2506 1041 2547; baseline -0.001 -9"><span class='ocrx_word' id='word_1_676' title='bbox 218 2508 405 2540; x_wconf 83' lang='lat' dir='ltr'><strong>consuetudo</strong></span> <span class='ocrx_word' id='word_1_677' title='bbox 421 2508 478 2538; x_wconf 92' lang='lat' dir='ltr'><strong>vim</strong></span> <span class='ocrx_word' id='word_1_678' title='bbox 496 2507 569 2546; x_wconf 79' lang='lat' dir='ltr'><strong>legis</strong></span> <span class='ocrx_word' id='word_1_679' title='bbox 583 2506 706 2544; x_wconf 90' lang='lat' dir='ltr'><strong>obtinet,</strong></span> <span class='ocrx_word' id='word_1_680' title='bbox 718 2507 833 2547; x_wconf 87' lang='lat' dir='ltr'><strong>quando</strong></span> <span class='ocrx_word' id='word_1_681' title='bbox 847 2511 1041 2547; x_wconf 79' lang='lat' dir='ltr'><strong>praeterquam</strong></span> 
     </span>
    </p>
   </div>
   <div class='ocr_carea' id='block_1_103' title="bbox 219 2551 1041 2593">
    <p class='ocr_par' dir='ltr' id='par_1_103' title="bbox 219 2551 1041 2593">
     <span class='ocr_line' id='line_1_104' title="bbox 219 2551 1041 2593; baseline 0 -11"><span class='ocrx_word' id='word_1_682' title='bbox 219 2552 297 2593; x_wconf 91' lang='lat' dir='ltr'><strong>quod</strong></span> <span class='ocrx_word' id='word_1_683' title='bbox 329 2552 481 2583; x_wconf 85' lang='lat' dir='ltr'><strong>curatione</strong></span> <span class='ocrx_word' id='word_1_684' title='bbox 510 2560 570 2582; x_wconf 91' lang='lat' dir='ltr'><strong>non</strong></span> <span class='ocrx_word' id='word_1_685' title='bbox 596 2557 716 2591; x_wconf 83' lang='lat' dir='ltr'><strong>pugnat,</strong></span> <span class='ocrx_word' id='word_1_686' title='bbox 744 2560 800 2582; x_wconf 90' lang='lat' dir='ltr'><strong>nec</strong></span> <span class='ocrx_word' id='word_1_687' title='bbox 828 2551 923 2590; x_wconf 68' lang='lat' dir='ltr'><strong>legem</strong></span> <span class='ocrx_word' id='word_1_688' title='bbox 939 2552 1041 2582; x_wconf 90' lang='lat' dir='ltr'><strong>everti.</strong></span> 
     </span>
    </p>
   </div>
   <div class='ocr_carea' id='block_1_104' title="bbox 218 2596 1042 2636">
    <p class='ocr_par' dir='ltr' id='par_1_104' title="bbox 218 2596 1042 2636">
     <span class='ocr_line' id='line_1_105' title="bbox 218 2596 1042 2636; baseline -0.002 -8"><span class='ocrx_word' id='word_1_689' title='bbox 218 2596 256 2628; x_wconf 79' lang='lat' dir='ltr'><strong>At</strong></span> <span class='ocrx_word' id='word_1_690' title='bbox 271 2606 339 2627; x_wconf 91' lang='lat' dir='ltr'><strong>cum</strong></span> <span class='ocrx_word' id='word_1_691' title='bbox 354 2597 410 2628; x_wconf 93' lang='lat' dir='ltr'><strong>hoc</strong></span> <span class='ocrx_word' id='word_1_692' title='bbox 426 2597 513 2627; x_wconf 92' lang='lat' dir='ltr'><strong>modo</strong></span> <span class='ocrx_word' id='word_1_693' title='bbox 528 2597 605 2627; x_wconf 88' lang='lat' dir='ltr'><strong>sacri</strong></span> <span class='ocrx_word' id='word_1_694' title='bbox 628 2605 757 2627; x_wconf 82' lang='lat' dir='ltr'><strong>canones</strong></span> <span class='ocrx_word' id='word_1_695' title='bbox 772 2599 951 2636; x_wconf 77' lang='lat' dir='ltr'><strong>evertantur,</strong></span> <span class='ocrx_word' id='word_1_696' title='bbox 968 2605 1042 2636; x_wconf 85' lang='lat' dir='ltr'><strong>qua—</strong></span> 
     </span>
    </p>
   </div>
   <div class='ocr_carea' id='block_1_105' title="bbox 219 2640 1042 2682">
    <p class='ocr_par' dir='ltr' id='par_1_105' title="bbox 219 2640 1042 2682">
     <span class='ocr_line' id='line_1_106' title="bbox 219 2640 1042 2682; baseline 0 -11"><span class='ocrx_word' id='word_1_697' title='bbox 219 2650 287 2671; x_wconf 89' lang='lat' dir='ltr'><strong>nam</strong></span> <span class='ocrx_word' id='word_1_698' title='bbox 316 2641 430 2672; x_wconf 90' lang='lat' dir='ltr'><strong>ratione</strong></span> <span class='ocrx_word' id='word_1_699' title='bbox 455 2641 647 2678; x_wconf 88' lang='lat' dir='ltr'><strong>consuetudo,</strong></span> <span class='ocrx_word' id='word_1_700' title='bbox 679 2649 744 2679; x_wconf 81' lang='lat' dir='ltr'><strong>quae</strong></span> <span class='ocrx_word' id='word_1_701' title='bbox 773 2640 815 2671; x_wconf 88' lang='lat' dir='ltr'><strong>sic</strong></span> <span class='ocrx_word' id='word_1_702' title='bbox 840 2641 969 2682; x_wconf 83' lang='lat' dir='ltr'><strong>irrepsit,</strong></span> <span class='ocrx_word' id='word_1_703' title='bbox 987 2641 1042 2672; x_wconf 86' lang='lat' dir='ltr'><strong>ad—</strong></span> 
     </span>
    </p>
   </div>
   <div class='ocr_carea' id='block_1_106' title="bbox 218 2684 1042 2724">
    <p class='ocr_par' dir='ltr' id='par_1_106' title="bbox 218 2684 1042 2724">
     <span class='ocr_line' id='line_1_107' title="bbox 218 2684 1042 2724; baseline 0.001 -9"><span class='ocrx_word' id='word_1_704' title='bbox 218 2685 460 2716; x_wconf 81' lang='lat' dir='ltr'><strong>mittetur?Nam</strong></span> <span class='ocrx_word' id='word_1_705' title='bbox 485 2685 553 2717; x_wconf 88' lang='lat' dir='ltr'><strong>audi</strong></span> <span class='ocrx_word' id='word_1_706' title='bbox 566 2685 639 2724; x_wconf 80' lang='lat' dir='ltr'><strong>legis</strong></span> <span class='ocrx_word' id='word_1_707' title='bbox 654 2684 743 2715; x_wconf 88' lang='lat' dir='ltr'><strong>verba</strong></span> <span class='ocrx_word' id='word_1_708' title='bbox 759 2693 765 2715; x_wconf 88' lang='lat'>:</span> <span class='ocrx_word' id='word_1_709' title='bbox 784 2684 885 2720; x_wconf 79' lang='lat' dir='ltr'><strong>«Quod</strong></span> <span class='ocrx_word' id='word_1_710' title='bbox 901 2694 959 2715; x_wconf 91' lang='lat' dir='ltr'><strong>non</strong></span> <span class='ocrx_word' id='word_1_711' title='bbox 976 2695 1042 2716; x_wconf 84' lang='lat' dir='ltr'><strong>cum</strong></span> 
     </span>
    </p>
   </div>
   <div class='ocr_carea' id='block_1_107' title="bbox 217 2729 1043 2769">
    <p class='ocr_par' dir='ltr' id='par_1_107' title="bbox 217 2729 1043 2769">
     <span class='ocr_line' id='line_1_108' title="bbox 217 2729 1043 2769; baseline 0.002 -10"><span class='ocrx_word' id='word_1_712' title='bbox 217 2729 334 2761; x_wconf 88' lang='lat' dir='ltr'><strong>ratione</strong></span> <span class='ocrx_word' id='word_1_713' title='bbox 350 2730 552 2761; x_wconf 90' lang='lat' dir='ltr'><strong>introductum</strong></span> <span class='ocrx_word' id='word_1_714' title='bbox 581 2734 634 2768; x_wconf 80' lang='lat' dir='ltr'><strong>est,</strong></span> <span class='ocrx_word' id='word_1_715' title='bbox 649 2729 700 2760; x_wconf 92' lang='lat' dir='ltr'><strong>sed</strong></span> <span class='ocrx_word' id='word_1_716' title='bbox 714 2739 767 2769; x_wconf 87' lang='lat' dir='ltr'><strong>per</strong></span> <span class='ocrx_word' id='word_1_717' title='bbox 783 2738 917 2760; x_wconf 86' lang='lat' dir='ltr'><strong>errorem</strong></span> <span class='ocrx_word' id='word_1_718' title='bbox 934 2734 963 2760; x_wconf 90' lang='lat' dir='ltr'><strong>et</strong></span> <span class='ocrx_word' id='word_1_719' title='bbox 974 2740 1043 2761; x_wconf 88' lang='lat' dir='ltr'><strong>con-</strong></span> 
     </span>
    </p>
   </div>
   <div class='ocr_carea' id='block_1_108' title="bbox 219 2774 1040 2810">
    <p class='ocr_par' dir='ltr' id='par_1_108' title="bbox 219 2774 1040 2810">
     <span class='ocr_line' id='line_1_109' title="bbox 219 2774 1040 2810; baseline 0 -2"><span class='ocrx_word' id='word_1_720' title='bbox 219 2775 407 2808; x_wconf 88' lang='lat' dir='ltr'><strong>suetudinem</strong></span> <span class='ocrx_word' id='word_1_721' title='bbox 416 2776 543 2807; x_wconf 89' lang='lat' dir='ltr'><strong>obtinuit</strong></span> <span class='ocrx_word' id='word_1_722' title='bbox 553 2775 583 2805; x_wconf 90' lang='lat' dir='ltr'><strong>in</strong></span> <span class='ocrx_word' id='word_1_723' title='bbox 593 2774 740 2805; x_wconf 88' lang='lat' dir='ltr'><strong>similibus</strong></span> <span class='ocrx_word' id='word_1_724' title='bbox 747 2775 844 2805; x_wconf 88' lang='lat' dir='ltr'><strong>valere</strong></span> <span class='ocrx_word' id='word_1_725' title='bbox 853 2784 911 2805; x_wconf 90' lang='lat' dir='ltr'><strong>non</strong></span> <span class='ocrx_word' id='word_1_726' title='bbox 922 2775 1020 2810; x_wconf 87' lang='lat' dir='ltr'><strong>debet.</strong></span> <span class='ocrx_word' id='word_1_727' title='bbox 1028 2789 1040 2808; x_wconf 73' lang='grc' dir='ltr'><strong>ι</strong></span> 
     </span>
    </p>
   </div>
   <div class='ocr_carea' id='block_1_109' title="bbox 1082 2196 1907 2237">
    <p class='ocr_par' dir='ltr' id='par_1_109' title="bbox 1082 2196 1907 2237">
     <span class='ocr_line' id='line_1_110' title="bbox 1082 2196 1907 2237; baseline 0.005 -13"><span class='ocrx_word' id='word_1_728' title='bbox 1082 2197 1131 2230; x_wconf 77' lang='grc' dir='ltr'><strong>τὴν</strong></span> <span class='ocrx_word' id='word_1_729' title='bbox 1146 2196 1270 2232; x_wconf 81' lang='grc' dir='ltr'>ἀλήθειαν</span> <span class='ocrx_word' id='word_1_730' title='bbox 1291 2203 1460 2227; x_wconf 62' lang='grc' dir='ltr'>κατασετσαιε</span> <span class='ocrx_word' id='word_1_731' title='bbox 1491 2197 1643 2236; x_wconf 77' lang='grc' dir='ltr'>Σοφιστεία,</span> <span class='ocrx_word' id='word_1_732' title='bbox 1672 2197 1734 2237; x_wconf 78' lang='grc' dir='ltr'>γὰρ,</span> <span class='ocrx_word' id='word_1_733' title='bbox 1767 2200 1816 2227; x_wconf 84' lang='grc' dir='ltr'><strong>καὶ</strong></span> <span class='ocrx_word' id='word_1_734' title='bbox 1844 2199 1907 2228; x_wconf 71' lang='grc' dir='ltr'>συλο</span> 
     </span>
    </p>
   </div>
   <div class='ocr_carea' id='block_1_110' title="bbox 1081 2240 1910 2284">
    <p class='ocr_par' dir='ltr' id='par_1_110' title="bbox 1081 2240 1910 2284">
     <span class='ocr_line' id='line_1_111' title="bbox 1081 2240 1910 2284; baseline 0.002 -15"><span class='ocrx_word' id='word_1_735' title='bbox 1081 2241 1215 2280; x_wconf 85' lang='grc' dir='ltr'>λογισμοὶ,</span> <span class='ocrx_word' id='word_1_736' title='bbox 1231 2241 1261 2270; x_wconf 76' lang='grc' dir='ltr'>ὲκ</span> <span class='ocrx_word' id='word_1_737' title='bbox 1281 2241 1444 2280; x_wconf 78' lang='grc' dir='ltr'>φαινομένων</span> <span class='ocrx_word' id='word_1_738' title='bbox 1460 2240 1580 2278; x_wconf 77' lang='grc' dir='ltr'>ἐνδόξων,</span> <span class='ocrx_word' id='word_1_739' title='bbox 1597 2241 1637 2279; x_wconf 79' lang='grc' dir='ltr'><strong>μὴ</strong></span> <span class='ocrx_word' id='word_1_740' title='bbox 1663 2241 1745 2270; x_wconf 71' lang='grc' dir='ltr'>ὄντων</span> <span class='ocrx_word' id='word_1_741' title='bbox 1773 2241 1815 2280; x_wconf 78' lang='grc' dir='ltr'>δὲ,</span> <span class='ocrx_word' id='word_1_742' title='bbox 1846 2244 1910 2284; x_wconf 51' lang='lat' dir='ltr'><strong>rdii-</strong></span> 
     </span>
    </p>
   </div>
   <div class='ocr_carea' id='block_1_111' title="bbox 1081 2285 1924 2329">
    <p class='ocr_par' dir='ltr' id='par_1_111' title="bbox 1081 2285 1924 2329">
     <span class='ocr_line' id='line_1_112' title="bbox 1081 2285 1924 2329; baseline 0.004 -15"><span class='ocrx_word' id='word_1_743' title='bbox 1081 2287 1118 2325; x_wconf 82' lang='grc' dir='ltr'>ῥω</span> <span class='ocrx_word' id='word_1_744' title='bbox 1132 2289 1180 2315; x_wconf 82' lang='grc' dir='ltr'><strong>τοῦ</strong></span> <span class='ocrx_word' id='word_1_745' title='bbox 1194 2285 1268 2318; x_wconf 66' lang='grc' dir='ltr'>ὄντος</span> <span class='ocrx_word' id='word_1_746' title='bbox 1291 2287 1335 2314; x_wconf 90' lang='grc' dir='ltr'><strong>καὶ</strong></span> <span class='ocrx_word' id='word_1_747' title='bbox 1353 2287 1504 2324; x_wconf 60' lang='grc' dir='ltr'>ἐπιστήμης</span> <span class='ocrx_word' id='word_1_748' title='bbox 1527 2287 1601 2317; x_wconf 78' lang='grc' dir='ltr'>εἰσίν.</span> <span class='ocrx_word' id='word_1_749' title='bbox 1631 2285 1705 2315; x_wconf 82' lang='grc' dir='ltr'>Ἀλλ’</span> <span class='ocrx_word' id='word_1_750' title='bbox 1733 2287 1793 2317; x_wconf 72' lang='grc' dir='ltr'>οὖόὲ</span> <span class='ocrx_word' id='word_1_751' title='bbox 1822 2290 1924 2329; x_wconf 28' lang='grc' dir='ltr'>μακρὰ,</span> 
     </span>
    </p>
   </div>
   <div class='ocr_carea' id='block_1_112' title="bbox 1081 2331 1909 2372">
    <p class='ocr_par' dir='ltr' id='par_1_112' title="bbox 1081 2331 1909 2372">
     <span class='ocr_line' id='line_1_113' title="bbox 1081 2331 1909 2372; baseline 0.005 -13"><span class='ocrx_word' id='word_1_752' title='bbox 1081 2332 1215 2372; x_wconf 72' lang='grc' dir='ltr'>συνήθεια,</span> <span class='ocrx_word' id='word_1_753' title='bbox 1251 2332 1281 2359; x_wconf 81' lang='grc' dir='ltr'>τὸ</span> <span class='ocrx_word' id='word_1_754' title='bbox 1309 2331 1436 2371; x_wconf 82' lang='grc' dir='ltr'>ἀπαρχῆς</span> <span class='ocrx_word' id='word_1_755' title='bbox 1464 2331 1653 2371; x_wconf 78' lang='grc' dir='ltr'>ἀνυπόστατον,</span> <span class='ocrx_word' id='word_1_756' title='bbox 1689 2332 1725 2363; x_wconf 73' lang='grc' dir='ltr'>εἷς</span> <span class='ocrx_word' id='word_1_757' title='bbox 1763 2333 1909 2363; x_wconf 80' lang='grc' dir='ltr'>ὑπόστασιν</span> 
     </span>
    </p>
   </div>
   <div class='ocr_carea' id='block_1_113' title="bbox 1081 2375 1909 2415">
    <p class='ocr_par' dir='ltr' id='par_1_113' title="bbox 1081 2375 1909 2415">
     <span class='ocr_line' id='line_1_114' title="bbox 1081 2375 1909 2415; baseline 0.004 -12"><span class='ocrx_word' id='word_1_758' title='bbox 1081 2375 1134 2408; x_wconf 76' lang='grc' dir='ltr'>ἄξει</span> <span class='ocrx_word' id='word_1_759' title='bbox 1165 2376 1240 2406; x_wconf 66' lang='grc' dir='ltr'>ποτε.</span> <span class='ocrx_word' id='word_1_760' title='bbox 1278 2376 1343 2404; x_wconf 83' lang='grc' dir='ltr'>Τότε</span> <span class='ocrx_word' id='word_1_761' title='bbox 1369 2377 1418 2415; x_wconf 82' lang='grc' dir='ltr'>γὰρ</span> <span class='ocrx_word' id='word_1_762' title='bbox 1440 2376 1483 2403; x_wconf 83' lang='grc' dir='ltr'><strong>καὶ</strong></span> <span class='ocrx_word' id='word_1_763' title='bbox 1511 2377 1528 2410; x_wconf 80' lang='grc' dir='ltr'><strong>ἡ</strong></span> <span class='ocrx_word' id='word_1_764' title='bbox 1556 2375 1644 2415; x_wconf 77' lang='grc' dir='ltr'>μακρὰ</span> <span class='ocrx_word' id='word_1_765' title='bbox 1668 2377 1792 2410; x_wconf 78' lang='grc' dir='ltr'>συνήθεια</span> <span class='ocrx_word' id='word_1_766' title='bbox 1838 2378 1909 2408; x_wconf 65' lang='grc' dir='ltr'>οὐδὲν</span> 
     </span>
    </p>
   </div>
   <div class='ocr_carea' id='block_1_114' title="bbox 1084 2419 1909 2460">
    <p class='ocr_par' dir='ltr' id='par_1_114' title="bbox 1084 2419 1909 2460">
     <span class='ocr_line' id='line_1_115' title="bbox 1084 2419 1909 2460; baseline -0.002 -12"><span class='ocrx_word' id='word_1_767' title='bbox 1084 2421 1163 2453; x_wconf 72' lang='grc' dir='ltr'>ἦττον</span> <span class='ocrx_word' id='word_1_768' title='bbox 1181 2421 1262 2459; x_wconf 79' lang='grc' dir='ltr'>νόμου</span> <span class='ocrx_word' id='word_1_769' title='bbox 1283 2427 1386 2460; x_wconf 77' lang='grc' dir='ltr'>κρατεῖ,</span> <span class='ocrx_word' id='word_1_770' title='bbox 1413 2419 1476 2448; x_wconf 76' lang='grc' dir='ltr'>ὅταν</span> <span class='ocrx_word' id='word_1_771' title='bbox 1499 2421 1563 2459; x_wconf 83' lang='grc' dir='ltr'>πρὸς</span> <span class='ocrx_word' id='word_1_772' title='bbox 1591 2423 1629 2456; x_wconf 84' lang='grc' dir='ltr'>τῷ</span> <span class='ocrx_word' id='word_1_773' title='bbox 1644 2420 1682 2458; x_wconf 73' lang='grc' dir='ltr'>μὴ</span> <span class='ocrx_word' id='word_1_774' title='bbox 1703 2420 1849 2460; x_wconf 72' lang='grc' dir='ltr'>ἀλόγιστος</span> <span class='ocrx_word' id='word_1_775' title='bbox 1866 2424 1909 2452; x_wconf 71' lang='grc' dir='ltr'><strong>εἴ-</strong></span> 
     </span>
    </p>
   </div>
   <div class='ocr_carea' id='block_1_115' title="bbox 1083 2462 1909 2504">
    <p class='ocr_par' dir='ltr' id='par_1_115' title="bbox 1083 2462 1909 2504">
     <span class='ocr_line' id='line_1_116' title="bbox 1083 2462 1909 2504; baseline 0.002 -11"><span class='ocrx_word' id='word_1_776' title='bbox 1083 2476 1135 2503; x_wconf 78' lang='grc' dir='ltr'>ναι,</span> <span class='ocrx_word' id='word_1_777' title='bbox 1160 2466 1203 2493; x_wconf 83' lang='grc' dir='ltr'><strong>καὶ</strong></span> <span class='ocrx_word' id='word_1_778' title='bbox 1218 2465 1298 2503; x_wconf 85' lang='grc' dir='ltr'>νόμον</span> <span class='ocrx_word' id='word_1_779' title='bbox 1323 2465 1371 2493; x_wconf 73' lang='grc' dir='ltr'><strong>οὐκ</strong></span> <span class='ocrx_word' id='word_1_780' title='bbox 1394 2464 1499 2504; x_wconf 78' lang='grc' dir='ltr'>ἀναιρῇ.</span> <span class='ocrx_word' id='word_1_781' title='bbox 1522 2462 1582 2492; x_wconf 71' lang='grc' dir='ltr'>Ὧδε</span> <span class='ocrx_word' id='word_1_782' title='bbox 1603 2463 1630 2492; x_wconf 78' lang='grc' dir='ltr'>δὲ</span> <span class='ocrx_word' id='word_1_783' title='bbox 1651 2466 1703 2492; x_wconf 83' lang='grc' dir='ltr'>τῶν</span> <span class='ocrx_word' id='word_1_784' title='bbox 1731 2466 1810 2494; x_wconf 85' lang='grc' dir='ltr'>θείων</span> <span class='ocrx_word' id='word_1_785' title='bbox 1841 2467 1909 2495; x_wconf 82' lang='grc' dir='ltr'>ἀνα-</span> 
     </span>
    </p>
   </div>
   <div class='ocr_carea' id='block_1_116' title="bbox 1083 2509 1911 2550">
    <p class='ocr_par' dir='ltr' id='par_1_116' title="bbox 1083 2509 1911 2550">
     <span class='ocr_line' id='line_1_117' title="bbox 1083 2509 1911 2550; baseline 0.002 -12"><span class='ocrx_word' id='word_1_786' title='bbox 1083 2510 1251 2549; x_wconf 78' lang='grc' dir='ltr'>τρεπομένων</span> <span class='ocrx_word' id='word_1_787' title='bbox 1279 2510 1407 2547; x_wconf 79' lang='grc' dir='ltr'>κανόνων,</span> <span class='ocrx_word' id='word_1_788' title='bbox 1437 2510 1505 2546; x_wconf 86' lang='grc' dir='ltr'>ποίῳ</span> <span class='ocrx_word' id='word_1_789' title='bbox 1532 2509 1654 2548; x_wconf 83' lang='grc' dir='ltr'>λογισμῷ</span> <span class='ocrx_word' id='word_1_790' title='bbox 1681 2511 1807 2545; x_wconf 82' lang='grc' dir='ltr'>συνήθεια</span> <span class='ocrx_word' id='word_1_791' title='bbox 1837 2512 1911 2550; x_wconf 83' lang='grc' dir='ltr'>λαμ-</span> 
     </span>
    </p>
   </div>
   <div class='ocr_carea' id='block_1_117' title="bbox 1083 2552 1911 2596">
    <p class='ocr_par' dir='ltr' id='par_1_117' title="bbox 1083 2552 1911 2596">
     <span class='ocr_line' id='line_1_118' title="bbox 1083 2552 1911 2596; baseline 0.001 -14"><span class='ocrx_word' id='word_1_792' title='bbox 1083 2554 1197 2583; x_wconf 77' lang='grc' dir='ltr'>ϐάνουσα</span> <span class='ocrx_word' id='word_1_793' title='bbox 1225 2554 1389 2594; x_wconf 82' lang='grc' dir='ltr'>παρείσδυσιν</span> <span class='ocrx_word' id='word_1_794' title='bbox 1416 2553 1668 2594; x_wconf 79' lang='grc' dir='ltr'>προσδεχθήσεται;</span> <span class='ocrx_word' id='word_1_795' title='bbox 1712 2552 1832 2594; x_wconf 78' lang='grc' dir='ltr'>Ἀκούσῃ</span> <span class='ocrx_word' id='word_1_796' title='bbox 1862 2558 1911 2596; x_wconf 69' lang='grc' dir='ltr'><strong>γὰρ</strong></span> 
     </span>
    </p>
   </div>
   <div class='ocr_carea' id='block_1_118' title="bbox 1084 2598 1924 2638">
    <p class='ocr_par' dir='ltr' id='par_1_118' title="bbox 1084 2598 1924 2638">
     <span class='ocr_line' id='line_1_119' title="bbox 1084 2598 1924 2638; baseline 0.004 -11"><span class='ocrx_word' id='word_1_797' title='bbox 1084 2603 1130 2627; x_wconf 76' lang='grc' dir='ltr'>τοῦ</span> <span class='ocrx_word' id='word_1_798' title='bbox 1146 2600 1228 2637; x_wconf 81' lang='grc' dir='ltr'>νόμου</span> <span class='ocrx_word' id='word_1_799' title='bbox 1243 2599 1366 2638; x_wconf 77' lang='grc' dir='ltr'>λέγοντος</span> <span class='ocrx_word' id='word_1_800' title='bbox 1383 2609 1390 2616; x_wconf 94' lang='grc'><strong><em>“</em></strong></span> <span class='ocrx_word' id='word_1_801' title='bbox 1420 2610 1432 2626; x_wconf 85' lang='grc'><strong>(</strong></span> <span class='ocrx_word' id='word_1_802' title='bbox 1451 2599 1486 2628; x_wconf 76' lang='grc' dir='ltr'><strong>Τὸ</strong></span> <span class='ocrx_word' id='word_1_803' title='bbox 1515 2598 1555 2636; x_wconf 76' lang='grc' dir='ltr'>μὴ</span> <span class='ocrx_word' id='word_1_804' title='bbox 1585 2599 1652 2636; x_wconf 77' lang='grc' dir='ltr'>μετὰ</span> <span class='ocrx_word' id='word_1_805' title='bbox 1666 2598 1795 2638; x_wconf 79' lang='grc' dir='ltr'>λογισμοῦ</span> <span class='ocrx_word' id='word_1_806' title='bbox 1812 2602 1924 2630; x_wconf 59' lang='lat' dir='ltr'><strong>alaeve--</strong></span> 
     </span>
    </p>
   </div>
   <div class='ocr_carea' id='block_1_119' title="bbox 1083 2643 1911 2684">
    <p class='ocr_par' dir='ltr' id='par_1_119' title="bbox 1083 2643 1911 2684">
     <span class='ocr_line' id='line_1_120' title="bbox 1083 2643 1911 2684; baseline 0.004 -13"><span class='ocrx_word' id='word_1_807' title='bbox 1083 2644 1159 2684; x_wconf 77' lang='grc' dir='ltr'>χθὲν,</span> <span class='ocrx_word' id='word_1_808' title='bbox 1189 2643 1258 2672; x_wconf 76' lang='grc' dir='ltr'>ἀλλὰ</span> <span class='ocrx_word' id='word_1_809' title='bbox 1284 2644 1352 2672; x_wconf 86' lang='grc' dir='ltr'>κατὰ</span> <span class='ocrx_word' id='word_1_810' title='bbox 1379 2643 1483 2677; x_wconf 74' lang='grc' dir='ltr'>πλάνην</span> <span class='ocrx_word' id='word_1_811' title='bbox 1516 2643 1561 2670; x_wconf 82' lang='grc' dir='ltr'><strong>καὶ</strong></span> <span class='ocrx_word' id='word_1_812' title='bbox 1586 2644 1722 2678; x_wconf 83' lang='grc' dir='ltr'>συνήθειαν</span> <span class='ocrx_word' id='word_1_813' title='bbox 1757 2649 1911 2684; x_wconf 76' lang='grc' dir='ltr'>κρατῆσαν,</span> 
     </span>
    </p>
   </div>
   <div class='ocr_carea' id='block_1_120' title="bbox 1084 2687 1913 2727">
    <p class='ocr_par' dir='ltr' id='par_1_120' title="bbox 1084 2687 1913 2727">
     <span class='ocr_line' id='line_1_121' title="bbox 1084 2687 1913 2727; baseline 0 -11"><span class='ocrx_word' id='word_1_814' title='bbox 1084 2689 1114 2716; x_wconf 71' lang='grc' dir='ltr'><strong>ού</strong></span> <span class='ocrx_word' id='word_1_815' title='bbox 1141 2687 1183 2717; x_wconf 76' lang='grc' dir='ltr'>δεῖ</span> <span class='ocrx_word' id='word_1_816' title='bbox 1204 2695 1311 2727; x_wconf 77' lang='grc' dir='ltr'>κρατεῖν</span> <span class='ocrx_word' id='word_1_817' title='bbox 1336 2688 1362 2716; x_wconf 81' lang='grc' dir='ltr'>ἐν</span> <span class='ocrx_word' id='word_1_818' title='bbox 1391 2694 1449 2720; x_wconf 75' lang='grc' dir='ltr'>τοῖς</span> <span class='ocrx_word' id='word_1_819' title='bbox 1477 2688 1588 2725; x_wconf 78' lang='grc' dir='ltr'>ὁμοίοις.</span> <span class='ocrx_word' id='word_1_820' title='bbox 1606 2698 1620 2715; x_wconf 68' lang='lat' dir='ltr'><strong>n</strong></span> <span class='ocrx_word' id='word_1_821' title='bbox 1645 2689 1698 2717; x_wconf 76' lang='grc' dir='ltr'>Οὐκ</span> <span class='ocrx_word' id='word_1_822' title='bbox 1718 2687 1872 2727; x_wconf 78' lang='grc' dir='ltr'>ἀγνοοῦμεν</span> <span class='ocrx_word' id='word_1_823' title='bbox 1887 2691 1913 2719; x_wconf 77' lang='grc' dir='ltr'>δὲ</span> 
     </span>
    </p>
   </div>
   <div class='ocr_carea' id='block_1_121' title="bbox 1083 2731 1914 2773">
    <p class='ocr_par' dir='ltr' id='par_1_121' title="bbox 1083 2731 1914 2773">
     <span class='ocr_line' id='line_1_122' title="bbox 1083 2731 1914 2773; baseline 0.002 -12"><span class='ocrx_word' id='word_1_824' title='bbox 1083 2735 1127 2762; x_wconf 82' lang='grc' dir='ltr'><strong>καὶ</strong></span> <span class='ocrx_word' id='word_1_825' title='bbox 1162 2733 1194 2761; x_wconf 81' lang='grc' dir='ltr'><strong>τὰ</strong></span> <span class='ocrx_word' id='word_1_826' title='bbox 1233 2731 1294 2772; x_wconf 81' lang='grc' dir='ltr'>παρ’</span> <span class='ocrx_word' id='word_1_827' title='bbox 1338 2732 1411 2761; x_wconf 83' lang='grc' dir='ltr'>ἐνίων</span> <span class='ocrx_word' id='word_1_828' title='bbox 1451 2732 1649 2772; x_wconf 67' lang='grc' dir='ltr'>προσφερόμενα</span> <span class='ocrx_word' id='word_1_829' title='bbox 1683 2733 1764 2773; x_wconf 80' lang='grc' dir='ltr'>πικρὰ</span> <span class='ocrx_word' id='word_1_830' title='bbox 1801 2734 1914 2772; x_wconf 73' lang='grc' dir='ltr'>ῥήματα</span> 
     </span>
    </p>
   </div>
   <div class='ocr_carea' id='block_1_122' title="bbox 1084 2776 1916 2820">
    <p class='ocr_par' dir='ltr' id='par_1_122' title="bbox 1084 2776 1916 2820">
     <span class='ocr_line' id='line_1_123' title="bbox 1084 2776 1916 2820; baseline 0.002 -14"><span class='ocrx_word' id='word_1_831' title='bbox 1084 2779 1116 2806; x_wconf 84' lang='grc' dir='ltr'><strong>τὰ</strong></span> <span class='ocrx_word' id='word_1_832' title='bbox 1143 2777 1320 2814; x_wconf 77' lang='grc' dir='ltr'>σπουδάζοντα</span> <span class='ocrx_word' id='word_1_833' title='bbox 1349 2777 1447 2818; x_wconf 80' lang='grc' dir='ltr'>δωρεὰν</span> <span class='ocrx_word' id='word_1_834' title='bbox 1472 2776 1655 2806; x_wconf 83' lang='grc' dir='ltr'>ἀποδεικνύειν</span> <span class='ocrx_word' id='word_1_835' title='bbox 1681 2777 1840 2820; x_wconf 69' lang='grc' dir='ltr'>βασιλικὴν,</span> <span class='ocrx_word' id='word_1_836' title='bbox 1866 2780 1916 2814; x_wconf 74' lang='grc' dir='ltr'><strong>τὴν</strong></span> 
     </span>
    </p>
   </div>
  </div>
