1942 3081
57 145 124 177 881

61 217 120 242 τῶν
143 212 310 248 Ἐκκλησίὼν
340 214 499 244 ἐπανᾶϐασιν
517 224 524 231 '

59 259 165 292 ταύτην
194 259 394 298 ἀνατρέπεσθαι,
428 259 508 299 λόγου
536 261 705 301 ἀχαριστείας
727 261 765 298 μὴ
787 271 893 298 παρεμ-

59 303 221 336 πίπτοντος.
260 305 289 332 Εί
325 305 374 343 γὰρ
409 305 548 345 ἀνθρώπῳ,
585 307 659 346 φησὶ,
690 305 851 344 δωρούμενος
880 306 894 332 ὁ

60 347 201 385 βασιλεὺς,
218 350 265 378 οὒκ
280 347 367 380 ἄλλως
390 349 567 387 ἀναλαμϐάνει
594 351 644 383 τὴν
672 349 781 389 δωρεὰν,
804 350 825 377 εἱ
855 349 892 386 μὴ

59 392 224 432 ἀχαριστίας
267 393 430 432 παρεμπέσοι
469 393 562 434 λόγος,
591 394 684 430 πολλιμ
713 393 814 431 μᾶλλον
850 393 892 421 ἐπὶ

59 440 118 465 τῶν
155 438 236 476 ἁγίων
272 436 450 478 Ἐκκλησιῶν,
480 439 519 478 ἐφ’
549 439 586 467 ὢν
607 439 764 479 ἀχαριστίαν
792 438 889 477 λέγειν,

61 483 114 510 οὒκ
139 481 257 521 εὔλογον.
282 485 388 521 Πρῶτον
414 483 462 520 μὲν
483 483 543 523 «γὰρ
571 484 636 521 πρὸς
658 484 704 516 τὰς
731 482 834 522 πόλεις,
864 482 894 510 οὗ

61 526 132 564 πρὸς
154 527 200 558 τὰς
230 525 373 560 ἐκκλησίας
403 527 420 560 ἡ
448 527 575 565 βασιλικὴ
601 527 695 567 δωρεά.
735 528 763 555 Εἰ
792 526 819 554 ὀὲ
849 527 893 554 καὶ

59 570 122 603 θείη
138 582 180 602 τις
200 574 276 600 τοῦτο
302 571 458 608 βιαζόμενος
479 571 576 612 δωρεὰν
607 573 689 609 εἶναι,
720 571 809 600 ἄδικον
844 573 894 600 αὖ·

60 615 113 648 τὴν
129 616 243 654 εὑρήσει,
261 615 305 644 καὶ
319 615 394 652 νόμοι
406 615 594 656 ἀπρόσδεκτον,
609 619 685 645 Οὗτοι
699 617 748 656 γὰρ
763 615 892 646 κωλύουσι

60 660 109 687 καὶ
123 660 170 691 τὰς
188 659 290 691 ἀδίκους
307 660 435 700 αἰτήσεις,
459 661 503 689 καὶ
531 661 578 694 τὰς
600 662 756 701 προχείρους
785 661 892 699 εὐεργε-

61 704 136 740 σίας,
153 705 190 737 εἰς
216 703 305 732 ἄλλων
327 703 427 742 βλάϐην
457 705 624 745 αἰτουμένας,
655 706 818 745 χαρίζεσθαι.
846 704 894 732 Καὶ

62 747 115 784 ἔτι,
132 749 180 777 οὔκ
207 747 353 788 ὀφείλουσιν
378 749 476 789 ἑτέροις
499 757 567 778 ε’ναι
589 751 724 788 ἐπιζήμιοι
747 748 893 788 αἶ’ὲτέρων

61 793 153 830 τιμαί,

741 149 967 181 GR/ECO-ROM
970 151 1022 181 AN
1026 151 1079 182 ΗΜ
1086 173 1092 180 .

553 218 596 245 καὶ
618 217 656 254 μὴ
685 216 741 244 δεῖν
762 216 876 255 φάσκοντ

975 224 1040 255 sque
1055 225 1123 246 vero
1138 217 1307 256 ignoramus
1321 219 1427 250 acerba
1449 219 1549 250 isthaac
1573 219 1673 256 verba,
1691 228 1756 260 quas

1701 154 1760 186 889

936 268 952 288 a
982 260 1133 291 nonnullis
1161 262 1351 301 proferuntur
1379 263 1486 303 quibus
1512 263 1636 304 probare
1652 263 1756 294 nitun-

935 307 994 341 tur,
1009 304 1202 335 ecclesiarum
1227 307 1262 336 ad
1284 307 1389 338 altiora
1405 308 1634 348 provectionem,
1653 318 1760 339 munus

935 356 1000 378 esse
1015 348 1260 388 imperatorium;
1288 352 1365 392 quod
1391 352 1623 384 rescindendum
1639 358 1758 391 negant,

934 391 1048 423 ratione
1074 393 1271 432 ingratudinis
1298 391 1359 426 non
1385 396 1611 427 interveniente.
1632 395 1706 427 Nam
1735 396 1759 428 si

934 436 1047 466 homini
1064 437 1192 477 largiens
1207 439 1318 480 aliquid
1335 441 1505 480 imperator.
1524 440 1673 479 inquiunt,
1700 450 1759 472 non

935 480 1021 511 aliter
1032 481 1211 514 beneﬁcium
1228 493 1312 515 suum
1330 491 1461 521 revocat,
1489 484 1546 515 nisi
1561 485 1754 523 causaingra~

936 525 1071 556 titudinis
1092 526 1243 566 inciderit,
1271 529 1365 559 multo
1391 528 1485 568 magis
1507 529 1537 559 id
1553 528 1650 559 locum
1672 528 1761 560 habet

934 569 964 599 in
986 570 1078 601 sacris
1091 573 1201 603 sanctis
1217 573 1363 613 ecclesiis,
1390 582 1463 614 quas
1478 573 1696 613 ingratitudinis
1710 574 1758 604 in-

934 614 1074 645 simulare
1091 616 1177 653 vellc,
1203 617 1364 648 absurdum
1382 618 1482 649 fuerit.
1495 618 1613 650 Atenim
1630 617 1758 658 primum

936 669 993 689 non
1007 659 1042 690 ad
1061 660 1213 698 ecclesias,
1244 662 1296 693 sed
1311 662 1348 693 ad
1375 662 1508 693 civitates
1523 663 1579 693 hoc
1595 663 1759 703 imperato-

935 703 1012 733 rium
1043 703 1221 736 beneﬁcium
1248 711 1374 746 spectat.
1391 706 1474 743 Quod
1505 707 1530 737 si
1546 707 1672 738 maxime
1695 707 1761 748 quis

936 751 1094 788 ponat,per
1108 749 1164 779 vim
1182 755 1372 790 extorquens,
1400 760 1466 781 esse
1481 750 1684 781 donationem.
1699 750 1759 782 Re-

935 791 1030 836 periet
1054 793 1206 833 injustam,
1224 799 1252 825 et
1265 795 1380 834 legibus
1405 797 1536 826 vetitam.
1549 795 1664 836 Quippe
1679 796 1760 836 leges

64 837 229 877 prohibent
244 837 369 878 injustas
385 847 500 878 preces,
516 847 550 869 ac
573 838 674 869 faciles
697 837 883 873 donationes,
902 835 932 866 in
958 835 1082 867 aliorum
1100 839 1204 879 petitas
1220 839 1442 880 detrimentum,
1459 840 1596 871 concedi.
1615 835 1761 876 Praeterea

63 890 129 911 non
146 881 258 913 debent
271 883 397 915 aliorum
414 883 542 914 honores
557 882 623 913 aliis
639 891 705 913 esse
718 880 865 913 damnosi.

103 926 158 960 Τῆς
186 928 332 960 ὑποθέσεως
368 928 412 956 οὖν
442 927 525 960 οὕτως
561 927 693 965 ἐπιμελῶς
720 928 878 963 ζητηθείσης

975 924 1159 967 Quapropter
1189 929 1243 960 hac
1269 939 1358 960 causa
1382 933 1441 960 tam
1470 929 1629 967 diligenter
1643 931 1757 961 exami-

62 971 156 1010 χρεὼν
177 972 296 1012 πάντως,
317 973 437 1001 θεσπέσιε
458 972 577 1011 βασιλεῦ,
601 973 650 1006 τὴν
666 971 803 1010 ἀλόγιστον
826 970 890 998 ταύ-

60 1026 113 1048 την
139 1017 182 1044 καὶ
204 1016 293 1046 ἄδικον
321 1016 413 1057 πρᾶξιν
434 1017 500 1048 τέως
522 1018 558 1049 εἰς
578 1017 627 1050 τὴν
656 1017 718 1049 ἑξῆς
745 1016 889 1052 ἀνακόψαι.

59 1059 140 1087 Θείων
161 1062 346 1098 Θεσπισματων
369 1061 541 1099 ἐκτιθεμένων
570 1061 640 1100 παρὰ
669 1062 717 1093 τῆς
749 1063 797 1093 σῆς
819 1061 890 1096 ἡμε-

61 1104 189 1142 ρότητος,
206 1106 320 1144 γίνεσθαι
345 1107 442 1140 ταύτην
472 1106 611 1135 τουλοιποῦ
642 1104 797 1134 κωλυόντων
825 1106 890 1132 καθ-

61 1148 134 1181 άπαξ
151 1158 159 1166 ·
180 1153 233 1178 τῶν
247 1151 477 1190 προηγησαμὲνων
491 1150 518 1178 δὲ
541 1151 724 1190 προσήκουσαν
752 1150 795 1177 καὶ
821 1159 888 1176 κατ-

61 1192 184 1226 άλληλον
226 1198 259 1233 τῇ
294 1194 507 1234 μεγαλεπηϐόλῳ
542 1195 644 1225 συνέσει
678 1205 735 1231 σου,
780 1195 887 1226 ποιῆσαι

61 1238 225 1276 οἰκονομίαν.
265 1241 314 1268 Καὶ
341 1239 400 1268 ὅσαι
434 1243 486 1268 τῶν
513 1239 661 1273 ἐκκλησιῶν
690 1239 716 1271 ἐξ
743 1239 886 1266 Emolum-

60 1285 115 1310 κῶν
139 1281 244 1311 δικαίων
267 1285 303 1316 εἰς
331 1285 467 1324 ὑπεροχὴν
496 1283 686 1323 μητροπόλεων
713 1283 884 1322 ἀναγοεῖσαι,

59 1326 229 1366 ὕπερήλασαν
254 1328 404 1361 ἀδιακόπως
432 1330 474 1356 καὶ
505 1329 554 1362 τὴν
582 1327 691 1368 χρονίαν
717 1326 891 1366 παραγραφὴν

60 1373 109 1404 τῆς
147 1372 418 1413 τριακονταετηρίδος,
462 1373 611 1410 μενέτωσαν
655 1372 697 1400 ἐπὶ
736 1371 888 1410 σχήματος,

60 1418 105 1445 καὶ
128 1421 163 1456 τῇ
186 1419 247 1457 ἁγίᾳ
274 1420 320 1448 καὶ
348 1419 453 1458 μεγάλῃ
482 1424 528 1449 τοῦ
549 1422 614 1447 Θεοῦ
638 1417 784 1453 Ἐκκλησία
805 1417 890 1444 ἔστω-

61 1473 109 1490 σιν
133 1463 314 1501 ὑποκείμεναι.
345 1463 454 1497 Ἐπειδή
476 1465 519 1491 καὶ
545 1467 621 1491 τοῦτο
650 1463 792 1502 προνόμιον
827 1461 888 1489 ἐπι-

61 1508 204 1546 σκοπικὸν,
228 1509 271 1536 καὶ
305 1508 413 1541 κανόνες
441 1509 503 1536 εἰσὶν
524 1507 720 1547 ἐπιτρέποντες,
754 1505 889 1540 δεσπόζειν

933 973 1010 1006 nata,
1028 976 1144 1010 oportet
1175 973 1308 1011 omnino,
1327 974 1425 1004 divine
1454 974 1626 1014 imperator,
1644 983 1757 1005 morem

932 1013 1092 1046 absurdum
1110 1023 1137 1046 et
1153 1018 1180 1047 in
1182 1018 1294 1057 justum
1303 1019 1408 1049 saltem
1420 1019 1449 1049 in
1463 1013 1612 1058 posterum
1624 1017 1756 1060 abolere,

932 1067 1030 1089 sacras
1057 1062 1283 1092 mansuetudine
1298 1066 1346 1093 tua
1369 1063 1539 1094 sanctiones
1560 1067 1756 1104 proponente,

931 1103 1038 1143 quibus
1055 1106 1186 1136 edicatur
1201 1106 1230 1137 in
1249 1107 1431 1139 universum.
1450 1117 1487 1138 ne
1502 1107 1643 1146 deinceps
1657 1103 1756 1139 locum

932 1148 1036 1179 habeat
1055 1158 1062 1180 :
1080 1159 1113 1180 ac
1128 1150 1165 1181 de
1179 1151 1226 1188 iis,
1244 1161 1308 1191 quae
1332 1156 1400 1182 ante
1416 1153 1477 1183 hmo
1492 1151 1688 1190 contigerunt,
1703 1161 1756 1192 pro

931 1201 984 1222 sua
999 1194 1141 1233 singulari
1168 1199 1196 1225 et
1225 1196 1346 1226 heroica
1367 1196 1535 1236 prudentia,
1567 1195 1754 1235 disponente.

930 1236 1081 1284 Quotquor
1095 1238 1183 1284 etiam
1201 1240 1334 1270 ecclesia
1345 1240 1395 1279 jus
1415 1241 1584 1282 episcopale
1602 1245 1684 1284 prius
1699 1241 1756 1272 ha-

929 1280 1044 1318 bentes,
1060 1287 1090 1313 et
1104 1283 1139 1314 ad
1154 1284 1345 1315 eminentiam
1362 1280 1611 1325 metropoliticarn
1634 1291 1754 1323 evectae,

934 1325 1093 1357 citrainter
1102 1328 1298 1359 turbationem
1310 1329 1398 1360 ullam
1415 1331 1585 1369 praeteriere
1596 1331 1756 1363 terminum

933 1370 1026 1409 longae
1042 1372 1274 1412 przescriptionis
1285 1382 1430 1404 annorum
1447 1374 1566 1414 triginta
1582 1376 1632 1407 :in
1649 1376 1755 1408 eadem

931 1415 1103 1461 gonditione
1131 1421 1280 1454 maneant,
1309 1421 1338 1448 et
1365 1422 1473 1449 sancta:
1499 1428 1674 1461 magnaque
1703 1420 1758 1452 Dei

930 1457 1071 1504 Ecclesia
1099 1461 1225 1492 subditae
1240 1461 1311 1492 sint.
1328 1457 1572 1504 Quandoquidem
1598 1457 1653 1496 hoc
1669 1464 1757 1496 etiam

931 1503 1098 1544 episcopale
1126 1506 1312 1545 privilegium
1343 1511 1398 1545 est,
1414 1511 1443 1538 et
1464 1503 1586 1540 exstant
1613 1519 1755 1547 canones,

61 1551 227 1580 ὲππίσκοπον
257 1553 400 1592 προνοξιίου
434 1552 523 1592 ἐτέρας
554 1551 713 1585 Ἐκκλησίας
742 1550 784 1578 διὰ
807 1561 877 1592 παρα

975 1548 980 1578 i
1009 1549 1192 1588 permittunt,
1232 1556 1264 1581 ut
1290 1551 1447 1592 episcopus
1474 1553 1595 1584 alterius
1623 1554 1759 1585 eaclesiaa

62 1595 163 1633 δρομῆς
184 1600 237 1624 τῶν
259 1590 405 1636 εἰρημένων
418 1596 557 1626 ἐνιαυτῶν.
587 1598 657 1630 Φησὶ
685 1597 734 1635 γὰρ
753 1597 767 1623 ὁ
782 1590 816 1630 ιζ’
837 1606 888 1622 κίκ-

63 1641 116 1668 νὼν
146 1643 195 1673 τῆς
220 1643 248 1669 ἓν
277 1641 426 1674 Χαλκηδόνι
462 1641 579 1678 συνόδου,
610 1641 659 1674 τὴς
688 1639 746 1668 καθ’
775 1640 888 1672 ἑκάστην

63 1684 207 1718 ἐκκλησίαν
237 1685 388 1725 ἀγροικικας
422 1685 571 1725 παροικίας,
600 1686 618 1719 ἢ
645 1685 802 1724 ἐγιωρίους,
838 1683 889 1721 μέ-

66 1739 118 1756 νειν
162 1729 388 1768 ἆπαροσαλεύτους
433 1731 504 1769 παρὰ
545 1736 604 1761 τοῖς
646 1729 804 1768 κατέχουσιν
846 1727 890 1756 αὗ-

63 1774 110 1804 τὰς
142 1773 307 1811 ἐπισκόποις,
331 1776 374 1803 κκὶ
403 1774 527 1812 μάλιστα,
551 1775 573 1802 εἰ
601 1777 788 1813 τριακονταετῆ
825 1774 890 1813 χρο-

64 1829 106 1850 νος
132 1819 225 1850 ταόνας
254 1817 384 1850 ἀϐιάστως
421 1818 621 1858 διακατέχοντες
649 1818 838 1855 ὠκονόμησαν,
861 1821 891 1847 Εἰ

63 1861 89 1889 δὲ
114 1863 189 1894 ἐντὸς
204 1863 256 1891 τῶν
276 1863 415 1902 τριάκοντα
443 1863 567 1892 ἐνιαυτῶν
594 1863 705 1901 γένηταί
730 1873 770 1894 τις
800 1863 816 1896 ἣ
840 1862 890 1901 γέ-

65 1918 138 1935 νοιτο
157 1908 215 1946 περὶ
232 1909 316 1936 αὐτῶν
342 1907 553 1947 ἀμφισϐήτησις,
584 1907 679 1940 ἐξεῖναι
707 1913 763 1939 τοῖς
794 1906 890 1946 λέγου-

65 1962 104 1979 σιν
133 1951 282 1992 ἠδικῆσθαι,
305 1953 363 1991 περὶ
392 1953 489 1980 τούτων
518 1959 602 1980 κινεῖν
633 1952 703 1991 παρᾶ
731 1955 764 1989 τῇ
793 1950 891 1987 συνόδῳ

65 1999 113 2029 τῆς
151 1996 294 2036 ἐπαρχίας.
333 1994 361 2024 Ὦ
391 2008 440 2024 τινι
472 1997 532 2032 Θείιρ
560 1996 650 2024 κανόνι
686 1997 731 2024 καὶ
759 1997 776 2029 ἡ
802 1996 828 2023 ἐν
854 1999 892 2032 τῷ

66 2040 190 2080 Τρούλλῳ
211 2046 257 2070 τοῦ
277 2040 404 2069 παλατίου
429 2044 543 2069 συστᾶσα
565 2041 625 2078 ἁγία
647 2039 751 2073 σύνοδος
779 2039 820 2068 διὰ
847 2044 893 2068 τοῦ

67 2081 109 2113 κε’
137 2086 247 2117 κανόνος
281 2085 490 2118 ἐπηκολούθησε.
514 2086 566 2116 Τὰς
588 2084 615 2112 δὲ
637 2086 712 2112 τοῦτο
751 2085 890 2120 παθούσας,

67 2129 137 2166 μηδὲ
179 2130 270 2169 χρόνῳ
303 2130 493 2170 βοηθουμένας,
529 2129 732 2169 ἐπαναστρέφειν
773 2129 891 2169 ἀναμφι-

67 2173 165 2206 λέκτως
188 2175 224 2207 εἷς
242 2175 274 2202 τα
305 2175 358 2202 τῶν
386 2175 488 2203 οἰκείων
511 2173 701 2214 μητροπόλεων
722 2173 819 2204 δίκαια,
848 2174 890 2207 Μὴ

67 2219 218 2259 ταραττέτω
254 2219 281 2247 δὲ
316 2218 366 2253 τὴν
409 2219 535 2258 κραταιὰν
569 2220 613 2247 καὶ
654 2219 729 2257 ἁγίαν
757 2217 890 2256 βασιλείαν

68 2275 124 2299 σου,
141 2265 171 2292 τὸ
186 2264 253 2292 κατὰ
273 2263 416 2303 φαντασίαν
430 2264 656 2303 παρεισαγόμενον
672 2263 781 2300 ἄτοπον,
817 2263 860 2290 καὶ
874 2263 892 2296 ἡ

68 2307 180 2336 δοκοῦσα
201 2309 384 2347 προσγίνεσῧαι
413 2314 473 2338 ταῖς
503 2307 656 2341 ἐκκλησίαις
684 2306 768 2346 ὕϐρις,
793 2307 892 2344 ἀτιμα-

69 2353 190 2390 ζομέναις
220 2353 309 2391 ὥσπερ
338 2355 376 2389 τῷ
403 2352 565 2392 ὑφαιρεῖσθαι
598 2356 644 2380 τοῦ
673 2350 894 2390 μητροπολιτικοῦ

70 2396 228 2435 ἀξιώματος.

109 2488 164 2516 Οὔκ
205 2485 259 2514 ἔστι
301 2486 350 2525 γὰρ
392 2489 469 2514 τοῦτο
521 2483 604 2523 ὕϐρις,
660 2485 690 2512 τὸ
730 2485 893 2524 ὑφαιρεῖσθαι

73 2529 201 2567 ἐνθέσμως
225 2539 232 2548 ’
256 2530 404 2559 τούναντίον
433 2529 460 2558 δὲ
490 2529 590 2568 μᾶλλον
612 2530 642 2557 τὸ
670 2528 769 2569 ἕτερον,
798 2530 829 2556 τὸ
844 2528 891 2556 ἐκ·

73 2574 158 2614 φύλως
180 2576 224 2603 καὶ
246 2574 379 2612 ὲκθέσμως
413 2575 563 2614 γινόμενον.
602 2573 700 2613 Εὒρὲθη
733 2574 782 2612 γάρ
804 2584 828 2600 τι
850 2573 893 2601 καὶ

73 2624 188 2649 τοιοῦτον
217 2619 360 2658 γενόμενον
398 2619 479 2659 κρίσει
516 2617 649 2658 σονοδικῃ,
689 2619 732 2646 καὶ
768 2617 894 2659 ³επικρίσει

75 2663 197 2702 βασιλικῇ
212 2663 337 2703 κυρωθὲν,
360 2666 414 2697 Τῆς
436 2664 485 2702 γὰρ
515 2660 662 2696 ἐπισκοπῆς
687 2666 733 2690 τοῦ
770 2658 894 2698 Ῥοιζαίου

76 2708 122 2736 ὑπὸ
149 2709 195 2736 τὸν
232 2707 390 2748 Καισαρείας
430 2707 568 2748 τελούσης,
610 2708 654 2735 καὶ
685 2706 896 2746 ἆρχιεπισκοπῆς

75 2753 216 2791 γενομένης
245 2753 318 2792 παρὰ
345 2755 479 2792 Γερμανού
501 2753 546 2780 τοῦ
568 2751 736 2790 ὁμολογητοῦ
765 2752 809 2779 καὶ
842 2763 898 2779 πα-

79 2798 214 2838 τριάρχου²
238 2798 282 2826 καὶ
305 2800 350 2826 τοῦ
370 2796 413 2826 ἐπ’
443 2797 540 2826 ἐκείνου
568 2796 762 2835 βασιλεύοντος,
792 2796 899 2837 χρόνοις

932 1594 1150 1632 praerogativam
1177 1595 1323 1626 dictorum
1356 1606 1501 1627 annorum
1543 1598 1670 1629 decursu
1699 1598 1758 1629 sibi

931 1636 1071 1682 vindicet.
1092 1638 1190 1679 Inquit
1219 1641 1297 1670 enim
1315 1650 1408 1671 canon
1434 1650 1492 1674 xvii
1509 1643 1613 1682 synodi
1628 1643 1754 1674 Chalce-

932 1681 1200 1719 donensis,rurales
1209 1685 1253 1715 vel
1270 1685 1467 1724 provinciales
1489 1681 1633 1726 parmcias
1651 1687 1754 1727 singu-

932 1725 1024 1756 larum
1042 1728 1234 1759 ecclesiarum
1262 1730 1454 1761 inconcussas
1469 1725 1500 1762 in
1517 1740 1621 1762 eorum
1638 1725 1755 1772 episco-

933 1780 1037 1810 porum
1056 1776 1231 1811 potestatem
1250 1783 1382 1811 manere,
1394 1775 1506 1814 quieas
1519 1776 1706 1816 possideant:
1723 1786 1758 1808 ac

934 1817 1137 1854 pra:sertim,si
1154 1827 1204 1848 eas
1228 1827 1373 1849 annorum
1402 1819 1523 1857 triginta
1539 1821 1648 1860 spatio,
1676 1821 1758 1852 nulla

933 1860 1151 1892 interveniente
1179 1863 1217 1899 vi,
1236 1863 1431 1902 possidentes.
1449 1865 1698 1896 administrarint.
1724 1866 1757 1896 Si

932 1910 1001 1931 vero
1018 1902 1093 1932 intra
1107 1902 1174 1932 illos
1189 1913 1283 1933 annos
1299 1903 1337 1933 30
1357 1904 1401 1934 vel
1416 1904 1565 1943 inciderit,
1584 1906 1628 1937 vel
1644 1906 1758 1937 incidat

933 1945 1028 1985 aliqua
1046 1947 1083 1976 de
1093 1946 1136 1976 eis
1151 1946 1294 1977 dubitatio
1310 1958 1317 1984 ;
1329 1947 1419 1979 licere
1429 1948 1645 1987 dicentibus,se
1655 1959 1757 1991 passos

933 1989 1084 2029 injuriam,
1103 1996 1132 2022 ut
1148 1992 1184 2022 (lc
1216 1992 1262 2022 his
1291 1993 1368 2032 apud
1384 1993 1530 2032 synodum
1545 1989 1757 2033 provincialem

934 2038 1029 2073 agant.
1047 2034 1139 2070 Quem
1157 2045 1273 2066 sacrum
1291 2046 1433 2067 canonem
1459 2042 1558 2068 sancta
1573 2048 1691 2079 quoque
1706 2049 1757 2080 sy-

935 2078 1029 2109 nodus
1054 2079 1084 2109 in
1113 2079 1214 2110 Trullo
1241 2080 1340 2120 palatii
1368 2081 1479 2118 habita,
1497 2091 1612 2113 canonu
1636 2078 1698 2115 ixv
1713 2078 1758 2114 est

934 2127 1045 2153 secuta.
1064 2124 1177 2160 Quibus
1204 2130 1302 2155 autem
1333 2126 1388 2156 hoc
1415 2126 1580 2165 contigerit.
1600 2127 1625 2158 si
1638 2132 1757 2168 tempo-

933 2167 974 2197 ris
986 2168 1199 2199 adminiculum
1227 2170 1339 2200 nullum
1372 2170 1516 2207 habeant;
1542 2172 1615 2202 citra
1637 2167 1757 2203 contra~

934 2213 1093 2243 dictionem
1110 2214 1145 2244 ad
1167 2223 1286 2244 suarum
1313 2215 1519 2254 metropolium
1540 2216 1608 2255 jura
1621 2217 1756 2248 redeant.

934 2256 1034 2297 Neque
1050 2267 1117 2287 vero
1135 2262 1344 2298 przepotentem
1361 2266 1554 2299 sanctamque
1574 2261 1758 2299 maiestatem

936 2306 1014 2332 tuam
1031 2311 1066 2332 ea
1081 2302 1178 2332 turbet
1193 2302 1442 2343 absurditas,quai
1457 2304 1558 2342 specie
1578 2309 1664 2336 tenus
1679 2315 1758 2346 pra":-

937 2346 1076 2383 tenditur,
1087 2356 1149 2384 nec
1177 2347 1368 2383 contumelia,
1395 2357 1459 2388 quae
1475 2348 1592 2379 videtur
1618 2349 1758 2381 Ecclesiis

934 2390 1073 2429 irrogari;
1091 2401 1157 2422 cum
1171 2392 1290 2422 infamia
1302 2392 1385 2432 quasi
1398 2393 1667 2433 notarivideantur,
1686 2394 1757 2426 dum

935 2435 1127 2475 melropolica
1140 2435 1266 2475 dignitas
1282 2436 1310 2467 ei
1325 2436 1475 2468 adimitur.

975 2480 1040 2511 Non
1055 2479 1133 2510 enim
1151 2480 1291 2520 probrum
1306 2485 1351 2512 est
1366 2481 1495 2520 legitime
1510 2482 1663 2523 quidpiam
1674 2483 1759 2514 amit-

936 2528 996 2554 tere
1015 2533 1021 2554 :
1040 2524 1091 2555 sed
1108 2534 1124 2555 e
1140 2526 1287 2556 contrario
1315 2526 1413 2565 potius
1438 2526 1511 2556 illud
1526 2527 1662 2565 alterum,
1679 2528 1758 2569 quod

935 2577 1017 2598 more
1034 2574 1151 2609 novo,et
1169 2574 1274 2609 prazter
1287 2569 1366 2608 leges
1382 2571 1586 2603 committitur.
1600 2572 1636 2603 Et
1647 2572 1759 2613 depre-

936 2613 1060 2644 hensum
1073 2620 1118 2643 est
1133 2613 1244 2654 aliquid
1263 2614 1319 2644 tale
1334 2614 1441 2645 factum
1458 2615 1496 2647 de
1511 2617 1658 2648 sententia
1667 2626 1758 2657 syno-

937 2657 994 2688 dali
1012 2664 1042 2688 et
1067 2658 1255 2698 imperatorio
1281 2659 1402 2690 decreto
1432 2661 1665 2692 corroboratum.
1681 2663 1757 2693 Nam

939 2713 1005 2733 cum
1030 2704 1214 2744 episcopatus
1242 2704 1369 2736 Rhoezaei
1394 2705 1448 2736 sub
1465 2705 1606 2738 Caesareae
1618 2707 1759 2747 pcntiﬁce

941 2748 982 2788 ﬁt,
999 2752 1028 2778 et
1037 2748 1311 2789 archiepiscopatus
1320 2749 1423 2781 fuisset
1439 2759 1455 2780 a
1465 2750 1624 2788 Germano,
1638 2751 1758 2783 confes-

941 2801 1008 2824 sore
1023 2801 1056 2823 ac
1067 2792 1254 2833 patriarcha;
1276 2793 1390 2834 subque
1405 2794 1539 2836 principe
1553 2795 1605 2836 qui
1619 2795 1759 2828 Germani
