1942 3081
209 140 269 174 883

888 147 954 178 IUS
974 146 1208 180 CANONICUM.

1841 143 1893 176 884

207 215 341 256 tempore
355 209 607 256 prai'uitiimperio
625 222 630 240 :
646 211 781 243 ducentis
791 216 858 252 post
868 213 965 253 annis,
977 212 1031 244 sub

1115 215 1214 248 κοσίοις
1248 215 1366 256 ὕστερον,
1407 215 1450 244 ἐπὶ
1480 214 1663 255 Θεοφυλάκτου
1696 217 1743 242 τοῦ
1780 211 1893 250 ἀοιδίμου

207 253 319 284 celebri
346 254 512 294 patriarcha
538 255 769 296 Theophylacto,
799 257 886 296 jussu
908 257 1034 288 Romani

209 298 337 329 senioris
351 299 552 339 imperatoris,
571 309 674 339 preces
696 301 841 332 offerente
865 301 1033 342 Nicephoro

209 342 349 382 quodam,
366 348 485 384 pastore
501 344 636 385 principe
661 344 906 386 Neocaesariensi,
924 347 1033 377 consti-

209 391 304 418 tutum
333 392 379 418 est
405 388 533 420 tribunal
561 390 680 420 mistum
709 400 743 421 ex
777 391 976 430 pontiﬁcibus,
1004 395 1033 421 et

209 431 305 476 doctis
318 432 390 463 viris
418 433 587 472 senatoriis,
616 434 720 465 eodem
750 436 927 475 patriarcha,
944 445 1031 476 quem

208 475 347 513 diximus,
379 477 565 517 praesidente.
593 478 656 514 Quo
681 479 710 509 iu
733 479 846 519 judicio
868 480 1031 511 secundum

209 521 467 561 metropolitanum
485 526 529 553 est
549 524 782 563 pronuntiatum.
798 524 860 555 Hoc
877 524 1031 555 manifesto

209 570 292 605 paret
316 574 351 596 ex
366 565 484 597 illorum
514 567 734 604 snbnotatione,
751 569 801 609 qui
827 569 865 599 de
879 577 967 601 causa
979 578 1032 599 co-

208 614 394 649 gnoverunt;
419 611 515 651 deque
536 617 729 644 monumento
757 613 828 644 dicti
845 613 1030 654 patriarchae,

207 657 236 684 et
265 663 355 685 aurea
383 655 464 686 bulla
489 656 716 696 imperatorum,
742 659 881 695 Romani,
903 657 1032 689 Christo-

209 697 305 738 phori,
321 700 735 741 etConstantiniobsignante
752 702 895 741 judicata.
906 701 965 733 Nec
980 701 1032 733 abs

207 751 241 773 re
255 743 376 782 quidem
393 743 522 784 benigne
542 745 716 785 imperator.
734 745 808 777 Nam
823 746 902 786 quod
921 746 1031 777 factum

208 789 255 818 est
270 787 570 828 male,corrigendum
580 794 625 820 est
635 790 722 821 bene.
741 790 790 821 Sic
806 790 944 830 equidem
960 799 1031 820 sen-

209 831 260 863 tio.
278 831 327 862 Sic
336 833 506 872 pronuntio,
523 833 668 864 doctrinis
678 844 695 865 a
706 835 868 874 majoribus
879 834 961 875 quasi
979 843 1032 874 per

1075 259 1252 299 πατριάρχου,
1275 260 1390 288 κελεύσει
1425 259 1555 298 βασιλέως
1585 255 1720 297 Ῥωμανοῦ
1749 261 1799 286 τοῦ
1833 266 1895 295 πρε-

1074 302 1208 343 σϐυτερου,
1231 304 1257 337 ἐξ
1285 306 1414 340 αἰτήσεως
1449 305 1600 344 Νικηφόρου
1635 304 1717 340 τινὸς,
1749 301 1895 339 ποιμενάρ-

1074 359 1126 388 χου
1159 350 1361 389 Νεοκαισαρείας
1402 350 1593 389 τυγχάνοντος,
1637 347 1807 384 δικαστήριον
1849 345 1895 374 ἂν·

1074 393 1137 426 ἐστη
1153 393 1294 432 συμμιγὲς,
1311 394 1340 422 ἔκ
1355 405 1383 422 τε
1408 394 1566 434 ἀρχιερέων,
1589 394 1631 422 καὶ
1652 392 1804 432 ἐλλογίμων
1833 402 1894 428 συγ-

1073 437 1216 476 χλητινῶν,
1246 439 1446 478 προκαθημένου
1483 439 1526 467 καὶ
1553 439 1632 467 αὐτοῦ
1675 441 1720 465 τοῦ
1759 435 1895 476 εἰρημένον

1073 483 1248 522 πατριάρχου.
1276 484 1325 512 Καὶ
1348 484 1365 517 ἡ
1395 486 1493 512 νικῶσα
1515 486 1551 520 εῷ
1580 480 1767 522 μητροπολίτῃ
1796 479 1894 511 ἐδόθη·

1073 527 1214 565 παρίστησι
1256 529 1332 556 τοῦτο
1377 531 1486 567 τρανῶς.
1530 528 1561 555 τὸ
1601 529 1653 555 τῶν
1695 524 1895 554 δικαιωσάντων

1073 571 1227 609 σημείωμο,
1257 573 1300 600 καὶ
1326 572 1473 610 ὑπόμνημα
1493 575 1538 600 τοῦ
1560 571 1683 610 ῥηθέντος
1715 570 1896 608 πατριάρχου,

1073 617 1116 643 καὶ
1150 615 1343 655 χρυσόϐουλλος
1377 616 1456 655 λόγος
1487 619 1540 644 τῶν
1569 615 1709 654 βαςιλέων,
1749 610 1898 651 “Ρωμανοῡ,

1075 663 1261 702 Χριστοφόρου,
1303 663 1346 690 καὶ
1387 662 1594 698 Κωνσταντίνου,
1637 660 1837 701 ἐπισφραγίζων
1869 659 1899 685 τα

1073 707 1224 745 κεκριμένα.
1242 708 1291 735 Καὶ
1312 707 1433 743 εἰκότως,
1464 705 1591 746 φιλάγαθε
1621 705 1740 744 βασιλεῦ,
1782 704 1820 732 Τὸ
1851 703 1897 742 γὰρ

1073 752 1161 783 κακῶς
1189 751 1343 790 γενόμενον,
1380 750 1437 779 δέον
1470 750 1641 790 διορθωθῆναι
1682 749 1787 781 καλῶς.
1827 747 1898 776 Οὕτω

1073 798 1169 834 φρονῶ.
1207 795 1295 827 Οὕτως
1338 796 1526 836 ἀποφαίνομαι,
1556 802 1617 827 ταῖς
1652 791 1897 833 πατροπαραδότοις

1072 838 1249 872 διδασκαλίαις
1276 844 1329 868 τῶν
1357 841 1437 879 ἁγίων
1474 840 1603 880 θεορόρων
1646 839 1772 878 Πατέρων
1804 837 1898 874 ἑπόμε-

210 885 313 924 manus
328 878 459 924 acceptis
474 882 644 909 sanctorum
657 879 881 919 afﬂatorumque
892 879 1032 909 divinitus

1114 895 1128 918 ς,
1159 885 1202 912 καὶ
1229 891 1288 915 τοῖς
1315 886 1397 924 ἱεροῖς
1425 886 1470 913 καὶ
1489 878 1568 917 θείοις
1596 884 1688 912 κανόσι
1715 885 1850 922 ποιχῶν.
1867 882 1900 909 Οὖ

208 920 332 968 Patrum
344 920 533 960 insistens,et
541 927 745 968 sacrosanctos
754 932 882 954 canones
892 932 1030 963 sequens.

1114 939 1123 956 ο
1144 927 1227 968 ὅσιον,
1258 928 1314 958 οῦδὲ
1343 928 1440 957 δίκαιοι
1468 928 1584 968 ἥγημαι,
1614 929 1644 957 τὸ
1667 928 1706 965 μὴ
1735 927 1846 958 δικαίως
1875 935 1901 953 τε

206 964 269 995 Nec
284 965 364 996 enim
381 970 528 1005 sanctum,
546 963 601 997 ηοξ)
618 968 731 1007 justum
754 968 848 1005 duco;
863 968 940 1007 quod
952 968 1033 1007 jusle

209 1010 489 1049 sanctequefactum
507 1021 564 1042 non
589 1017 643 1043 est.
672 1012 735 1043 Non
759 1013 847 1043 etiam
873 1012 1031 1042 multorum

211 1053 367 1093 opiniones
395 1059 506 1094 metuo,
534 1057 585 1096 qui
609 1067 656 1088 me
678 1057 778 1087 volunt
794 1066 945 1087 concessae
961 1055 1033 1086 mihi

210 1098 352 1130 divinitus
361 1099 501 1132 Ecclesiae
514 1101 737 1141 privilegiorum
751 1102 896 1133 rationem
909 1101 1030 1137 habere,

211 1152 266 1174 nec
283 1153 318 1174 ea
333 1144 378 1174 vel
389 1145 599 1185 negligere,vel
609 1151 720 1177 temere
737 1145 941 1185 prodere.Non
953 1144 1032 1175 enim

207 1188 265 1219 hoc
281 1188 453 1228 pontiﬁcum
470 1194 524 1225 est,
548 1194 580 1221 ut
598 1191 766 1222 necessario
782 1194 884 1230 putent
900 1188 1035 1220 ecclesiae

211 1241 274 1263 suae
289 1232 441 1274 privilegia
467 1234 524 1265 sibi
550 1235 624 1265 citra
650 1235 809 1266 discrimen
834 1234 952 1271 tuenda,
978 1238 1034 1263 tam

208 1278 302 1318 justa,
320 1288 408 1320 quam
436 1281 546 1320 injusta
564 1291 570 1311 :
587 1281 638 1312 sed
656 1291 721 1322 quae
742 1282 822 1321 justa
836 1285 914 1317 sunt,
945 1279 1035 1310 invio-

212 1322 312 1354 labilia
334 1328 472 1364 praestare
497 1325 627 1363 debent;
660 1326 779 1365 injustis
806 1334 875 1356 vero
916 1324 1033 1355 cedere.

211 1366 284 1398 Nam
301 1368 351 1408 qui
366 1377 536 1400 sermonem
564 1370 695 1401 veritatis
717 1374 798 1400 recte
810 1378 912 1401 secare
927 1368 964 1399 de
979 1369 1035 1398 do-

211 1412 316 1443 ctrinis
341 1413 488 1444 sermonis
518 1414 570 1445 Dei
600 1413 823 1454 Servatorisque
847 1414 940 1443 nostri
964 1412 1034 1444 Jesu

1074 974 1117 1001 καὶ
1139 974 1216 1005 ὁσίως
1245 975 1386 1013 γενόμενον
1403 982 1410 989 ·
1442 975 1534 1002 οὖκοῦν
1556 973 1613 1002 οὔδε
1638 973 1753 1012 πέφρικα
1773 972 1823 1003 τὰς
1852 974 1901 998 τῶν

1074 1017 1180 1046 πολλῶν
1201 1018 1359 1058 ὑπολήψεις,
1390 1018 1529 1051 ἀξιούντων
1562 1028 1595 1055 με
1623 1020 1677 1045 τῶν
1705 1017 1753 1049 τῆς
1777 1016 1809 1043 ἐκ
1839 1019 1900 1042 Θεοῦ

1074 1061 1215 1095 δεδομένης
1244 1074 1290 1100 μοι
1315 1062 1458 1096 ἓκκλησίας
1488 1063 1679 1090 ἀντιποιεῖσθαι
1709 1062 1753 1089 καὶ
1789 1060 1830 1098 μή
1851 1071 1899 1088 κα-

1074 1106 1200 1143 ταμελεϊν
1229 1108 1387 1146 προνομίων,
1418 1108 1462 1136 καὶ
1491 1107 1607 1138 εὒκόλως
1634 1112 1716 1136 ταῦτα
1747 1106 1898 1146 προΐεσθαι.

1075 1151 1111 1179 Οὖ
1145 1151 1195 1190 γάρ
1223 1151 1277 1179 ἐστι
1310 1153 1362 1180 τῶν
1391 1151 1551 1192 ἀρχιερέων,
1582 1153 1618 1182 ὡς
1653 1151 1804 1189 ἐπάναγκες
1828 1149 1898 1177 εἶναι

1075 1195 1127 1223 τῶν
1155 1197 1203 1228 τῆς
1239 1197 1336 1227 οἰκείας
1378 1196 1521 1229 ἐκκλησίας
1562 1196 1710 1236 προνομίων
1752 1194 1901 1234 ἀδιανρόρως

1076 1239 1231 1279 ἀντέχεσθαι
1257 1239 1360 1268 δικοίων
1389 1251 1417 1268 τε
1445 1240 1500 1278 ἅμα
1527 1241 1570 1268 καὶ
1606 1239 1705 1268 ἀδίκων
1723 1247 1730 1254 ⁸
1773 1238 1845 1266 ἀλλὰ
1872 1238 1901 1265 τὰ

1077 1284 1125 1320 μὲν
1159 1284 1245 1313 δίκαια
1279 1284 1416 1324 φυλάττειν
1459 1283 1597 1320 ἆλώϐητα,
1647 1287 1700 1313 τῶν
1740 1283 1768 1311 δὲ
1808 1281 1899 1310 ἀδίκων

1076 1328 1245 1368 ὁπεχχωρετν
1271 1330 1314 1358 καὶ
1349 1330 1506 1368 ἐξῃστασθαι.
1544 1331 1580 1358 Οὒ
1600 1330 1650 1369 γὰρ
1680 1330 1726 1357 τὸν
1756 1330 1808 1361 τῆς
1831 1327 1897 1359 ἀλη-

1075 1373 1145 1405 θείας
1172 1373 1250 1413 λόγον
1290 1374 1442 1412 όρθοτομεϊν
1485 1375 1515 1402 Ex
1549 1377 1601 1402 τῶν
1644 1372 1816 1412 aequem»
1856 1373 1898 1403 τῆς

1075 1415 1262 1452 αὖτοαληθείας
1297 1424 1343 1448 τοῦ
1371 1420 1456 1456 Λόγου
1485 1423 1549 1448 Θεοῦ
1582 1419 1626 1446 καὶ
1661 1420 1788 1456 Σωτῆρος
1827 1416 1899 1453 ἡμῶν

211 1455 332 1502 Christi,
350 1457 400 1496 qui
415 1457 522 1489 veritas
537 1457 602 1498 ipsa
616 1462 671 1495 est,
689 1459 810 1489 omnino
823 1457 898 1498 jussi
920 1467 1031 1495 sumus,

1118 1467 1164 1492 σοῦ
1199 1467 1310 1502 Χριστοῦ
1346 1463 1460 1496 κοθαπαξ
1497 1462 1711 1500 κεκελευσμένοι,
1742 1463 1792 1490 οὒκ
1821 1460 1895 1488 ἀναί-

211 1509 274 1546 n‘on
296 1501 384 1540 plane
407 1502 484 1541 apud
514 1502 606 1533 Deum
636 1507 772 1542 expertes
796 1502 907 1533 erimus
928 1501 1032 1541 culpae.

1114 1518 1127 1534 ›ι
1149 1508 1254 1539 πάντως
1284 1508 1396 1545 ἐσόμεθα
1431 1511 1466 1544 τῷ
1500 1511 1568 1545 Θεῷ,
1600 1509 1621 1534 εἰ
1649 1507 1781 1546 προῦργου
1819 1511 1897 1535 ταῦτα

211 1543 236 1574 si
249 1544 286 1575 ob
295 1545 388 1576 animi
399 1548 491 1577 nostri
516 1547 652 1578 aﬂ'ectum
671 1547 732 1577 haec
746 1547 828 1577 lucra
843 1546 1033 1577 sectabimur.

210 1589 252 1620 Ac
281 1599 335 1620 nos
359 1590 493 1630 quidem,
519 1600 536 1621 a
561 1590 669 1631 quibus
692 1592 860 1621 necessario
876 1590 1032 1630 ﬂagitalur,

211 1636 244 1664 ut
256 1633 363 1665 divinis
379 1635 533 1675 praeceptis
545 1639 574 1666 et
590 1635 799 1666 traditionibus
813 1635 944 1671 Patrum,
962 1634 1035 1664 nihil

212 1678 354 1709 ducamus
378 1679 539 1719 antiquius,
571 1680 624 1710 sed
653 1689 687 1710 ea
714 1689 766 1719 pro
788 1678 898 1709 viribus
928 1678 1035 1709 nostris

210 1721 324 1754 illibata
340 1732 514 1762 servemus;
530 1723 572 1755 sic
588 1728 617 1754 et
631 1724 822 1762 sentimus,et
833 1723 1032 1754 decernimus.

208 1768 306 1800 Velim
331 1777 411 1808 vero,
429 1772 479 1800 tua
494 1777 613 1809 quoque
629 1769 677 1809 pia
703 1768 954 1808 serenissimaque
970 1777 1034 1798 ma-

207 1811 300 1851 jestas
314 1821 378 1844 rem
396 1812 576 1850 consideret,
593 1813 732 1854 quodque
748 1813 824 1844 facto
848 1813 936 1844 fuerit
949 1822 1033 1852 opus,

208 1856 317 1889 faciat:
346 1861 438 1898 atque
464 1857 519 1888 hoc
547 1857 635 1889 modo
662 1858 800 1898 majestas
819 1863 868 1889 tua
888 1858 929 1897 id,
957 1857 1035 1897 quod

211 1901 332 1932 omnino
348 1905 377 1933 et
390 1902 635 1942 reprehensionis
650 1907 679 1933 et
702 1901 831 1932 scandali
847 1911 952 1943 expers
968 1901 1033 1938 erit,

209 1948 268 1977 tam
284 1946 379 1986 ipsius
404 1945 470 1984 Dei,
487 1956 575 1986 quam
591 1955 742 1978 sacrorum
769 1955 914 1977 canonum
929 1955 1034 1986 respe-

211 1994 271 2031 ctu,
284 1993 391 2022 servet.

517 2047 626 2080 LUCIE
648 2048 724 2089 (οδ).

205 2106 252 2139 Ne
267 2107 373 2138 clerici
386 2105 527 2145 auferant
540 2114 589 2146 ea,
614 2114 680 2145 quae
694 2105 734 2136 ad
748 2107 887 2137 ecclesias
902 2106 949 2137 vel
965 2107 1031 2146 epi—

390 2155 492 2187 sropos
506 2147 667 2177 morientes
681 2147 842 2186 pertinent.

244 2246 337 2278 Mensi
364 2245 462 2278 Martii
489 2245 538 2277 die
566 2254 597 2283 x,
621 2245 695 2277 feria
724 2255 744 2284 ι,
773 2246 952 2287 praesidente
968 2256 1033 2277 san-

209 2291 341 2322 ctissimo
358 2291 479 2322 domino
509 2294 611 2322 nostro
627 2294 657 2321 et
679 2291 838 2322 universali
855 2291 1031 2330 patriarcha,

206 2335 327 2367 domino
343 2335 472 2372 Luca,in
492 2335 607 2366 dextris
624 2334 771 2366 Alexiacis
785 2336 1028 2373 catechumeniis,

205 2380 408 2412 assidentibus
431 2379 462 2410 in
488 2380 615 2410 concilio
647 2388 761 2417 magna
776 2380 869 2420 ipsius
885 2380 1032 2411 sanctitati

204 2424 412 2456 sacratissimis
428 2424 618 2465 pontiﬁcibus
633 2423 820 2465 Caesariensi,
833 2424 1029 2463 Heracliensi,

204 2469 387 2507 Amasiensi,
401 2469 558 2506 Melitenen,
584 2468 856 2507 Thessalonicensi,
874 2469 1029 2500 Neocaesa-

204 2514 308 2552 riensi,
326 2514 464 2556 Myrensi,
480 2513 621 2551 Mocisso,
647 2513 796 2552 Cretensi,
821 2514 1031 2554 Trajanopoli-

204 2561 285 2597 tano,
313 2558 545 2600 Hierapolitano,
577 2557 657 2595 lEni,
684 2557 818 2598 Dristraa,
834 2558 1028 2599 Nazianzeno,

202 2602 356 2644 Abydeno,
385 2603 510 2641 Milesio,
551 2602 704 2643 Selybriae,
731 2602 836 2643 Bizym,
868 2605 1027 2643 Maroneae,

203 2648 294 2687 Parii,
319 2648 374 2688 Cii,
396 2651 487 2690 Apro,
513 2647 605 2684 Nicaa,
635 2646 772 2685 Gotthiae,
800 2648 1028 2688 Matrachorum,

1076 1550 1118 1579 διὰ
1139 1552 1220 1583 πάθος
1241 1553 1273 1580 τὰ
1300 1551 1379 1591 κέρδη
1404 1553 1562 1589 ποιήσομεν.
1588 1552 1637 1580 Καὶ
1658 1552 1739 1588 ἡμεῖς
1771 1551 1822 1588 μὲν
1846 1561 1899 1588 μη-

1076 1594 1117 1623 δὲν
1133 1597 1320 1636 προτιμότερον
1334 1598 1387 1624 τῶν
1414 1597 1489 1623 θείων
1510 1595 1623 1624 ἐντολῶν
1651 1596 1695 1623 καὶ
1717 1595 1769 1622 τῶν
1802 1597 1899 1634 Πατρι-

1076 1643 1129 1668 κῶν
1164 1640 1332 1680 παραδόσεων
1368 1646 1454 1668 ποιεῖν
1484 1639 1622 1679 ἐξανάγκες
1651 1638 1814 1679 ὀφείλοντες,
1844 1637 1899 1667 ἀλλ’

1076 1684 1254 1722 ἆμενάπτωτα
1270 1688 1350 1713 ταῦτα
1370 1684 1520 1723 φυλάττειν,
1551 1685 1588 1716 ὡς
1616 1683 1737 1721 δύναμις,
1760 1683 1833 1712 οὕτω
1860 1683 1898 1710 καὶ

1076 1740 1186 1766 νοουμεν
1201 1730 1244 1757 γαὶ
1260 1729 1408 1768 ὁριζόμεθα.
1432 1729 1600 1762 Σκοπησάτω
1629 1727 1655 1756 δὲ
1677 1729 1720 1756 καὶ
1741 1729 1771 1756 τὸ
1797 1726 1897 1758 εὖσεὸὲς

1075 1774 1119 1801 καὶ
1141 1773 1312 1813 παγγάληνον
1326 1773 1421 1812 κράτος
1437 1784 1493 1809 σου,
1509 1774 1553 1801 καὶ
1566 1773 1768 1809 οἷκονομησάτω
1783 1774 1816 1800 τὸ
1831 1772 1896 1800 δέον·

1076 1818 1120 1846 καὶ
1136 1818 1149 1846 ὃ
1164 1818 1269 1849 πάντως
1285 1817 1436 1855 ἄμεμπτον,
1452 1819 1496 1846 καὶ
1511 1818 1691 1857 ἀπρόσκοπον,
1702 1817 1746 1845 καὶ
1761 1819 1829 1857 πρὸς
1838 1817 1897 1844 Θεὸν

1078 1863 1167 1900 αὐτὸν,
1184 1863 1228 1890 καὶ
1243 1863 1307 1902 πρὸς
1323 1863 1383 1894 τοὺς
1399 1863 1482 1902 ἱεροὺς
1497 1861 1609 1893 κανόνας
1625 1859 1776 1901 ὃιαφυλάξοι
1792 1862 1811 1896 ἡ
1822 1862 1897 1899 βασι-

1077 1906 1134 1934 λεία
1147 1918 1205 1937 σου.

1423 2050 1508 2076 ΛΟΥΚ
1515 2053 1533 2075 Α
1540 2070 1547 2077 .

1078 2121 1089 2137 u
1122 2110 1183 2149 Περὶ
1210 2115 1256 2139 τοῦ
1292 2110 1330 2147 μὴ
1366 2110 1561 2149 ἀφαρπάζεσθαι
1591 2110 1650 2142 τοὺς
1686 2109 1830 2149 κληρικοὺς
1865 2109 1894 2136 τὰ

1113 2156 1174 2181 ταῖς
1236 2150 1399 2187 ἐκκλησίαις,
1456 2149 1474 2183 ἢ
1530 2149 1685 2182 ἐπισκόποις
1739 2149 1893 2178 ἀλευτῶσιν

1115 2190 1244 2225 ἀνήκοντα
1250 2215 1256 2221 ,
1281 2200 1294 2219 ι

1116 2248 1184 2281 Μηνὶ
1219 2249 1325 2287 Ματρίῳ
1362 2243 1392 2282 ι’,
1427 2248 1514 2287 ἡμέρᾳ
1537 2243 1574 2286 β’,
1611 2249 1825 2288 προκαθημένου,
1853 2251 1893 2275 τοῦ

1074 2292 1220 2332 ἇγιωτάτου
1235 2294 1311 2330 ἡμῶν
1340 2292 1466 2321 δεσπότου
1493 2293 1536 2320 καὶ
1558 2293 1739 2330 οἰκουμενικοῦ
1766 2292 1891 2331 πατριάρ-

1073 2349 1126 2377 χου
1153 2337 1230 2376 κυροῦ
1258 2341 1356 2374 Λουκᾶ,
1385 2337 1411 2365 ἐν
1439 2344 1496 2368 τοῖς
1527 2336 1622 2370 δεξιοῖς
1644 2337 1809 2369 Ἀλεξιακοϊς
1829 2347 1891 2364 κατ-

1073 2381 1257 2421 ηχουμενίοις,
1288 2380 1502 2421 συνεδριαζόντων
1539 2384 1573 2419 τῇ
1614 2381 1719 2420 μεγάλῃ
1760 2381 1890 2420 ἁγιωσύνῃ

1073 2429 1149 2456 αὐτοῦ
1192 2426 1338 2466 ἱερωτάτων
1378 2425 1536 2465 ἀρχιερέων,
1578 2429 1625 2454 τοῦ
1655 2426 1821 2465 Καισαρείας,
1850 2428 1891 2452 τιγῦ

1076 2467 1242 2510 Ἡρακλείας,
1280 2471 1326 2499 τοῦ
1363 2470 1517 2508 ’Λμασείας,
1560 2475 1606 2499 τοῦ
1650 2469 1813 2504 ΜελιττυιῆςΙ
1849 2472 1889 2496 τοῦ

1074 2516 1281 2552 Θεσσαλονίκης,
1317 2518 1363 2543 τοῦ
1392 2515 1605 2554 Νεοκαισαρείας,
1633 2517 1678 2542 τοῦ
1715 2516 1820 2554 Μύρων,
1848 2518 1890 2542 τοῦ

1073 2564 1225 2595 Μωκισσοῦ,
1257 2565 1303 2589 τοῦ
1338 2560 1456 2599 Κρήτης,
1493 2563 1538 2587 τοὺ
1567 2558 1815 2599 Τραϊανουπόλεως,
1847 2569 1889 2587 του

1074 2601 1256 2644 Ἰεραπόλεως,
1283 2608 1328 2633 τοῦ
1356 2603 1447 2640 Αἴνου,
1478 2607 1523 2632 τοῦ
1547 2605 1682 2643 Δρίστρας,
1705 2603 1751 2632 τοῦ
1779 2608 1888 2640 Ναζιαν-

1071 2653 1127 2690 ζοῦ,
1150 2650 1196 2677 τοῦ
1218 2648 1337 2678 Ἀϐύδουί
1368 2653 1412 2678 τοῦ
1440 2648 1571 2688 Μιλήτου,
1593 2650 1640 2677 τοῦ
1662 2646 1820 2687 Σηλυϐρίας,
1849 2648 1890 2676 τοῦ

979 2728 1105 2762 NOTAE.

240 2799 305 2841 (25)
319 2798 520 2840 Gognomeuto
537 2797 772 2839 Chrysobergz‘s,
789 2796 826 2828 de
845 2797 930 2839 cujus
945 2800 1032 2828 aetate
1047 2795 1102 2832 lib.
1117 2794 1305 2837 praecedente
1318 2794 1429 2826 dictum
1447 2794 1516 2836 (col.
1532 2794 1620 2835 769).
