1942 3081
191 144 249 177 875

884 144 950 176 JUS
969 140 1194 175 CANONICUM

1825 138 1882 170 876

195 223 207 239 ‹‹
225 211 270 242 vel
285 212 364 243 aliud
381 211 542 252 quodpiam
568 211 754 252 privilegium
791 211 906 252 adimit,
929 210 1016 242 etiam

1099 208 1210 247 δίκαιον,
1227 209 1244 243 ἢ
1260 209 1347 248 ἕτερόν
1362 220 1386 236 τι
1409 206 1564 248 προνόμιον,
1587 207 1635 252 κᾷν
1661 206 1713 235 ἀπὸ
1742 206 1882 245 βασιλικῆς

194 267 208 283 ι
224 255 414 295 imperatorio
425 256 603 296 permissum
613 255 733 285 infamia
744 255 894 286 notathmc
903 254 1015 286 consti-

196 311 206 327 ε
226 300 312 338 tutio,
330 299 535 340 bonorumque
559 299 760 340 publicatione
787 300 903 337 multat,
918 299 1015 339 ipsum

196 356 210 371 α
229 344 469 375 εῑὶεῐηκςοηδιυιη
488 344 672 384 improbans.
690 356 703 371 η

232 388 347 429 Excipit
371 392 470 420 autem
506 388 578 418 sitas
610 390 639 419 in
658 388 777 429 Scythia
794 388 959 429 provincias
989 393 1018 420 et

192 433 398 473 Leontopolim
421 433 551 464 Isauriae.
571 434 628 464 Lex
651 433 721 464 item
739 437 833 464 exstat
848 433 916 472 alia,
933 432 1017 473 cujus

191 478 254 508 haec
268 477 360 508 verba
375 482 443 509 sunt
462 487 468 507 :

235 534 244 549 ι
266 521 365 552 Firma
381 522 440 552 sint
459 521 662 553 ecclesiastica
678 521 832 561 privilegia
847 522 1014 553 universa.)

231 567 365 606 Itemque
376 575 479 597 rursus
489 566 557 597 alia.

237 623 250 638 α(
268 610 374 642 Sacros
390 620 520 641 canones
540 619 598 641 non
616 609 724 648 minus,
742 620 830 651 quam
844 611 922 650 ipsas
938 611 1017 650 leges

195 667 208 683 ι(
224 655 419 695 valere,leges
433 656 546 686 volunt.
560 655 595 685 Et
607 655 685 694 quod
701 665 831 686 canones
843 655 1013 696 prohibent,

194 712 207 728 α
225 700 255 730 id
268 700 356 730 etiam
374 699 533 739 prohibent
548 699 639 738 leges.
660 711 670 727 ι

229 743 264 774 Ει
279 744 342 774 haec
357 743 478 784 quidem
507 743 657 774 sufficiunt
678 743 713 774 ad
741 743 938 783 probandum,
956 753 1015 774 non

193 788 268 819 duos
284 788 528 828 metropolitanos
539 788 569 819 in
578 797 708 819 unaesse
718 788 933 829 provincia,sed
941 792 1015 819 tem-

191 842 262 885 pore
277 833 553 885 priorem,itemque
567 833 628 882 jam
646 839 748 882 pactos
760 832 1046 885 metropolitanos,13

189 877 303 908 honore
319 877 458 908 duntaxat
473 877 539 907 aliis
556 876 704 916 episcopis
722 881 873 917 praestare,
891 882 1015 908 caeteros

191 921 241 961 qui
257 921 390 952 subditos
415 921 454 961 ei,
483 921 533 961 qui
561 930 666 961 reapse
690 921 936 961 metropolitanus
949 925 1011 956 est;

189 966 332 1007 deinceps
350 975 430 1004 vero,
448 975 517 997 cum
530 965 595 1005 ipse
611 966 654 996 rei
669 970 792 996 conatus
806 966 892 996 etiam
910 965 1013 1006 prohi-

191 1010 483 1051 beatur,episcopum
500 1009 530 1040 id
547 1019 650 1041 ausum
666 1009 776 1050 facere,
787 1010 878 1049 gradu
892 1019 944 1040 suo
959 1010 1013 1040 de—

187 1054 240 1094 jici
258 1065 264 1085 :
282 1054 394 1085 nullum
413 1054 541 1094 denique
557 1054 745 1095 privilegium
762 1064 797 1085 ex
810 1055 926 1094 iis,quae
935 1054 1015 1094 prius

188 1099 276 1130 alicui
292 1098 706 1139 adhaeseruntepiscopatui,a
721 1108 866 1139 quoquam
877 1098 1013 1129 adimen-

189 1143 271 1174 dum.
284 1142 366 1179 Quod
382 1147 479 1174 autem
505 1152 564 1173 non
578 1143 621 1173 fas
636 1144 674 1173 sit
689 1152 735 1181 ea,
752 1152 816 1183 qum
831 1147 1016 1174 concernunt

188 1190 354 1229 episcopos,
368 1188 532 1219 secundum
551 1197 666 1219 sacram
683 1188 865 1219 sanctionem
876 1196 1013 1228 pragma-

190 1233 277 1265 ticam
295 1233 470 1273 procedere,
489 1233 542 1263 sed
556 1233 639 1272 juxta
664 1232 784 1264 Patrum
802 1232 944 1264 duntaxat
959 1232 1013 1263 de-

189 1277 422 1313 terminationes,
459 1286 532 1317 quos
562 1281 591 1307 et
622 1286 752 1307 canones
781 1277 953 1308 vocant:id
979 1286 1013 1308 ex

188 1322 245 1353 alia
251 1325 360 1352 sanctae
367 1322 455 1361 hujus
467 1321 646 1352 universalis
657 1325 767 1361 quarta
779 1321 884 1361 synodi
897 1321 1014 1352 actione

188 1366 301 1406 percipi
318 1366 500 1405 potest.Nam
513 1375 578 1396 cum
590 1365 692 1396 civitas
702 1365 826 1404 Berytus
843 1364 1015 1404 metropoli-

186 1411 277 1441 ticum
304 1414 354 1449 jus
380 1409 568 1449 impetrasset
595 1409 630 1440 ab
658 1419 693 1440 eo
731 1408 899 1440 Theodosio
929 1408 1013 1448 prin-

186 1455 252 1494 cipe
264 1454 315 1494 (24
329 1453 450 1493 25),ηυί
462 1453 495 1484 ad
514 1453 677 1484 discrimen
689 1453 770 1483 illius
780 1453 1016 1493 majoris,minor

189 1498 309 1548 dicitur,
326 1498 578 1551 Eustathius,ejps_
594 1497 863 1551 urbis'episcop‘us,
878 1497 927 1528 illa
935 1506 1044 1551 ἔρῃ-Ο

190 1543 327 1574 cessione
344 1542 553 1582 metropolitici
565 1543 643 1581 juris
658 1542 764 1578 elatus,
782 1541 923 1572 adversus
935 1542 1014 1572 Pho-

192 1588 263 1618 tium
281 1587 542 1627 metropolitanum
559 1587 637 1626 Tyri,
649 1595 715 1626 qua:
725 1586 895 1616 Phcrnicum
907 1590 1016 1616 metro-

190 1632 265 1673 polis
291 1636 345 1669 est,
373 1631 534 1662 insurrexit
551 1641 557 1661 :
576 1640 704 1670 cumque
729 1630 803 1660 duos
829 1630 971 1670 quosdam
989 1632 1015 1661 ei

188 1676 337 1716 subjecios
353 1676 522 1716 episcopos,
541 1675 629 1706 veluti
660 1675 904 1714 metropolitanus
920 1674 1015 1714 depo-

188 1721 306 1761 suisset,
322 1724 351 1751 et
365 1720 400 1750 ad
430 1720 669 1760 presbyterorum
685 1718 811 1759 gradum
828 1718 1014 1756 detrusisset,

188 1765 262 1796 alios
279 1763 436 1795 ordinavit.
452 1764 536 1800 Quod
566 1763 689 1794 minime
713 1763 812 1793 ferens
828 1763 963 1800 Pbotius,
981 1764 1017 1794 ad

192 1814 326 1841 sanctam
356 1809 498 1849 synodum
530 1817 595 1838 sese
619 1807 753 1838 contulit.
784 1809 828 1838 Ac
851 1807 900 1838 lite
927 1812 1015 1844 mota,

189 1853 368 1884 sententiam
385 1853 550 1883 secundum
567 1861 600 1882 se
615 1852 836 1892 pronuntiatam
855 1851 932 1888 tulit,
949 1861 1018 1882 cum

190 1898 265 1929 nihil
281 1897 435 1928 Eustathio
449 1896 603 1936 Berytensi
615 1895 867 1936 profuisset,quod
885 1897 1013 1936 impera-

190 1943 274 1974 toriis
289 1952 321 1973 se
334 1942 441 1972 litteris
470 1941 615 1972 munitum
631 1941 755 1977 diceret,
787 1949 852 1980 quae
878 1940 934 1970 sibi
961 1950 1014 1980 po-

191 1991 326 2018 testatem
344 1987 408 2026 ejus
433 1985 478 2016 rei
506 1985 649 2016 facerent.
668 1984 732 2015 Non
749 1985 829 2015 enim
845 1984 1016 2016 attendebat

188 2032 225 2063 iis
232 2031 441 2072 synodus,quai
453 2029 488 2060 ab
500 2029 564 2070 ipso
576 2029 763 2066 dicebantur;
775 2030 829 2060 sed
839 2028 869 2059 in
879 2030 1015 2061 examine

191 2085 369 2113 causae,cum
387 2074 539 2114 praesides,
557 2074 700 2114 synodum
715 2074 797 2113 prius
806 2073 926 2105 disertis
934 2074 1016 2105 hisce

188 2121 289 2152 verbis
306 2121 537 2158 interrogassent
555 2127 561 2149 :
583 2117 803 2148 «Placuitorbis
815 2118 1016 2149 sacratissimo

1061 265 1073 280 α
1097 254 1253 294 ἐπιτρρπῆς,
1276 254 1369 292 ἀτιμοῖ
1384 255 1426 282 καὶ
1441 252 1549 290 δημεύει
1570 253 1587 287 ἡ
1603 251 1728 289 διάταξις,
1752 252 1882 291 aucupo-3m:

1061 309 1073 325 α
1097 299 1141 327 καὶ
1155 299 1204 332 τὴν
1218 298 1384 338 ἐγχείρησιν,
1402 310 1416 326 ι>

1099 382 1248 426 ’Υπεξαιρετ
1262 386 1288 415 δὲ
1303 388 1346 416 καὶ
1360 387 1407 419 τὰς
1428 387 1456 415 ἐν
1476 387 1572 423 Σκυθίᾳ
1587 386 1728 426 ἐπαρχίας,
1744 386 1789 414 καὶ
1804 389 1884 413 Λεον-

1058 430 1166 459 τόπολιν
1181 434 1230 465 τῆς
1246 432 1383 471 Ἰσαυρίας,
1403 427 1483 461 ’Ἐστι
1498 431 1584 464 δὲέκαὶ
1595 430 1682 470 ἕτερος
1704 431 1796 468 νόμος,
1815 429 1883 458 οὕτω

1057 473 1157 508 διεξιών
1176 484 1184 493 ⁸

1101 529 1113 546 u
1131 518 1295 548 Βεϐαιούσθω
1309 520 1342 548 τὰ
1363 519 1569 554 ἐκκλησιαστικᾶ
1590 519 1676 547 πάντα
1703 519 1846 558 προνόμια.
1867 530 1878 548 ι

1098 565 1147 593 Καὶ
1162 563 1242 592 πάλιν
1256 564 1348 596 ἄλλος.

1101 621 1114 636 σ
1133 609 1196 641 Τοὺς
1210 609 1292 641 θείους
1306 610 1417 642 κανόνας
1429 610 1476 638 οὐκ
1486 609 1594 638 ἔλαττον
1602 612 1655 637 τῶν
1665 608 1754 646 νόμων
1764 609 1881 649 ἰσχύειν,

1060 663 1075 684 ‹
1097 655 1119 682 οὶ
1141 653 1217 690 νόμοι
1231 654 1380 692 βούλονται,
1405 655 1453 684 Καὶ
1481 653 1545 694 ὅπερ
1566 656 1589 683 οἱ
1613 654 1720 685 κανόνες
1735 653 1881 690 κωλύουσι,

1059 709 1072 726 ι
1096 698 1174 727 τοῦτο
1189 699 1231 726 καὶ
1248 700 1271 727 οἱ
1293 699 1380 736 νόμοι,
1403 711 1415 728 ι

1098 744 1146 772 Καὶ
1171 748 1253 772 ταῦτα
1281 755 1328 781 μεν
1357 743 1467 784 ἀπόχρη
1495 744 1561 783 πρὸς
1587 744 1617 771 τὸ
1646 743 1743 780 δεῖξαι,
1777 743 1808 771 οὖ
1837 740 1883 770 δύο

1057 786 1252 826 μητροπολίτας
1276 788 1346 816 εἶναι
1375 788 1402 816 ἐν
1431 791 1479 826 μιᾷ
1504 788 1633 828 ὶπαρχίᾳ,
1666 787 1734 815 ἀλλὰ
1763 788 1808 815 τὸν
1834 786 1881 826 ἄρ-

1057 831 1207 870 γαιότερον.
1227 833 1274 860 Καὶ
1289 833 1330 868 τὸ,
1347 833 1406 865 τοὺς
1421 833 1568 872 φθάσαντας
1597 832 1727 871 γενέσθαι,
1752 835 1787 870 τῇ
1815 835 1884 870 τιμῇ

1057 875 1138 912 μόνον
1150 878 1203 903 τῶν
1218 874 1305 904 ἄλλων
1320 877 1470 904 ἐπισκόπων
1497 876 1636 917 ὑπερέχειν
1654 885 1661 892 ·
1691 876 1884 914 ὑποκειμένους

1057 919 1177 958 μέντοιγε
1199 923 1236 957 τῷ
1262 922 1329 950 κατὰ
1350 921 1474 956 ἀλήθειαν
1496 920 1679 961 μητροπολίτῃ
1698 930 1704 937 ·
1729 922 1766 952 εἰς
1787 920 1884 953 τοεξῆς

1056 963 1083 992 δὲ
1099 965 1142 992 καὶ
1157 965 1238 998 αὐτῆς
1261 968 1311 998 τῆς
1341 965 1522 1006 ἐγχειρήσεως
1550 965 1732 1004 κωλυομένης,
1763 967 1807 994 καὶ
1836 966 1883 993 τὸν

1055 1014 1133 1038 τοῦτο
1180 1008 1350 1047 τολμήσαντα
1391 1011 1502 1044 ποιῆσαι
1545 1010 1698 1047 ἐπίσκοπον,
1749 1009 1884 1038 ἔκπτωσιν

1055 1055 1170 1093 πάσχειν
1192 1054 1237 1082 τοῦ
1253 1055 1349 1083 οἰκείου
1369 1055 1472 1093 βαθμοῦ
1489 1065 1496 1072 ⁶
1524 1056 1613 1083 καὶτὸ
1635 1054 1718 1092 μηδὲν
1745 1057 1796 1083 τῶν
1811 1057 1883 1095 φθα-

1056 1099 1156 1127 σάντων
1208 1102 1392 1138 πρωπαγῆναι
1443 1099 1576 1138 ἐπισκοπῇ
1623 1111 1674 1128 τινι
1716 1100 1880 1139 προνομίων,

1056 1143 1221 1182 ἀφαιρεῖσθαι
1244 1142 1305 1182 παρ’
1333 1143 1504 1179 οἱουὸήτινος.
1527 1143 1587 1173 Ὅτι
1619 1143 1646 1172 δὲ
1668 1147 1698 1174 οὗ
1725 1145 1793 1172 κατὰ
1807 1155 1880 1183 πρα-

1055 1188 1183 1226 γματικὸν
1201 1189 1273 1216 θετον
1287 1187 1370 1220 ἔξεστι
1385 1189 1466 1217 τύπον
1488 1189 1520 1217 τὰ
1547 1192 1598 1217 τῶν
1627 1189 1780 1217 ἐπισκόπων
1808 1200 1882 1227 προ-

1054 1229 1163 1267 ϐαίνειν,
1192 1233 1261 1260 κατὰ
1288 1233 1383 1270 μόνους
1404 1232 1431 1260 δὲ
1458 1234 1519 1266 τοὺς
1541 1234 1686 1272 Πατρικοὺς
1714 1233 1801 1274 ὅρους,
1818 1234 1882 1264 ταὼ

1054 1277 1098 1304 καὶ
1119 1278 1243 1317 κανόνας,
1259 1277 1284 1310 ἐξ
1314 1277 1401 1317 eis?“
1429 1277 1547 1317 πράξεως
1570 1281 1618 1312 τῆς
1648 1279 1772 1311 τοιαύτης
1800 1278 1881 1317 ἁγίας

1055 1321 1238 1359 οἶκουμενικῆς
1273 1323 1401 1362 τετάρτης
1429 1321 1535 1350 συνόδου
1565 1325 1729 1360 καταμαθεῖν
1758 1321 1882 1354 δυνατόν,

1055 1367 1108 1398 τῆς
1133 1366 1181 1405 γὰρ
1205 1365 1307 1399 πόλεως
1338 1370 1466 1406 Βηρυτοῦ,
1489 1366 1680 1406 μητροπόλεως
1709 1366 1807 1395 δίκαιον
1841 1367 1884 1394 εἷ-

1054 1408 1165 1450 ληφυίας
1195 1411 1265 1450 παρὰ
1307 1409 1444 1441 Θεοδοσίου
1477 1415 1523 1439 τοῦ
1557 1411 1698 1451 βασιλέως,
1731 1414 1777 1439 τοῦ
1813 1412 1885 1450 πρὸς

1054 1453 1253 1488 ἂντιδιαστολὴν
1280 1458 1327 1483 τοῦ
1355 1455 1482 1495 μεγάλου,
1511 1454 1656 1495 λεγομένου
1689 1459 1795 1495 μικροῦ.
1828 1456 1887 1484 Εὗ-

1057 1498 1160 1530 στάθιος
1182 1500 1196 1526 ὁ
1217 1499 1316 1533 ταύτης
1342 1501 1391 1533 τῆς
1413 1499 1517 1529 πόλεω)
1542 1501 1686 1532 ἐπίσκοπος
1714 1503 1752 1537 τῷ
1766 1500 1888 1536 τοιούτῳ

1057 1541 1250 1582 φιλοτιμήματι
1285 1544 1332 1577 τῆς
1369 1544 1558 1584 μητροπόλεως
1586 1545 1770 1584 κατεπαρθεὶς,
1807 1555 1887 1572 κατ-

1057 1586 1181 1621 εξανὲστη
1203 1589 1304 1616 Φωτίου
1325 1592 1370 1617 τοῦ
1405 1588 1600 1628 μητροπολίτου
1628 1592 1677 1623 τῆς
1707 1589 1798 1629 Τύρου,
1832 1591 1888 1622 τῆς

1056 1634 1109 1658 τῶν
1128 1633 1255 1660 Φοινίκων
1274 1632 1464 1672 μητροπόλεως
1481 1643 1486 1649 ·
1518 1633 1561 1661 καὶ
1595 1632 1639 1662 δύο
1673 1634 1747 1665 τινὰς
1768 1634 1888 1662 ὑποκει-

1057 1675 1149 1712 μένους
1174 1675 1243 1713 αύτῷ
1269 1677 1427 1709 ἐπισκόπους
1452 1677 1581 1715 καθελὼν,
1612 1678 1648 1709 ὡς
1671 1677 1747 1711 δῆθεν
1775 1689 1887 1717 μητρο-

1057 1719 1180 1757 πολίτης,
1209 1731 1252 1748 και
1289 1721 1325 1753 εἰς
1352 1720 1532 1761 πρεσϐυτέρων
1560 1722 1660 1760 βαθμὸν
1694 1723 1887 1759 κατασπάσας,

1058 1763 1160 1803 ἐτέρους
1174 1758 1404 1804 κεχειροτόνηκεν,
1434 1758 1465 1795 "0
1482 1758 1525 1804 prii
1553 1758 1638 1806 φέρων
1667 1768 1680 1795 ὁ
1702 1767 1818 1804 Φώτιος,
1849 1758 1890 1805 τῇ

1058 1808 1119 1847 ἁγίᾳ
1151 1808 1312 1848 προσέδραμε
1354 1809 1463 1847 συνόδῳ.
1506 1812 1554 1840 Καὶ
1589 1810 1663 1844 δίκης
1694 1812 1887 1851 κροτηθείσης,

1058 1852 1106 1885 τὴν
1145 1851 1294 1882 δικαιοῦσαν
1323 1854 1464 1895 ἀπείληφε,
1499 1855 1581 1893 μηδὲν
1609 1855 1790 1895 ὠφεληθέντος
1829 1857 1889 1885 Εὕ-

1055 1897 1157 1925 σταθίου
1185 1898 1231 1926 τοῦ
1264 1901 1313 1932 τῆς
1351 1903 1477 1938 Βηρυτοῦ,
1512 1899 1543 1928 ἐκ
1576 1905 1623 1930 τοῦ
1643 1899 1792 1938 βασιλικοῖς
1809 1900 1891 1940 ὠχυ-

1056 1943 1152 1981 ρῶσθαι
1190 1942 1327 1980 γράμμαοι
1357 1942 1454 1983 λέγειν,
1493 1951 1551 1977 τοῖς
1587 1944 1754 1984 ἐπιτρέπωσι
1790 1948 1887 1976 τοῦτο.

1057 1987 1092 2015 Οὐ
1107 1986 1156 2025 γὰρ
1171 1986 1319 2027 πρόσεσχεν
1343 1988 1360 2021 ἡ
1383 1987 1488 2020 σύνοδος
1516 1995 1575 2021 τοῖς
1603 1988 1666 2029 παρ’
1695 1989 1774 2018 αὒτοῦ
1798 1988 1889 2029 λεγο-

1057 2029 1155 2068 μένοις,
1196 2030 1263 2073 ἀλλὰ
1301 2033 1351 2065 τῆς
1386 2032 1531 2065 ὑποθέσεως
1567 2033 1791 2074 δοκιμαζομένης,
1831 2037 1889 2062 τῶν
1929 2038 1930 2041 “

1057 2074 1194 2114 ἀρχόντων
1216 2076 1341 2116 πρότερον
1356 2076 1545 2116 ἐρωτήσαντων
1566 2078 1617 2112 τὴν
1644 2077 1750 2106 σύνοδον
1769 2086 1775 2093 ·
1794 2078 1889 2117 ῥητῶς

1057 2118 1139 2150 οῧτως
1157 2127 1164 2134 “
1214 2131 1228 2148 ι
1258 2123 1301 2157 Τῷ
1340 2122 1467 2158 θειοτάτῳ
1500 2121 1616 2161 δεσπότῃ
1642 2123 1692 2157 τῆς
1722 2122 1888 2161 οἰκουμένης

192 2178 206 2193 α
225 2166 400 2205 domino,ne
416 2163 581 2201 secundum
599 2172 697 2193 sacras
714 2162 866 2203 epistolas,
879 2167 929 2193 aut
945 2172 1016 2194 san-

1099 2163 1188 2203 ἤρεσε,
1213 2165 1253 2202 μὴ
1277 2166 1344 2194 κατὰ
1372 2167 1433 2194 θεῖα
1460 2167 1615 2207 γράμματα,
1633 2167 1651 2201 ἢ
1672 2168 1741 2196 κατὰ
1752 2178 1889 2207 πραγμα-

192 2221 206 2241 «
226 2211 341 2241 ctiones
352 2208 773 2249 pragmaticas,episcoporutn
789 2208 906 2247 negotia
916 2217 1019 2248 proce-

194 2267 205 2283 α
226 2254 365 2292 dant,sed
374 2253 457 2293 juxta
467 2255 585 2283 Patrum
597 2261 736 2283 canones.
751 2251 833 2282 Dicat
841 2262 911 2292 ergo
919 2257 1019 2284 sancta

195 2310 209 2330 α
226 2299 408 2340 synodus,an
415 2298 457 2328 las
464 2297 548 2332 sit,ut
560 2305 613 2337 per
620 2306 732 2327 sacram
741 2297 948 2336 pragmaticam
956 2307 1020 2328 san-

193 2357 207 2372 α
224 2344 352 2374 ctionem
360 2341 479 2373 alterius
484 2341 693 2381 juraEcclesiaa
699 2341 748 2371 alii
755 2341 1020 2382 rapiantepiscopi?

195 2399 209 2418 ι
225 2390 333 2419 Sancta
343 2386 473 2427 synodus
481 2385 696 2426 respondit.Ad
702 2393 802 2416 versus
809 2395 938 2417 canones
945 2386 1019 2417 nihil

194 2443 208 2462 α
226 2432 437 2473 pragmaticum
446 2430 564 2461 valebit.
578 2429 714 2461 Canoncs
722 2432 838 2460 Patrum
853 2430 911 2461 rati
920 2435 1018 2463 sunto.

195 2490 208 2505 «
226 2478 360 2516 Cumque
371 2475 512 2516 praesides
527 2475 636 2506 iterum
648 2475 792 2506 dixissent
806 2485 812 2504 :
825 2474 889 2505 Jam
903 2479 1019 2515 tempus

197 2532 207 2550 α
227 2524 281 2558 est,
299 2524 330 2550 ut
345 2530 362 2551 a
379 2519 489 2560 synodo
503 2520 727 2559 erudiamur,an
743 2519 786 2548 fas
801 2517 852 2555 sit,
865 2521 896 2548 ut
909 2527 1017 2550 secun-

1063 2219 1077 2235 ε
1099 2209 1187 2240 τικοὺς
1222 2209 1330 2247 τύπους,
1376 2211 1408 2239 τὰ
1444 2214 1496 2240 τῶν
1534 2211 1686 2240 ἐπισκόπων
1720 2211 1886 2252 προϐαίνειν³

1063 2263 1076 2279 ι
1101 2252 1168 2280 ἄλλα
1207 2255 1250 2282 καὶ
1286 2255 1346 2287 τοὺς
1378 2255 1488 2288 κανόνας
1517 2259 1572 2284 τῶν
1605 2257 1740 2296 Πατέρων,
1777 2257 1891 2286 Είπάτω

1063 2309 1077 2325 ι
1100 2297 1143 2326 οὖν
1165 2299 1182 2332 ἡ
1204 2299 1264 2337 ἁγία
1287 2298 1403 2337 σύνοδος,
1427 2301 1449 2328 εἰ
1473 2299 1555 2333 ἔξεστι
1578 2302 1646 2330 κατὰ
1660 2301 1733 2330 θεῖον
1754 2313 1890 2342 πραγμα-

1063 2352 1079 2371 ι
1100 2343 1173 2370 τικὸν
1200 2344 1280 2372 τύπον
1308 2343 1447 2384 ἀλλοτρίας
1476 2344 1618 2379 ἐκκλησίας
1654 2345 1741 2374 δίκαια
1781 2347 1891 2386 ἐτέρους

1064 2398 1078 2415 σ
1101 2386 1257 2421 ἐπισκόπους
1285 2391 1493 2430 παραιρεῖσθαις
1537 2391 1554 2424 ἡ
1583 2390 1644 2429 ἁγία
1681 2389 1786 2423 σύνοδος
1830 2391 1890 2420 ὰπ-

1065 2443 1078 2459 α
1101 2431 1230 2470 εκρίνατο,
1254 2435 1326 2461 Κατὰ
1351 2433 1411 2465 τοὺς
1431 2434 1543 2467 κανόνας
1559 2435 1590 2460 5'5
1616 2436 1802 2474 πραγματικὸν
1827 2447 1891 2474 μη-

1065 2488 1078 2504 (
1101 2476 1142 2504 ὁὲν
1163 2477 1293 2516 ἰσχύσειν,
1317 2478 1346 2506 Οἱ
1373 2479 1482 2511 κανόνες
1502 2482 1556 2508 τῶν
1586 2479 1707 2519 Πατέρων
1737 2481 1890 2519 κρατείτω-

1066 2531 1077 2549 a
1102 2531 1161 2551 σαν.
1178 2522 1226 2550 Καὶ
1240 2521 1311 2554 αὖθις
1327 2525 1379 2551 τῶν
1403 2523 1542 2564 ἀρχόντων
1564 2524 1692 2553 είπόντων
1707 2531 1715 2539 ⁸
1747 2524 1800 2554 Νῦν
1828 2537 1890 2554 και-

864 2596 990 2632 νΑιιιΑῑ.
1013 2601 1232 2636 LEGTIONES.

232 2668 264 2695 53
277 2673 329 2698 τῶν
343 2668 472 2699 κανόνων.

976 2731 1101 2766 ΝΟΤΕ.

235 2796 355 2838 (24-25)
369 2795 468 2826 Exstat
484 2794 611 2825 edictum
628 2793 647 2823 l.
666 2802 717 2825 un.
733 2794 767 2826 C.
785 2792 831 2826 De
846 2798 973 2836 metrop.
994 2795 1120 2834 Beryto,
1135 2793 1186 2825 lib.
1210 2802 1260 2826 XL.
