1942 3081
2 194 3 199 η
37 171 87 203 877

701 169 1047 205 GRECO-ROMANUM

1664 173 1724 207 878

40 252 52 268 α
70 241 111 279 ρός
140 241 193 269 ἐστι
221 240 376 281 διδαχθῆναι
412 242 484 279 ἡμᾶς
516 241 587 280 παρᾶ
620 241 668 275 τῆς
699 239 806 269 συνόδου

954 246 1000 267 um
1013 246 1126 268 sacram
1133 238 1317 270 sanctionem
1330 239 1538 280 pragmaticam
1548 240 1615 280 jura
1627 239 1721 272 eccle-

41 297 53 313 ι
73 285 157 318 ἔξεστι
181 286 248 314 κατὰ
270 287 342 314 θεῖον
369 286 552 325 πραγματικὸν
580 285 718 325 ἀλλοτρίας
746 283 859 318 Ἐκκλη-

42 342 54 357 ιι
75 329 131 362 σίας
161 329 247 358 δίκαια
280 330 383 370 ἑτέρους
413 330 570 362 ἐπισκόπους
603 331 787 370 παραιρεῖσθαι
803 337 810 343 ·
841 329 858 362 ἡ

42 386 52 401 ι
75 375 136 414 ἁγία
165 373 270 406 σύνοδος
292 373 435 409 ἀνεϐόησεν
451 384 457 391 '
483 377 535 404 Οὒκ
556 373 651 407 ἔξεστι.
682 377 763 403 Τοῦτο
789 373 860 411 παρὰ

42 431 52 446 ιι
74 419 133 452 τοὺς
155 419 268 452 κανόνας
298 418 362 450 ἐστί,
399 414 481 448 ’Ἐστι
510 418 536 447 δὲ
565 419 608 447 καὶ
636 418 716 456 νόμος
751 419 764 446 ὁ
785 422 860 446 τοῦτο

3 498 7 504 _
41 476 50 491 α
74 463 245 502 βουλόμενος,
276 463 344 492 οὕτω
371 463 470 497 διεξιών
489 473 497 482 ⁸
517 465 547 492 Οἱ
567 470 626 495 τοῖς
651 463 757 491 κανόσιν
782 461 859 490 ἐναν-

36 518 50 539 (
74 508 205 546 τιούμενοι
227 509 408 548 πραγματικοὶ
435 509 521 546 τύποι,
553 507 642 547 ἄκυροι
670 507 730 536 εἶσι.
755 519 770 535 ι
809 507 858 535 Καὶ

35 553 91 592 ὅρα,
107 553 215 592 μέγιστε
240 552 359 591 βασιλεῦ,
383 552 456 585 ὅπως
481 552 524 580 διὰ
551 553 656 581 πάντων
678 552 777 580 τούτων
792 551 858 579 ἄπο-

35 597 159 626 δὲδεικται
180 596 332 636 τηλαυγῶς,
355 598 385 626 τὸ
408 598 446 636 μὴ
468 597 524 626 δεῖν
545 598 678 625 αὐθεντεῖν
708 597 753 624 τὸν
778 596 857 634 βασι-

35 642 80 670 λέα
95 642 122 670 ἐν
137 649 196 673 τοῖς
210 642 351 682 τοιούτοις,
380 645 525 674 κανονικώς
550 641 576 670 δὲ
604 642 637 670 τὰ
652 640 859 674 ἐκκλησιαστικὰ

38 686 211 726 διεξάγεσθαι.
243 687 298 715 Εἰσὶ
319 687 368 724 μὲν
389 686 433 715 οὖν
461 687 505 714 καὶ
527 686 601 714 ἄλλοι
630 685 723 714 πολλοὶ
751 685 858 716 κανόνες

39 734 91 760 τῶν
126 731 288 760 θεοστέπτων
316 730 482 768 ἀποστόλων,
505 731 549 759 καὶ
576 731 714 769 ὑπηρετῶν
743 733 788 758 τοῦ
815 729 860 757 λό-

3 794 6 803 π
36 787 94 816 γου,
123 776 166 803 καὶ
193 776 247 804 τῶν
271 776 364 816 ἑφεξῆς
402 776 484 815 ἁγίων
521 774 646 812 συνόδων,
680 775 745 804 αὐτὰ
781 777 862 802 ταῦτα

37 820 243 860 διατρανοῦντες,
275 821 318 852 οὖς
356 822 511 860 παραθεῖναι
548 818 614 857 τῷδε
648 822 686 856 τῷ
713 819 860 858 γράμματι,

904 290 914 307 α
933 280 1178 319 simalterius,alii
1187 283 1305 324 rapiant
1315 284 1446 325 episcopi
1458 294 1465 316 :
1480 288 1583 316 sancta
1595 285 1724 326 synodus

903 335 914 353 α
933 326 1128 358 exclamavit:
1146 326 1210 358 Non
1225 327 1305 358 licet.
1324 330 1386 359 Hoc
1403 333 1508 369 praeter
1521 339 1650 361 canones
1664 330 1721 362 ad—

904 379 915 397 α
935 370 1068 401 mittitur.
1102 373 1151 403 Est
1175 371 1266 402 etiam
1291 372 1348 411 lex,
1378 382 1443 413 quae
1471 373 1527 404 hoc
1551 374 1647 414 ipsum
1663 374 1725 406 vult

905 425 917 440 ι
935 414 981 445 his
988 415 1088 460 verbis
1099 416 1233 456 exposita
1246 425 1252 447 :
1264 418 1457 455 Pragmaticae
1469 417 1649 457 sanctiones,
1659 429 1725 460 quas

905 469 916 486 α
936 459 1099 490 canonibus
1114 460 1320 502 adversamur,
1333 461 1425 493 irrita:
1439 466 1518 493 sunt.
1534 475 1545 492 ι
1564 462 1651 502 Vide,
1668 459 1724 495 ob-

901 512 998 541 secro,
1017 505 1144 535 maxime
1154 505 1193 535 im
1198 507 1479 546 perator,quomodo
1490 516 1544 547 per
1554 507 1618 539 haec
1625 508 1726 539 omnia

899 547 1063 580 clarissime
1079 550 1314 581 demonstratum
1327 551 1439 591 sit,non
1455 551 1566 583 debere
1582 552 1726 594 principis

899 592 930 622 in
945 593 1116 632 hujusmodi
1131 594 1221 626 rebus
1235 595 1441 627 auctoritatem
1456 596 1620 635 valere,sed
1632 592 1727 629 eccle-

900 637 1019 668 siastica
1033 638 1196 669 secundum
1220 648 1349 670 canones
1373 640 1484 681 peragi.
1513 641 1557 672 Ac
1573 645 1642 673 sunt
1657 642 1725 683 qui—

901 681 967 712 dem
982 686 1011 712 et
1029 682 1078 713 alii
1094 682 1180 713 multi
1207 692 1337 714 canones
1361 689 1570 716 coronatorum
1586 681 1728 718 divinitus

903 727 1102 766 apostolorum
1118 727 1385 769 ministrorumque
1407 729 1501 770 verbi,
1514 733 1544 761 et
1558 735 1726 762 secutarnm

904 770 1047 811 deinceps
1062 776 1229 802 sanctarum
1254 774 1444 813 synodorum,
1463 774 1527 805 haec
1546 775 1610 815 ipsa
1624 775 1728 807 decla-

903 819 1004 846 rantes
1018 827 1024 849 ;
1038 825 1112 856 quos
1123 816 1192 847 huic
1201 817 1312 857 scripto
1323 817 1485 858 adjungere
1498 819 1727 855 velle,stolidum

35 864 127 898 εὔηθες
162 864 243 902 ἔδοξε,
269 866 313 903 apd
334 865 372 903 μὴ
400 864 488 904 πόῤῥω
514 864 664 904 φιλοτιμίας
696 862 800 903 ἆνωφελ

959 869 995 890 im
1012 860 1134 899 fuit,nec
1145 861 1181 891 ab
1192 861 1288 892 inutili
1299 862 1462 893 ambitione
1470 863 1557 903 longe
1568 868 1726 897 remotum.

37 904 144 937 ’ἱκανῶν
166 909 216 948 γὰρ
243 911 295 936 τῶν
325 907 525 949 προϐληθέντων
547 909 582 942 εἰς
605 906 735 940 ἀπόδειξιν
763 907 856 946 ὄντων,

34 956 59 981 τί
92 952 135 981 δεῖ
155 953 199 981 καὶ
227 952 533 992 προσεπεξεργάζεσθαις
569 954 613 981 καὶ
654 955 703 986 τῆς
737 950 859 985 ἀληθείας

35 997 186 1036 όυναμένης
201 997 368 1035 ἀναλάμψαι,
383 998 428 1026 καὶ
442 1004 499 1029 νοῖς
523 1000 587 1026 πᾶσι
616 997 734 1036 γενέσθαι
763 995 858 1032 δήλης,

33 1042 89 1070 τῶν
126 1041 234 1070 πολλῶν
272 1041 391 1080 οὐδαμῶς
427 1045 515 1082 χρεία.
556 1041 692 1080 Αὒτάρκης
733 1041 782 1080 γὰρ
824 1041 860 1072 είς

3 1094 4 1100 ‘
35 1086 196 1126 συνηγορίαν
225 1085 320 1120 ἑαυτῆς
348 1087 365 1120 ἡ
397 1086 516 1119 ἀληθεία,
540 1091 627 1123 Κοινῳ
656 1086 704 1123 μὲν
735 1085 777 1113 οὖν
793 1084 865 1124 λόγῳ

35 1131 80 1159 καὶ
96 1130 244 1163 καθολικῶς
267 1130 365 1171 ἐλέχθη
387 1134 478 1161 ταῦτα.
504 1130 567 1167 ’ἰδίᾳ
588 1130 626 1171 δὲ,
649 1131 692 1158 καὶ
719 1130 787 1157 κατὰ
813 1128 864 1166 μέ-

33 1187 93 1215 ρος,
133 1176 176 1203 καὶ
211 1175 308 1215 ἑτέροις
337 1175 448 1206 ἕκαστος
491 1175 634 1216 φράγνυται
676 1174 864 1212 δικαιώμασιν.

33 1221 123 1252 Αὐτὸς
138 1221 186 1258 μὲν
214 1221 264 1260 γὰρ
293 1221 307 1248 ὁ
328 1221 372 1248 καὶ
397 1223 448 1249 τῶν
478 1221 535 1260 περὶ
565 1223 616 1248 τῶν
644 1219 713 1248 ὅλων
734 1219 866 1254 συστήσας

33 1264 142 1303 ἒιγῶνα,
158 1265 248 1292 καὶτὸ
263 1267 364 1302 σμῆνος
391 1266 442 1292 τῶν
472 1263 559 1303 λόγων
584 1265 708 1303 κινήσας,
737 1264 782 1291 τὸν
810 1265 868 1291 θεο-

34 1309 104 1349 φιλῆ
128 1307 155 1336 δὲ
187 1307 258 1348 λέγω
289 1308 487 1348 μητροπολίτην
525 1307 663 1348 Ἀγκύρας,
698 1307 868 1345 ὑπομνήματί

32 1364 63 1382 τε
93 1352 243 1393 πέφρακται
274 1353 320 1381 τοῦ
355 1353 498 1392 μακαρίτου
533 1351 662 1390 βασιλέως
695 1355 740 1380 τοῦ
770 1351 866 1391 Δούκα,

32 1397 112 1430 ὅστις
135 1398 184 1431 τὴν
205 1400 251 1426 τοῦ
278 1397 412 1435 βασιλείου
441 1397 589 1430 ἐπισκοπὴν
619 1397 656 1428 εἱς
673 1395 867 1436 μητροπολιτι-

31 1443 83 1470 κὸν
115 1442 234 1480 ἀνήγαγε
267 1441 377 1481 δίκαιον,
407 1440 588 1481 διοριζομένῳ,
620 1444 659 1477 τῷ
686 1441 790 1478 θανάτῳ
823 1443 869 1468 τοῦ

31 1486 197 1525 τιμηθέντος
213 1485 420 1525 μητροπολίτοο,
451 1487 486 1518 είς
515 1486 665 1519 επισκοπὴν
691 1485 867 1514 κατεσπάσθαι

31 1532 85 1565 τὴν
111 1530 256 1570 εἰρημένην
284 1530 426 1564 ἐκκλησίαν
442 1539 449 1546 ·

32 1577 177 1615 νουνεχῶς
191 1578 238 1602 τοῦ
263 1574 391 1613 βασιλέως
420 1576 450 1603 τὸ
478 1575 576 1603 οἰκεῖον
598 1573 728 1612 ὀλίσθημα
756 1574 800 1602 καὶ
820 1573 870 1606 τὴν

30 1609 152 1660 ἄγνοιαν
188 1620 231 1648 καὶ
263 1609 450 1659 θριαμϐεῦσαι,
480 1620 524 1647 καὶ
553 1609 738 1658 διορθώσασθαι
756 1627 764 1636 ⁸
803 1617 870 1645 ἀλλὰ

31 1665 108 1693 κατὰ
131 1665 161 1692 τὸ
190 1663 321 1692 Θετταλὸν
357 1664 533 1703 μειρακίσνον,
564 1664 608 1691 καὶ
642 1663 802 1702 τρώσαντος,
827 1662 871 1690 καὶ

31 1710 187 1747 συμπαθῶς
221 1709 265 1736 καὶ
293 1708 483 1748 φιλανθρώπως
505 1707 686 1747 ἐπεγνωκότος
715 1708 764 1741 τὴν
785 1706 868 1736 ἴασιν.

30 1754 88 1782 Καὶ
121 1753 188 1792 πρὸς
215 1753 301 1789 τούτῳ
335 1751 525 1793 χρυσοϐούλλῳ
560 1752 690 1781 ὥπλισται
718 1751 790 1789 ἄλλῷ
824 1751 871 1780 τοῦ

29 1800 95 1828 υξοῦ
110 1800 206 1826 τούτου
230 1798 274 1826 καὶ
295 1797 436 1838 βασιλέως,
459 1798 489 1826 τὸ
517 1798 616 1838 φθάσαν
644 1797 841 1836 ὑποστηρίζοντι
861 1805 868 1813 ·

29 1844 81 1871 καὶ
114 1843 287 1880 ὑπομνήματι
308 1841 448 1881 συνοδικῷ,
477 1845 530 1870 τῶν
551 1842 611 1870 τότε
640 1841 745 1877 ζώντων
773 1852 871 1880 μητρο-

28 1887 175 1926 πολιτῶν,
192 1886 287 1925 ὀλίγων
303 1885 330 1914 δὲ
345 1885 427 1914 ὄντων
443 1885 485 1923 54,
516 1893 572 1918 ταῖς
598 1886 772 1926 αὒτοχειρίοις
801 1887 868 1914 ὑπο-

27 1931 191 1966 σηυασίαις
210 1932 241 1959 τὸ
261 1930 374 1968 ἔμπεδον
401 1930 569 1971 ἀποφέροντι,
594 1932 631 1959 ὦν
659 1931 702 1958 καὶ
724 1931 747 1958 οἱ
768 1929 872 1961 πλείους

26 1977 170 2017 περίεισι,
196 1976 415 2017 στοιχησάντων.
434 1975 557 2004 ἁπάντων
585 1978 619 2013 τῇ
646 1978 775 2014 κανονικῇ
803 1975 872 2003 ἀπο-

24 2014 138 2062 φάσει,
167 2014 282 2059 ’Άτερος
311 2018 338 2047 δὲ
368 2021 381 2047 δ
408 2014 562 2059 Ἡρακλείας
591 2019 657 2058 πρὸς
679 2025 738 2050 τοῖς
771 2025 872 2051 κοινοῖς

3 2070 6 2080 ¹
25 2065 237 2103 δικαιώμασιν,
253 2064 317 2093 αὒτό
331 2074 359 2092 τε
374 2065 405 2092 τὸ
433 2062 566 2092 συνοδικὸν
594 2063 740 2101 ὑπόμνημα
754 2062 873 2103 προϐάλ-

25 2111 117 2139 λεται
152 2110 188 2141 εἷς
217 2109 408 2146 συνασπισμὸν,
442 2109 486 2136 καὶ
514 2106 702 2148 χρυσοὸούλλῳ
728 2108 872 2148 τεθωράκι-

27 2167 116 2192 anu,
143 2155 174 2182 οὗ
201 2152 360 2193 δημιουργὸς
390 2154 405 2181 ὁ
427 2153 573 2192 μακαρίτης
594 2151 717 2191 βασιλεὺς
747 2154 761 2180 ὁ
790 2157 876 2181 Dota-

26 2200 169 2237 νειάτης,
191 2197 362 2238 διοριζομένῳ
388 2200 422 2236 τῇ
456 2197 565 2236 τελευτῇ
593 2200 640 2226 τοῦ
668 2199 720 2227 νυνὶ
748 2197 875 2237 ἀρχιερα-

27 2246 170 2275 τεύοντος
200 2241 227 2270 ἒν
254 2241 377 2281 Μαδύτῳ,
406 2242 436 2269 τὸ
475 2241 519 2270 ὑπ’
548 2242 619 2278 αὐτῷ
653 2241 877 2281 μητροπολιτικὺν

27 2289 178 2318 παύεσθαι
210 2286 320 2323 δίκαιον,
356 2287 400 2314 καὶ
431 2286 482 2314 ὑπὸ
510 2286 559 2319 τὴν
585 2280 740 2324 Ἡράκλειαν
776 2285 877 2315 ἐπανα-

27 2333 171 2374 στρέφειν
198 2331 247 2364 τὴν
273 2330 415 2370 εἰρημένην
447 2329 621 2367 Ἐκκλησίαν,
650 2330 686 2361 ὡς
708 2330 875 2370 τοπρότερον.

4 2373 11 2378 ν
24 2373 270 2419 Προσεπιτούτοις
299 2375 342 2403 καὶ
441 2374 641 2414 θεοφιλέστατος
682 2374 878 2415 μητροπυλίςης

3 2449 4 2452 η
24 2418 173 2463 Πατρῶν,
196 2419 309 2452 πολλοῖς
331 2420 375 2448 καὶ
389 2418 520 2459 διαφόροις
542 2419 707 2459 τετείχισται
732 2419 878 2457 δικαιώμα-

23 2480 87 2504 σιν,
110 2468 157 2498 εἰς
179 2465 210 2493 τὸ
232 2470 374 2504 συμφυεῖς,
404 2464 447 2491 καὶ
471 2463 618 2502 ἀτμήτους.
647 2465 691 2492 καὶ
718 2464 876 2493 ἀναποσπά-

25 2493 87 2510 -..δ
113 2493 156 2498 μ.
266 2493 299 2504 ,λ
355 2493 374 2504 .,
506 2493 543 2502 ..
599 2493 618 2496 γ.

25 2522 124 2543 στους
149 2510 225 2551 ἔχειν
246 2510 293 2541 τὰς
322 2511 356 2546 τῇ
383 2507 441 2536 κατ’
464 2509 542 2536 αὐτὸν
567 2507 694 2544 ἐκκλησίᾳ
719 2507 878 2548 δωρηθείσας

25 2555 214 2594 ἐπισκοπὰς,
257 2554 328 2593 παρὰ
369 2553 519 2593 Νικηφόρου
560 2552 690 2591 βασιλέως
731 2558 777 2583 τοῦ
827 2553 879 2582 ἀπὸ

25 2603 180 2644 γενικῶν,
208 2598 250 2627 διὰ
284 2599 315 2627 τὸ
342 2597 369 2625 ὲν
404 2601 440 2635 τῇ
468 2600 637 2637 καταστροφῇ
671 2599 723 2626 τῶν
761 2596 880 2638 Ἀϐάρων

4 2641 120 2688 ,ἦαρὰ
155 2647 202 2673 τοῦ
225 2643 364 2683 κορυφαίου
392 2644 446 2669 τῶν
474 2641 627 2670 ἆποστόλων
652 2643 696 2670 καὶ
725 2642 880 2680 πρωτοκλή-

899 903 973 935 Nam
989 914 1058 935 cum
1076 915 1122 945 ea,
1139 915 1205 946 quae
1216 906 1361 946 producta
1388 911 1469 946 sunt,
1486 907 1523 938 ad
1539 908 1730 940 demonstra—

901 949 1010 980 tionem
1033 951 1076 980 rei
1104 949 1266 988 sufﬁciant,
1283 960 1336 981 cur
1365 951 1492 991 amplius
1515 951 1734 987 laboreturiet

901 1003 967 1024 cum
982 994 1090 1025 veritas
1105 995 1225 1026 elucere
1247 995 1351 1035 possit,
1379 999 1467 1036 atque
1482 996 1622 1028 omnibus
1640 997 1730 1029 inno-

907 1043 1039 1069 tescere:
1058 1048 1117 1069 non
1143 1039 1244 1070 multis
1268 1049 1344 1080 opus
1361 1044 1406 1071 est
1419 1040 1531 1073 verbis.
1551 1041 1668 1083 Quippe
1683 1052 1734 1074 ve-

905 1083 976 1114 ritas
991 1083 1027 1114 ad
1057 1085 1101 1114 sui
1127 1084 1322 1124 patrocinium
1349 1084 1478 1125 ipsamet
1493 1086 1611 1117 sufﬁcit.
1629 1086 1732 1128 Itaque

905 1127 1020 1158 ratione
1036 1128 1199 1168 communi,
1229 1131 1258 1159 et
1282 1129 1463 1169 generaliter
1478 1130 1541 1161 hac
1557 1130 1636 1162 dicta
1650 1127 1730 1162 sunt.

907 1173 1047 1217 Seorsum
1061 1182 1143 1210 vero,
1160 1177 1190 1203 et
1207 1173 1416 1213 particulatim,
1428 1174 1516 1205 etiam
1527 1175 1594 1206 aliis
1608 1176 1734 1217 quisque

909 1215 1042 1248 munitus
1056 1221 1099 1247 est
1112 1217 1241 1256 juribus.
1258 1217 1331 1248 Nam
1350 1222 1378 1249 et
1394 1218 1418 1249 is
1443 1218 1508 1259 ipse
1519 1220 1570 1260 qui
1583 1215 1734 1252 certamen

908 1261 965 1291 hoc
980 1261 1148 1292 universum
1183 1261 1309 1302 accepit,
1334 1267 1362 1293 et
1376 1263 1534 1294 verborum
1550 1264 1606 1296 hoc
1619 1265 1735 1296 alveare

909 1307 1077 1344 commovit,
1095 1306 1262 1345 religiosus,
1274 1307 1406 1347 inquam,
1424 1308 1670 1349 metropolitanus
1684 1309 1736 1340 ille

910 1350 1094 1390 Ancyranus,
1122 1350 1318 1382 instrumento
1346 1352 1478 1383 munitus
1507 1357 1551 1384 est
1565 1353 1660 1385 felicis
1675 1363 1737 1385 me-

910 1395 1013 1424 moriae
1029 1395 1172 1435 principis
1193 1394 1282 1426 Duce:
1298 1413 1320 1433 ν,
1339 1396 1389 1436 qui
1400 1398 1603 1438 episcopatum
1618 1398 1737 1430 Basilaei

910 1439 1128 1479 metropolitico
1138 1440 1206 1479 jure
1219 1439 1348 1481 donavit,
1364 1441 1442 1481 quod
1455 1442 1648 1474 instrumento
1664 1452 1736 1474 san-

911 1483 1032 1520 citur,ut
1041 1484 1183 1515 honorem
1191 1483 1288 1524 adepti
1301 1485 1734 1525 metropolitanimorte,dicta:

488 1530 526 1568 μὴ
556 1529 775 1569 ἐπαισχυνθέντος
811 1528 898 1570 λίθινα
910 1527 1044 1559 Ecclesia
1056 1528 1159 1559 redeat
1174 1529 1209 1559 ad
1233 1534 1255 1559 sl

972 1527 1044 1559 lesia
1056 1528 1159 1559 redeat
1174 1529 1209 1559 ad
1233 1533 1341 1560 statum
1358 1530 1532 1561 inferiorem
1550 1532 1738 1572 episcopatus

911 1581 976 1617 cum
988 1572 1073 1603 valde
1087 1573 1249 1613 prudenter
1257 1575 1336 1604 hunc
1343 1574 1508 1615 principem
1519 1585 1578 1606 non
1601 1576 1740 1617 puduerit

911 1616 1024 1656 lapsum
1033 1617 1261 1656 etignorantiam
1273 1627 1355 1648 suam
1367 1622 1427 1649 tum
1440 1619 1535 1659 palam
1546 1616 1736 1660 spectandam

911 1661 1128 1699 exltibere,tum
1145 1663 1295 1701 corrigere
1309 1675 1316 1701 ;
1333 1663 1474 1704 idemque
1484 1663 1620 1696 Thessali
1633 1665 1737 1697 adole-

911 1706 1021 1736 scentis
1037 1707 1186 1747 exemplo,
1203 1711 1231 1738 et
1246 1707 1350 1738 vulnus
1366 1708 1527 1747 inﬂixerit;
1556 1713 1585 1740 et
1609 1709 1738 1748 benigue

911 1750 1141 1791 humaniterque
1157 1753 1340 1783 sanationem
1357 1753 1520 1792 agnoverit.
1536 1752 1650 1785 Frater
1663 1754 1739 1785 hanc

912 1794 1021 1826 bullam
1051 1805 1182 1833 auream,
1213 1797 1345 1827 munitus
1369 1801 1414 1828 est
1444 1797 1501 1828 alia
1541 1807 1658 1838 quoque
1686 1797 1739 1829 ﬁlii

912 1840 1000 1879 hujus
1015 1846 1036 1877 κ,
1056 1845 1084 1870 et
1099 1840 1299 1880 imperatoris,
1317 1851 1381 1881 quae
1406 1842 1538 1881 priorem
1554 1842 1713 1873 conﬁrmat
1729 1852 1736 1873 :

913 1883 1044 1924 itemque
1060 1889 1252 1916 monumento
1281 1885 1426 1926 synodali,
1444 1885 1522 1926 quod
1538 1885 1623 1917 factis
1649 1896 1738 1917 manu

915 1928 1033 1968 propria
1044 1928 1220 1968 subscriptio
1226 1928 1313 1960 nibus
1325 1933 1370 1960 est
1380 1930 1586 1961 conﬁrmatum
1596 1930 1633 1961 ab
1647 1930 1743 1961 omni-

915 1971 970 2002 bus
985 1977 1054 2004 tunc
1064 1973 1228 2004 viventibus
1246 1973 1493 2014 melropolitanis,
1509 1974 1534 2005 si
1555 1984 1664 2015 paucos
1684 1975 1740 2006 de-

916 2026 989 2056 mas,
1006 2027 1131 2057 quorum
1148 2021 1177 2048 et
1194 2018 1287 2057 major
1301 2027 1367 2058 pars
1382 2023 1533 2058 superstes
1548 2023 1604 2057 est,
1618 2019 1741 2051 univer-

915 2062 955 2092 sis
971 2062 1149 2092 sententiam
1180 2063 1351 2093 canonicam
1374 2063 1497 2094 secutis.
1528 2063 1611 2094 Alter
1640 2068 1740 2095 autem

915 2105 965 2136 ille
981 2106 1110 2146 pontifex
1138 2106 1300 2144 Heracleae,
1331 2111 1438 2147 praeter
1459 2107 1528 2147 jura
1551 2108 1740 2146 communia;

917 2150 1029 2191 profert
1042 2151 1078 2181 ad
1101 2150 1146 2181 sui
1176 2151 1380 2182 defensionem
1396 2151 1469 2182 illud
1485 2151 1582 2192 ipsum
1600 2153 1742 2192 synodale

918 2198 1154 2233 monumentum,
1180 2200 1208 2226 et
1233 2196 1363 2226 munitus
1388 2200 1430 2226 est
1445 2204 1535 2227 aurea
1549 2195 1642 2234 bulla,
1658 2197 1742 2237 cujus

918 2243 1021 2270 auctor
1033 2244 1077 2270 est
1087 2239 1181 2271 felicis
1189 2239 1404 2271 recordationis
1424 2240 1588 2281 imperator
1601 2241 1742 2272 Botania—

919 2289 974 2322 tes,
992 2296 1050 2326 qua
1066 2287 1206 2325 sancitur,
1223 2289 1256 2316 ut
1270 2285 1349 2316 illius
1363 2287 1523 2326 morte,qui
1539 2296 1619 2318 nunc
1633 2287 1743 2328 Madyli

919 2330 1119 2370 pontiﬁcatum
1135 2331 1271 2370 gerit,jus
1287 2331 1350 2371 ejus
1371 2330 1621 2370 metropoliticum
1638 2331 1742 2372 exspi—

918 2379 973 2412 ret,
990 2385 1024 2406 ac
1040 2375 1116 2406 dicta
1124 2375 1251 2406 ecclesia
1263 2375 1389 2416 pristino
1401 2384 1483 2406 more
1499 2375 1554 2406 sub
1569 2374 1744 2406 Heracleam

918 2420 1030 2451 redeat.
1048 2419 1160 2450 Przeter
1174 2420 1247 2457 haec,
1277 2419 1520 2459 religiosissimus
1545 2428 1663 2460 quoque
1678 2429 1744 2450 me-

919 2464 1113 2505 tropolitanus
1150 2463 1299 2495 Patrensis
1338 2463 1544 2503 compluribus
1584 2473 1618 2494 ac
1656 2464 1747 2495 variis

921 2509 1052 2540 munitus
1075 2508 1249 2548 estjuribus
1274 2507 1305 2538 in
1320 2508 1387 2545 hoc,
1406 2513 1439 2539 ut
1459 2507 1517 2538 sibi
1531 2508 1699 2548 abjunctos,
1718 2512 1747 2539 et

922 2553 1043 2583 minime
1056 2557 1218 2593 separatos,
1235 2552 1458 2592 indivulsosque
1475 2551 1746 2592 babeatepiscopa-

922 2602 978 2635 tus,
996 2597 1130 2628 ecclesiae
1144 2607 1205 2628 sua:
1219 2607 1236 2628 a
1249 2597 1416 2637 Nicephoro
1427 2596 1574 2638 principe,
1587 2597 1682 2637 quiex
1693 2605 1747 2636 ge-

922 2642 1015 2673 nerali
1031 2646 1222 2682 procuratore
1242 2642 1337 2672 factus
1350 2645 1396 2672 est
1412 2640 1749 2682 imperator,altributos

717 2725 843 2758 VARIE
864 2725 1090 2760 LECTIONES.

76 2784 123 2811 54
151 2782 275 2812 δεόντων.

79 2873 95 2889 ν
122 2848 336 2883 Constantini.
379 2869 392 2885 ι
405 2846 562 2880 Michaelis
576 2849 676 2883 Dum.
