1942 3081
214 123 273 156 879

903 126 919 155 ,Ι
922 124 968 155 US
989 123 1213 157 CANONICUM

1836 126 1883 159 880

217 191 280 231 ejus
302 190 436 222 miraculi
464 190 566 230 gratia,
596 190 674 231 quod
696 191 854 222 oculariter
867 191 975 221 factum
991 190 1037 221 fuit

1102 195 1130 219 οὗ
1166 191 1286 232 Ἀνδρέου
1321 191 1529 232 ὀφθαλμοφανῶς
1559 193 1701 233 γενόμενον
1729 195 1820 231 θαῦμα,
1851 193 1885 221 ἐπὶ

216 235 252 266 ab
266 235 317 266 illo
335 235 442 266 eximio
458 235 614 275 primoque
643 239 744 266 vocato
760 236 892 275 apostolo
907 236 1037 272 Andrea,

215 281 244 311 in
261 279 392 311 Abarum
409 279 630 320 eversione,qui
645 279 712 311 totis
727 288 835 311 CCXVIII
850 280 936 311 annis
951 279 1038 310 Pelo-

216 334 380 365 ponnesum
393 324 690 364 obtinuerant,usque
705 324 778 355 adeo
791 324 827 354 ab
838 324 964 364 imperio
978 323 1037 354 Ro-

216 378 305 399 mano
322 368 423 406 avulsi,
441 373 472 398 ut
487 378 574 399 nemo
592 369 742 399 Romanus
753 369 784 399 in
801 369 1037 408 Peloponnesum

215 413 260 444 vel
277 413 381 453 pedem
398 413 508 444 inferre
527 417 642 453 posset;
660 417 729 444 tunc
742 417 838 444 autem
856 413 944 443 unius
958 412 1038 443 hora:

215 458 310 498 spatio
323 457 636 489 fueruntexterminati
646 467 698 498 per
715 459 807 488 solam
824 457 1038 498 appar-itionem

215 501 304 542 hujus
320 501 418 542 primo
427 501 523 532 vocati
539 502 675 541 apostoli,
691 506 719 532 et
730 502 793 542 ipsa
807 502 889 540 regio
905 505 964 532 tota
978 500 1038 532 Ro-

215 546 312 576 manis
327 546 461 576 restituta
475 545 612 585 sceptris.
718 548 720 550 ’

255 591 299 621 Ac
314 591 441 630 primum
457 590 578 630 quidem
596 590 705 630 profert
723 599 844 621 auream
861 590 972 621 bullam
989 590 1037 620 in-

215 635 303 666 dicati
319 635 473 675 principis,
491 636 540 675 qui
568 639 597 666 et
611 635 688 666 hanc
713 635 807 675 ipsam
822 634 1038 666 sanctissimam

214 679 555 711 PatrensemEcclesiam
565 689 599 710 ex
611 679 867 719 archiepiscopatu
874 679 908 710 ad
924 683 1034 710 metro-

216 724 291 764 polis
301 724 422 763 gloriam
436 724 531 755 evexit
540 723 577 754 ob
586 723 666 754 illius
678 724 778 755 eximii
791 724 957 764 prodigium
967 733 1038 763 apo-

215 768 363 808 stoli,quze
384 768 530 807 diximus;
554 772 582 798 et
598 773 656 799 tres
671 768 858 809 episcopatus
875 769 902 799 ei
918 768 1036 807 largitus

215 816 269 850 est,
284 813 518 853 Methouensem,
532 813 800 850 Lacedmmonium,
818 817 846 844 et
857 812 1034 844 Sarsocoro-

215 867 340 888 nensem
358 867 365 888 :
381 857 489 888 deinde
513 857 635 888 alteram
658 857 726 889 huic
742 867 912 893 consonam,
930 857 1037 888 Leonis

216 909 244 933 et
271 902 433 932 Alexandri
456 907 645 942 augustorum
664 912 672 932 :
696 911 730 932 ac
754 901 868 932 tertiam
884 901 1035 941 ,Romani,

215 948 432 989 Christopbori,
451 953 479 979 et
494 948 688 988 Constantini,
715 948 894 988 reliquarum
907 948 1037 987 vestigiis

215 993 406 1024 inhaerentem
421 1004 429 1031 ;
441 993 572 1034 itemque
589 997 694 1034 praeter
704 993 756 1023 has
769 992 1035 1034 aliam,l\'icephori

214 1036 320 1068 Phocae
343 1038 501 1078 :quintam
529 1038 658 1078 denique
682 1037 842 1069 Botaniatm
871 1037 960 1075 illius,
986 1037 1037 1077 qui

215 1082 301 1122 paulo
313 1086 380 1113 ante
391 1091 490 1113 rerum
503 1082 612 1122 potitus
620 1082 753 1122 fuit,quaa
765 1083 921 1113 recensita;
931 1091 1036 1112 omnes

215 1126 419 1166 obsignantur.
430 1126 680 1158 Neocaesariensis
691 1136 809 1168 quoque
819 1126 957 1157 similiter
971 1135 1036 1156 mo-

215 1175 357 1202 numento
381 1171 645 1203 dominiMichaelis
662 1171 846 1211 patriarchae,
864 1170 958 1201 beatae
973 1179 1039 1201 me-

215 1215 316 1247 moriae
328 1216 451 1254 nititur;
465 1220 492 1247 et
503 1225 594 1247 aurea
604 1215 684 1247 bulla
693 1216 805 1246 domini
816 1215 967 1246 Michaelis
977 1214 1038 1245 Du-

215 1268 267 1291 cae.
285 1260 479 1291 Inveniuntur
492 1264 520 1291 et
538 1264 612 1298 acta,
623 1270 689 1301 quae
705 1259 910 1300 traduntquod
920 1259 1038 1299 episco»

216 1305 485 1345 patus,quicunque
500 1305 536 1335 ad
553 1305 763 1344 metropolium
780 1304 951 1343 dignitatem
968 1312 1039 1343 pro-

216 1349 344 1380 vehendi
361 1353 455 1387 erant,
473 1359 532 1379 non
553 1349 639 1380 aliter
659 1349 688 1379 id
712 1348 964 1388 assequebantur;
981 1347 1040 1378 nisi

217 1393 344 1433 publicae
371 1393 505 1424 utilitatis
528 1394 557 1424 id
585 1394 722 1424 suaderet
751 1393 836 1430 ratio,
853 1397 887 1422 ‘et
912 1391 1039 1432 synodus

216 1438 422 1474 assentiretur,
449 1442 477 1468 et
492 1438 625 1469 ecclesiae
640 1438 783 1468 honorem
801 1441 965 1476 accepturae
981 1445 1040 1466 me-

217 1481 410 1522 tropolitanus
426 1482 680 1513 remunerationes
696 1491 728 1512 se
745 1481 848 1520 dignas
863 1481 1038 1520 eximpera-

218 1527 291 1556 toris
318 1536 406 1558 manu
431 1532 619 1567 consecutus,
648 1536 682 1557 ea
697 1535 761 1566 quae
782 1530 967 1566 gererentur,
984 1535 1038 1565 ap-

219 1570 368 1611 probaret.
400 1571 456 1602 Tot
472 1572 560 1611 igitur
575 1575 662 1612 atque
689 1571 756 1601 talia
771 1580 838 1601 cum
860 1569 1041 1600 adminicula

1047 838 1067 863 Β

1048 1514 1068 1543 C

219 1615 289 1653 sint,
307 1620 365 1647 tam
380 1617 526 1647 universis
541 1615 719 1653 communia,
742 1624 828 1654 quam
845 1614 970 1654 singulis
987 1624 1040 1654 pe-

218 1660 343 1691 culiaria
360 1670 366 1692 :
385 1661 459 1691 mihi
487 1670 569 1698 sane,
597 1660 714 1700 meique
740 1659 886 1690 similibus
915 1658 1036 1690 videtur.

217 1705 431 1736 humanissime
457 1705 608 1745 princeps,
642 1714 706 1735 esse
736 1705 842 1734 factum
857 1704 943 1743 hujus
959 1704 1039 1734 modi

218 1753 247 1780 et
261 1749 396 1790 iniquum
411 1754 439 1779 et
456 1759 589 1786 enorme,
608 1753 769 1788 contraque
784 1758 883 1778 sacros
898 1757 1036 1785 canones,

219 1798 247 1824 et
275 1794 404 1825 decretis
433 1793 637 1834 spiritualibus
666 1803 699 1823 ac
728 1792 843 1832 legibus
857 1792 1036 1824 adversum:

216 1848 273 1870 nec
285 1840 355 1870 satis
371 1838 481 1870 habere
499 1839 616 1876 virium,
634 1847 697 1878 quae
723 1837 759 1868 ab
772 1837 941 1868 adversaria
956 1840 1040 1876 parte

217 1888 395 1924 opponatur.
413 1883 485 1914 Nam
508 1892 604 1922 neque
620 1891 705 1913 sacra
720 1881 900 1922 pragmatica
913 1881 1038 1921 sanctio,

216 1928 307 1958 veluti
318 1927 455 1968 superius
485 1931 529 1958 est
556 1927 753 1964 declaratum,
771 1926 910 1956 adversus
925 1925 1040 1956 divinos

217 1981 347 2003 canones
370 1972 478 2002 valebit
494 1980 500 2002 ε
529 1980 625 2012 neque
650 1971 870 2007 condemnatio,
886 1979 952 2010 quae
967 1979 1040 2000 con-

217 2020 260 2047 tra
286 2017 366 2056 leges
380 2025 509 2047 canones
533 2016 637 2056 tendit,
667 2014 825 2045 laudabilis
839 2023 903 2045 esse
920 2015 1037 2054 poterit.

217 2059 354 2096 Quamvis
383 2060 463 2091 enim
492 2059 637 2099 scriptum
665 2068 682 2089 a
710 2060 871 2089 constituta
900 2058 1039 2088 divinitus

217 2105 369 2144 majestate
395 2108 444 2135 tua
474 2104 675 2137 subnotatum.
699 2103 859 2134 artificiose
875 2108 961 2142 atque
976 2112 1040 2132 ora-

1082 235 1221 268 διακοσίοις
1240 236 1373 265 δεκαοκτὼ
1393 237 1501 277 χρόνοις
1530 237 1601 270 ὅλοις
1628 238 1816 278 κατασχόντων
1845 238 1887 271 την

1081 280 1295 319 Πελοπόννησον,
1331 282 1374 309 καὶ
1402 282 1452 315 τῆς
1475 277 1629 320 Ῥωμαῖκῆς
1650 277 1738 322 ἀρχης
1767 282 1887 320 ἀποτεμο-

1081 325 1179 363 μένων,
1216 327 1253 357 ὡς
1290 324 1358 363 μηδὲ
1385 325 1452 354 πόδα
1481 327 1576 365 βαλεῖν
1610 327 1678 359 ὅλως
1717 326 1832 356 δύνασθαι
1866 328 1890 354 ἓν

1080 370 1147 408 αὐτῇ
1174 365 1307 408 Ῥωμαῖον
1334 368 1412 409 ἄνδρα
1429 378 1436 384 ⁵
1465 370 1492 399 ἐν
1521 375 1569 409 μιᾷ
1597 370 1624 399 δὲ
1652 372 1707 411 ὥρᾳ
1733 371 1829 399 τούτων
1848 372 1888 408 μὲν

1079 413 1271 454 ἀφανισθέντων
1296 414 1327 443 ἐκ
1351 415 1434 451 μόνης
1457 415 1609 454 ἐπιφανείας
1632 421 1679 445 τοῠ
1702 415 1888 455 πρωτοκλήτου,

1079 461 1127 491 τῆς
1160 457 1187 486 ’δὲ
1223 459 1313 498 χώρας
1342 458 1447 492 ἁπάσης
1474 467 1533 492 τοῖς
1564 455 1727 498 Ῥωμαίκοῖς
1760 460 1889 499 σκήπτροις

1080 502 1285 537 ἐπανελθούσης,

1122 592 1170 620 Καὶ
1191 592 1294 632 πρῶτον
1318 594 1366 630 μὲν
1388 592 1564 632 προϐάλλεται
1587 594 1618 621 τὸ
1639 596 1686 621 τοῦ
1707 593 1828 632 ῥηθέντος
1847 593 1891 631 βα-

1080 636 1174 668 σιλέως
1199 636 1406 677 χρυσόϐουλλον,
1430 641 1476 666 τοῦ
1504 639 1547 666 καὶ
1577 638 1626 671 τὴν
1649 638 1730 671 αὐτὴν
1753 638 1893 677 ἁγιωτάτην

1080 681 1222 715 ἐκκλησίαν
1252 685 1373 722 Πατρῶν,
1400 682 1425 715 ἐξ
1455 683 1670 723 ὰρχιεπισκοπῆς
1699 684 1735 715 εἷς
1764 683 1892 722 μητροπό-

1078 727 1145 759 λεως
1174 727 1249 760 δόξαν
1288 728 1479 767 ἀναγαγόντος,
1517 728 1558 758 διὰ
1597 729 1628 757 τὸ
1663 729 1739 767 ῥηθεν
1767 729 1893 768 τεράστιον

1077 772 1123 800 τοῦ
1144 773 1293 812 κορυφαίου,
1326 774 1369 800 καὶ
1392 773 1478 812 τρισὶν
1513 773 1672 805 ἐπισκοπαῖς
1703 773 1786 806 αὐτὴν
1813 771 1892 811 δωρη-

1079 817 1203 855 σαμένου,
1225 820 1259 855 τῇ
1287 817 1407 857 Μεθώνῃ,
1437 820 1471 855 τῇ
1499 817 1685 857 Λακεδαίμονι,
1716 818 1759 845 καὶ
1835 820 1894 855 Σαρ-

1078 862 1213 901 σοκορώνῃ
1230 871 1238 878 θ
1266 863 1310 890 καὶ
1338 861 1426 902 ἕτερον
1461 863 1546 900 τούτῷ
1575 861 1695 899 συνᾷδον,
1725 862 1838 894 Λέοντος
1856 862 1894 889 καὶ

1079 905 1248 945 Ἀλεξάνδρου
1274 909 1327 934 τῶν
1356 905 1488 944 βασιλέων
1503 914 1509 921 ·
1553 907 1597 934 καὶ
1639 907 1724 946 τρίτον
1754 902 1894 944 (Ρωμανοῦ,

1079 950 1266 990 Χριστοφόρου,
1295 951 1338 978 καὶ
1379 952 1586 988 Κωνσταντένου,
1627 950 1686 979 κατ’
1726 950 1808 991 ἴχνος
1841 951 1894 980 τοῖς

1077 993 1167 1026 ἄλλοις
1185 995 1277 1032 βαῖνον
1295 1003 1302 1010 '
1334 995 1377 1023 καὶ
1401 994 1466 1023 ἄλλο
1482 995 1525 1024 ἐπὶ
1538 996 1654 1028 τούτοις.
1685 996 1836 1035 Νικηφόρον
1856 997 1896 1022 τοῦ

1077 1042 1158 1066 Φωκᾶ
1174 1049 1182 1055 ·
1219 1040 1262 1067 καὶ
1288 1040 1409 1078 πέμπτον
1442 1040 1483 1068 ἐπὶ
1519 1041 1633 1077 τούτοις,
1662 1045 1709 1069 τοῦ
1737 1041 1790 1079 πρὸ
1811 1040 1895 1077 μικρώ
1923 1038 1924 1041 “

1078 1081 1292 1121 βεϐασιλευκότος
1333 1083 1379 1111 τοῦ
1419 1085 1604 1121 Βοτανειάτου,
1648 1085 1710 1116 τοὺς
1747 1084 1894 1124 εἰρημένους

1078 1128 1178 1160 πάντας
1208 1127 1450 1167 ἐπισφραγίζοντος.
1495 1130 1543 1157 Καὶ
1577 1130 1591 1156 ὁ
1631 1129 1835 1168 Νεοκαισαρείας
1873 1127 1896 1154 δὲ

1079 1171 1230 1211 ἐστήρικται
1259 1172 1357 1209 ὁμοίως
1381 1173 1553 1210 ὑπομνήματι
1587 1178 1633 1202 τοῦ
1665 1172 1692 1200 ἐν
1720 1174 1839 1212 μακαρίᾳ

1079 1215 1147 1248 λέξει
1182 1217 1358 1256 πατριάρχου,
1382 1217 1461 1257 κυροῦ
1484 1217 1609 1257 Μιχαὴλ,
1644 1218 1686 1246 καὶ
1714 1216 1900 1257 χρωοὸούλλῳ

1081 1264 1159 1300 κυροῦ
1183 1260 1296 1300 Μιχαὴλ
1317 1264 1364 1289 τοῦ
1389 1261 1488 1291 Λούκα.
1520 1263 1686 1301 Εὗρίσκονται
1707 1261 1734 1290 δὲ
1762 1263 1810 1290 καὶ
1836 1262 1898 1300 πρέ-

1082 1304 1132 1338 ξεις
1161 1304 1366 1345 διαγορεύουσαι,
1390 1305 1430 1334 ὅτι
1460 1316 1509 1345 περ
1531 1305 1589 1334 ὅσαι
1611 1310 1665 1335 τῶν
1685 1306 1842 1335 ἐπισκοπῶν
1868 1306 1899 1337 εἰς
1923 1336 1924 1340 η

1082 1349 1272 1389 μητροπόλεων
1300 1349 1411 1388 ἔμελλον
1439 1349 1644 1384 ἀναϐιϐασθῆναι
1666 1350 1756 1387 κλέος,
1781 1352 1828 1380 οὒκ
1855 1349 1899 1377 ἄλο

1081 1393 1135 1425 λως
1158 1396 1251 1422 τούτου
1280 1394 1420 1434 ἐπέτυχον,
1453 1395 1475 1422 εἰ
1503 1395 1542 1432 μὴ
1577 1395 1741 1436 κοινωιρελὴς
1763 1395 1900 1435 προῦκειτο

1081 1439 1226 1478 οἰκονομία,
1248 1440 1291 1466 καὶ
1316 1440 1333 1473 ἡ
1364 1438 1468 1471 σύνοδος
1498 1438 1665 1477 κατεδέξατο,
1693 1441 1737 1469 καὶ
1764 1441 1782 1468 ὁ
1804 1450 1900 1478 μητρο-

1080 1482 1190 1516 πολίτης
1204 1486 1253 1516 τῆς
1279 1483 1426 1521 μελλούσης
1454 1486 1597 1521 τιμηθῆναι
1625 1484 1768 1518 ἐκκλησίας
1800 1483 1900 1513 ἀντιδό-

1081 1538 1135 1559 σεις
1159 1527 1229 1560 ἀξίας
1251 1528 1366 1567 εἰληφὼς
1391 1531 1441 1561 τῆς
1470 1528 1610 1565 βασιλικῆς
1626 1528 1722 1569 δεξιᾶς,
1739 1536 1802 1562 τοῖς
1818 1540 1900 1568 πρατ-

1080 1572 1201 1610 τομένοις
1230 1573 1366 1610 συνῄνεσε,
1404 1573 1541 1601 Τοσούτων
1573 1574 1658 1602 τοίνυν
1686 1574 1769 1603 ὄντων
1801 1575 1902 1613 βοηθη-

1081 1617 1182 1656 μάτων,
1209 1617 1252 1644 ml.
1286 1620 1380 1646 κοινῶν
1408 1624 1467 1648 τοῖς
1495 1620 1571 1656 πᾶσι,
1602 1618 1646 1646 καὶ
1674 1621 1727 1646 τῶν
1742 1619 1904 1647 καθέκαστον

1080 1660 1163 1697 ἰδίων,
1189 1660 1247 1689 ἐμοί
1273 1672 1301 1688 τε
1328 1662 1372 1689 καὶ
1398 1667 1457 1692 τοῖς
1486 1662 1588 1699 ὁμοίοις
1609 1661 1693 1702 δοκεῖ,
1719 1662 1904 1702 φιλανθρωπό-

1080 1716 1142 1733 τατε
1178 1705 1296 1745 βασιλεῦ,
1325 1706 1479 1745 παράνομον
1507 1707 1577 1734 εἶναι
1618 1707 1662 1734 καὶ
1696 1706 1829 1746 ἅῤῥυθμον
1859 1709 1904 1741 τὴν

1080 1751 1203 1783 τοιαύτην
1224 1750 1327 1789 πρᾶξιν,
1354 1751 1397 1778 καὶ
1418 1754 1471 1778 τῶν
1500 1751 1576 1790 ἱερῶν
1602 1751 1720 1780 κανόνων
1734 1752 1905 1792 ἆπεναντέιν,

1080 1796 1123 1822 καὶ
1151 1801 1209 1827 τοῖς
1238 1802 1428 1833 πνευματικοῖς
1463 1795 1533 1834 ὅροις
1567 1796 1611 1824 καὶ
1639 1795 1729 1834 νόμοις
1758 1797 1904 1837 ἀντίθετον,

1080 1841 1124 1868 καὶ
1139 1840 1190 1879 οὐχ
1217 1840 1293 1867 ἱκανὰ
1320 1841 1353 1868 τὰ
1374 1840 1445 1879 παρὰ
1466 1845 1513 1869 τοῦ
1541 1839 1698 1880 ἆντιῤῥόπου
1727 1840 1829 1880 μέρους
1859 1842 1905 1869 ἀν-

1080 1884 1238 1922 τιτιθέμενα.
1256 1884 1320 1913 Οὔτε
1343 1885 1391 1924 γὰρ
1420 1885 1605 1923 πραγματικὸς
1633 1886 1706 1916 θεῖος
1727 1886 1814 1918 τύπος
1843 1888 1905 1914 uti

1080 1931 1132 1956 τῶν
1145 1929 1220 1957 θείων
1240 1928 1357 1956 κανόνων
1391 1929 1507 1968 ἰσχύσει,
1535 1929 1572 1960 ὡς
1600 1928 1697 1957 ἄνωθεν
1725 1928 1906 1970 διατετράνω-

1080 1984 1136 2013 ται,
1154 1974 1212 2001 οὔτε
1235 1973 1289 2011 μὴν
1316 1972 1457 2008 καταδίκη,
1484 1972 1566 2011 ὁμόσε
1598 1972 1688 2011 νόμων
1712 1975 1755 2002 καὶ
1786 1977 1906 2004 κανόνων

1081 2021 1215 2057 χωροῦσα,
1233 2017 1368 2052 ἐπαινετή.
1392 2018 1421 2046 Εἰ
1445 2017 1494 2056 γὰρ
1515 2017 1559 2045 καὶ
1577 2018 1608 2045 τὸ
1630 2018 1772 2056 σημείωμα
1796 2022 1850 2053 τῆς
1880 2020 1924 2048 ἐκ

1082 2065 1147 2090 Θεοῦ
1181 2060 1315 2099 βασιλείας
1342 2072 1400 2097 σου,
1427 2063 1560 2101 τεχνικῶς
1591 2062 1635 2090 καὶ
1660 2061 1810 2101 ῥητορικῶς
1841 2075 1908 2092 κατ-

1081 2107 1245 2146 εσκεύασται,
1274 2108 1318 2135 καὶ
1345 2107 1457 2135 πιθανὸν
1488 2105 1563 2135 δοκεῖ
1590 2113 1650 2138 τοῖς
1673 2107 1789 2140 πολλοῖς
1809 2116 1817 2123 ·
1849 2108 1908 2137 ἀλλ’

217 2149 292 2180 torie
324 2149 430 2181 factum
448 2153 501 2187 est,
519 2158 555 2179 ac
571 2148 655 2188 vulgo
668 2148 756 2178 ﬁdem
773 2148 882 2178 mereri
898 2147 1013 2177 videtur
1030 2155 1037 2178 :

1102 2151 1152 2179 imo
1166 2152 1209 2179 καὶ
1237 2150 1356 2191 δυνατὸν,
1385 2151 1481 2189 νόμους
1503 2150 1608 2179 ἀνελεῖν
1635 2152 1679 2179 καὶ
1706 2152 1838 2189 κανόνας,
1868 2156 1910 2182 καὶ

215 2203 274 2224 non
290 2199 387 2225 tamen
398 2198 427 2225 et
437 2194 516 2233 leges
530 2197 617 2233 atque
635 2202 763 2224 canones
786 2197 918 2223 evertere
931 2195 1036 2232 potest,

215 2242 243 2268 at
260 2239 412 2270 veritatem
437 2242 603 2269 succutere.
629 2237 702 2268 Nam
728 2239 873 2277 argutatio
903 2240 933 2267 et
947 2237 1038 2267 ratio-

216 2283 394 2320 cinationes,
413 2293 447 2313 ex
462 2283 498 2313 iis
515 2286 720 2322 sumptas,quae
734 2282 887 2313 hominum
905 2281 1038 2321 opinioni

216 2331 424 2358 consentaneae
438 2327 657 2364 videntur,cum
674 2336 733 2357 non
744 2326 803 2356 sint
815 2335 822 2363 ;
835 2326 923 2365 longe
931 2325 1038 2357 absunt

215 2381 232 2402 a
247 2381 316 2402 vero
331 2378 420 2412 atque
431 2371 565 2402 scientia.
582 2372 644 2402 Nec
671 2371 758 2410 longa
773 2370 955 2401 consuetudo
971 2371 1036 2401 elli—

216 2416 273 2447 ciet
288 2421 466 2457 unquam,ut
491 2416 615 2456 id,quod
644 2416 680 2446 ab
704 2415 788 2446 initio
803 2415 964 2446 subsistere
979 2425 1038 2446 non

215 2461 319 2501 potuit,
337 2462 433 2492 locum
460 2460 577 2491 habeat.
603 2460 686 2491 Tunc
711 2460 789 2490 enim
819 2460 904 2500 longa
920 2469 1039 2500 quoque

216 2507 402 2538 consuetudo
418 2507 476 2537 vim
494 2506 566 2544 legis
580 2505 703 2543 obtinet,
715 2506 830 2546 quando
845 2510 1038 2546 praeterquam

217 2551 295 2591 quod
327 2550 478 2582 curatione
507 2559 566 2581 non
593 2557 714 2590 pugnat,
742 2559 797 2581 nec
826 2550 920 2589 legem
937 2551 1038 2581 everti.

215 2595 254 2626 At
269 2604 336 2626 cum
351 2596 408 2626 hoc
424 2596 510 2626 modo
526 2595 602 2626 sacri
625 2604 754 2626 canones
769 2598 948 2635 avertantur,
965 2604 1039 2636 qua-

216 2649 284 2670 nam
313 2641 428 2671 ratione
453 2639 645 2677 consuetudo,
677 2648 741 2678 quae
770 2639 812 2669 sic
837 2640 966 2680 irrepsit,
985 2640 1039 2670 ad-

216 2684 458 2715 mittetur?Nam
483 2684 551 2715 audi
564 2684 637 2723 legis
652 2683 740 2714 verba
757 2692 762 2714 :
782 2683 882 2719 «Quod
898 2693 956 2714 non
973 2694 1039 2714 cum

215 2728 332 2760 ratione
348 2729 550 2760 introductum
578 2733 632 2767 est,
646 2727 698 2759 sed
712 2737 765 2768 per
780 2737 914 2758 errorem
931 2733 960 2759 et
972 2739 1040 2760 con-

217 2774 404 2807 suetudinem
413 2775 540 2806 obtinuit
551 2774 580 2804 in
591 2772 738 2804 similibus
744 2774 842 2804 valere
850 2783 908 2804 non
919 2773 1017 2808 debet.
1025 2788 1038 2807 ι

1079 2196 1128 2229 τὴν
1143 2195 1267 2231 ἀλήθειαν
1289 2202 1458 2226 κατασεϊσαιε
1488 2196 1641 2235 Σοφιστεία,
1670 2196 1732 2235 γὰρ,
1765 2199 1814 2226 καὶ
1843 2199 1910 2227 συλ-

1079 2240 1213 2279 λογισμοὶ,
1229 2240 1258 2269 ἐκ
1279 2240 1441 2280 φαινομένων
1458 2239 1578 2277 ἐνδόξων,
1595 2241 1635 2278 μὴ
1660 2239 1743 2268 ὄντων
1770 2241 1814 2279 δὲ,

1079 2286 1116 2324 ῥω
1130 2289 1177 2314 τοῦ
1192 2285 1265 2318 ὄντος
1288 2286 1332 2314 καὶ
1350 2286 1502 2323 ἐπιστήμης
1525 2286 1599 2316 εἰσίν.
1629 2284 1703 2314 Ἀλλ’
1731 2285 1790 2316 οὐδὲ
1820 2290 1912 2328 μακρὰ

1079 2330 1212 2370 συνήθεια,
1247 2331 1278 2358 τὸ
1306 2330 1433 2370 ἆπαρχῆς
1461 2329 1651 2370 ἀνυπόστατον,
1686 2331 1724 2362 εἰς
1761 2332 1912 2362 ὑπόστασιν

1079 2374 1132 2407 ἄξει
1163 2375 1237 2404 ποτε.
1275 2375 1340 2403 Τότε
1366 2375 1415 2414 γὰρ
1437 2375 1480 2403 καὶ
1507 2375 1525 2408 ἡ
1554 2375 1642 2414 μακρὰ
1666 2376 1789 2410 συνήθεια
1838 2378 1912 2407 οὐδὲν

1082 2421 1160 2452 ἧττον
1178 2420 1259 2458 νόμου
1279 2426 1384 2458 κρατεῖ,
1410 2418 1473 2447 ὅταν
1496 2420 1561 2458 πρὸς
1588 2422 1627 2455 τῷ
1641 2419 1680 2456 μὴ
1702 2419 1849 2459 ἀλόγιστος
1867 2423 1913 2451 εἷ-

1081 2475 1133 2502 ναι,
1157 2465 1200 2492 καὶ
1215 2464 1295 2502 νόμον
1320 2464 1368 2492 οὐκ
1391 2463 1496 2504 ἀναιρῇ,
1519 2461 1580 2491 Ὧδε
1601 2462 1628 2491 δὲ
1648 2465 1701 2491 τῶν
1728 2465 1808 2493 θείων
1841 2467 1913 2495 ἀνα-

1080 2509 1248 2548 τρεπομένων
1276 2509 1404 2546 κανόνων,
1435 2509 1502 2544 ποίῳ
1530 2507 1651 2548 λογισμῷ
1679 2510 1805 2544 συνήθεια
1837 2511 1915 2550 λαμ-

1081 2552 1195 2582 ϐάνουσα
1222 2553 1386 2592 παρείσδυσιν
1413 2552 1665 2593 προσδεχθήσεταιῖ,
1710 2552 1831 2594 Ἀκούσῃ
1864 2558 1916 2596 γὰρ

1081 2601 1128 2626 τοῦ
1143 2598 1225 2636 νόμου
1240 2597 1364 2637 λέγοντος
1381 2608 1388 2615 ·
1417 2609 1428 2625 α
1448 2599 1484 2626 Τὸ
1513 2597 1552 2635 μὴ
1582 2598 1649 2634 μετὰ
1664 2597 1792 2637 λογισμοῦ
1810 2601 1919 2629 εἰσενε-

1081 2643 1156 2682 χθὲν,
1187 2642 1255 2670 ἀλλὰ
1281 2643 1349 2670 κατὰ
1376 2642 1481 2675 πλάνην
1514 2642 1559 2670 καὶ
1584 2643 1720 2677 συνήθειαν
1754 2648 1916 2683 κρατῆσαν,

1081 2687 1111 2715 οὔ
1139 2686 1181 2715 δεῖ
1202 2694 1309 2726 κρατεῖν
1334 2686 1360 2715 ἐν
1389 2693 1446 2720 τοῖς
1474 2687 1586 2724 ὁμοίοις,
1603 2697 1618 2714 n
1642 2688 1695 2716 Οὐκ
1716 2687 1874 2727 ἀγνοοῦμεν
1890 2691 1919 2719 δὲ

1081 2733 1125 2760 καὶ
1159 2732 1191 2759 τὰ
1230 2730 1292 2771 παρ’
1335 2731 1409 2760 ἐνίων
1448 2731 1646 2771 προσφερόμενα
1680 2732 1761 2772 πικρὰ
1799 2733 1919 2772 ῥήματα

1081 2778 1113 2805 τὰ
1140 2776 1317 2813 σπουδάζοντα
1346 2776 1444 2816 δωρεὰν
1469 2775 1652 2805 ἀποδεικνύειν
1678 2776 1840 2819 βασιλικὴν,
1869 2780 1921 2814 τὴν
