1942 3081
81 148 145 181 881

85 220 140 245 τῶν
164 215 331 250 Ἐκκλησίών
360 217 520 247 ἐπανάϐασιν
537 226 544 234 ⁸

83 262 186 295 ταύτην
214 262 414 301 ἀνατρέπεσθαι,
448 262 528 301 λόγου
556 263 726 304 ἄχαρις-τείας
747 263 786 300 μὴ
808 273 914 300 παρεμ-

83 307 242 338 πίπτοντος.
280 308 309 335 Et
345 308 395 346 γὰρ
430 307 568 347 ἀνθρώπῳ,
605 309 679 349 φησὶ,
711 307 871 347 δωρούμενος
900 308 914 334 ὁ

84 350 221 388 βασιλεὺς,
239 353 286 381 οὒκ
301 351 387 383 ἄλλως
411 351 587 389 ἀναλαμϐάνει
615 354 664 386 τὴν
691 351 802 392 δωρεὰν,
825 353 846 379 εἱ
875 351 913 388 μὴ

83 395 244 434 ἀχαριστίας
287 396 451 435 παρεμπέσοι
489 396 582 437 λόγος,
611 396 704 433 πολλιμ
733 395 835 434 μᾶλλον
871 395 913 423 ἐπὶ

83 443 139 467 τῶν
175 441 256 479 ἁγίων
293 439 471 480 Ἐκκλησιῶν,
500 441 539 481 ἐφ’
570 442 606 470 ὣν
628 441 786 482 ἀχαριστίαν
813 440 910 480 λέγειν,

84 486 134 513 οὒκ
159 484 278 524 εὔλογον,
302 488 409 524 Πρῶτον
434 485 482 522 μὲν
504 486 563 526 »γὰρ
592 487 656 524 πρὸς
678 487 725 518 τὰς
751 485 855 524 πόλεις,
885 484 914 512 οὖ

84 529 153 567 πρὸς
174 530 221 561 τὰς
250 529 394 562 ἐκκλησίας
424 530 441 563 ἡ
469 530 595 568 βασιλική
622 529 716 570 δωρεά.
756 531 784 558 Εἰ
813 529 840 557 ὀὶ
870 529 914 557 καὶ

83 573 142 606 θείη
158 585 201 605 τις
221 577 297 603 τοῦτο
323 574 478 611 βιαζόμενος
500 573 597 614 δωρεὰν
627 575 710 612 εἶναι,
741 573 830 602 ἄδικον
865 575 915 602 αὖ·

83 618 134 652 τὴν
149 619 264 657 εὑρήσει,
282 618 325 646 καὶ
339 618 416 655 νόμοι
427 618 614 658 ἀπρόσδεκτον,
629 621 706 648 Οὗτοι
720 619 769 658 γὰρ
783 617 913 649 κωλύουσι

84 663 191 694 καὶτὰς
209 662 311 694 ἀδίκους
327 663 456 702 αἰτήσεις⁷
480 664 524 692 καὶ
552 664 599 696 τὰς
621 663 776 703 προχείρους
806 662 913 701 εὐεργε-

85 707 157 744 σίας,
174 708 210 740 εἷς
237 705 325 735 ἄλλων
347 706 448 744 βλάϐην
478 707 645 747 αἰτουμένοις,
676 708 839 747 χαρίζεσθαι.
868 706 915 734 Καὶ

85 750 136 788 ἔτι,
153 752 200 780 οὒκ
227 750 373 790 ὀφείλουσιν
399 751 497 791 ἑτέροις
520 759 588 780 ε“ναι
610 753 745 790 ἐπιζήμιοι
768 753 793 780 αἱ
819 750 914 790 ἑτέρων

84 795 174 833 τιμαί.

761 151 1042 184 (ἱΒιΕΟΟ-ΒΟΜΑΝ
1046 153 1112 183 UM.

573 220 617 247 καὶ
638 219 677 256 μὴ
704 218 761 247 δεῖν
782 218 901 256 φάσκοντι

997 226 1060 257 eque
1075 226 1144 248 vero
1158 219 1327 258 ignoramus
1342 220 1448 251 acerba
1469 221 1569 252 isthch
1593 219 1693 257 verba,
1711 229 1776 260 quas

1721 155 1780 187 889

956 270 972 290 a
1002 262 1153 293 nonnullis
1181 263 1371 303 proferuntur
1399 264 1506 304 quibus
1532 264 1657 305 probare
1672 264 1776 296 nitun-

956 309 1014 343 tur,
1029 306 1222 337 ecclesiarum
1247 308 1283 338 ad
1304 309 1409 339 altiora
1425 309 1655 349 provectionem,
1673 319 1780 340 munus

955 359 1021 380 esse
1036 350 1280 391 imperatorium;
1309 353 1386 393 quod
1411 353 1643 384 rescindendum
1659 359 1779 392 negant,

955 393 1068 425 ratione
1094 395 1291 434 ingratudinis
1321 407 1379 427 non
1405 397 1632 428 interveniente.
1653 397 1727 428 Nam
1755 397 1780 428 si

955 438 1068 468 homini
1084 439 1212 478 largiens
1227 441 1339 481 aliquid
1355 442 1525 481 imperator.
1545 441 1693 480 inquiunt,
1720 451 1780 472 non

956 482 1042 513 aliter
1053 483 1232 515 beneficium
1249 494 1333 516 suum
1350 492 1482 523 revocat,
1509 485 1566 516 nisi
1582 495 1669 517 causa
1679 485 1780 524 iugra»

957 527 1092 558 titudinis
1112 527 1264 567 inciderit,
1292 530 1386 561 multo
1412 529 1505 570 magis
1527 530 1558 560 id
1573 530 1671 561 locum
1692 530 1782 562 habet

955 571 985 601 in
1006 571 1098 602 sacris
1112 574 1222 604 sanctis
1238 574 1384 615 ecclesiis,
1411 584 1484 615 quas
1499 574 1716 614 iugratitudinis
1730 575 1779 605 in-

955 616 1094 647 simulare
1112 618 1198 655 velle,
1224 619 1385 650 absurdum
1403 619 1503 651 fuerit.
1515 619 1634 651 Atenim
1651 619 1779 660 primum

957 671 1013 691 non
1028 661 1063 691 ad
1081 662 1234 699 ecclesias,
1265 664 1316 695 sed
1332 664 1368 694 ad
1396 663 1528 694 civitates
1544 664 1600 695 hoc
1616 663 1780 704 imperato-

956 705 1032 735 rium
1063 705 1241 738 beneﬁcium
1269 712 1394 748 spectat.
1412 708 1496 744 Quod
1526 708 1551 738 si
1566 708 1693 739 maxime
1715 709 1781 748 quis

957 753 1056 788 ponat,
1062 759 1115 790 per
1128 751 1185 781 vim
1203 757 1393 792 extorquens,
1421 761 1487 783 esse
1502 751 1705 782 donationem.
1719 752 1780 783 Re-

956 793 1051 833 periet
1075 795 1227 835 injustam,
1245 800 1272 827 et
1286 797 1401 836 legibus
1425 798 1557 828 vetitam.
1570 797 1685 837 Quippe
1700 797 1781 837 leges

87 840 250 880 prohibent
265 839 390 881 injustas
406 849 521 881 preces,
537 850 571 871 ac
594 840 695 871 faciles
719 839 904 876 donationes,
923 837 953 868 in
979 837 1103 869 aliorum
1121 840 1224 880 petitas
1241 841 1464 882 detrimentum,
1481 841 1616 872 concedi.
1636 840 1781 876 Praeterea

86 893 150 914 non
167 885 279 916 debent
292 886 418 918 aliorum
435 886 563 917 honores
578 885 644 916 aliis
661 894 726 916 esse
739 882 886 915 damnosi.

126 929 180 963 Τῆς
206 931 353 962 ὑποθέσεως
390 931 434 959 οὖν
464 930 546 963 οὕτως
582 930 715 968 ἐπιμελῶς
741 930 912 966 ζητηθείσης,
927 931 945 954 Β

85 975 177 1013 χρεὼν
198 975 317 1016 πάντως³
338 976 458 1004 θεσπέσιε
480 975 598 1015 βασιλεῦ,
622 976 671 1008 τὴν
687 974 825 1013 ἀλόγιστον
847 973 912 1000 ταύ-

83 1029 135 1051 την
161 1019 204 1046 καὶ
226 1019 315 1049 ὰδικον
342 1019 434 1060 πρᾶξιν
455 1020 521 1051 τέως
544 1021 580 1052 εἷς
599 1020 648 1052 τὴν
677 1019 739 1052 hii:
767 1018 910 1054 ἀνακδψκιι

83 1063 162 1090 θείων
183 1065 367 1102 θεσπισμάτων
391 1064 563 1102 ἐκτιθεμένων
591 1064 662 1103 παρὰ
691 1064 739 1096 τῆς
770 1065 818 1096 σῆς
841 1063 912 1099 ἡμε-

84 1107 210 1145 ρότητος,
228 1110 342 1147 γίνεσθαι
366 1109 464 1142 ταύτην
493 1108 632 1137 τουλοιποῦ
663 1107 818 1137 κωλυόντων
846 1107 911 1134 καθ-

84 1151 155 1185 άπαξ
173 1161 181 1170 '
202 1156 254 1182 τῶν
269 1154 498 1193 προηγησαμένων
513 1152 540 1181 δὲ
563 1153 746 1192 προσήκουσαν
774 1152 817 1179 καὶ
843 1161 910 1178 κατ-

84 1195 205 1230 άλληλον
248 1201 281 1236 τῇ
316 1197 528 1237 μεγαλεπηϐόλῳ
564 1198 665 1228 συνέσει
700 1208 757 1234 σου,
802 1197 909 1228 ποιῆσαι

83 1242 247 1279 οἰκονομίαν.
286 1244 335 1272 Καὶ
363 1242 422 1270 ὅσαι
456 1246 508 1270 τῶν
534 1242 682 1275 ἐκκλησιῶν
712 1241 738 1273 ἐξ
765 1241 908 1268 ἐπισκοπι-

82 1288 137 1313 κῶν
162 1285 266 1314 δικαίων
289 1288 324 1319 εἷς
353 1287 489 1327 ὑπεροχὴν
517 1286 708 1326 μητροπόλεων
735 1285 906 1324 ἀναχθεῖσαι,

81 1329 251 1370 ὑπερήλασαν
276 1331 425 1364 ἀδιακόπως
454 1332 496 1359 καὶ
527 1331 575 1364 τὴν
604 1330 712 1370 χρονίαν
739 1329 913 1368 παραγραφὴν

83 1377 132 1407 τῆς
169 1375 439 1416 τριαικονταιετηρίόος⁷
484 1376 633 1413 μενέτωσαν
677 1375 719 1402 ἐπὶ
758 1374 910 1413 σχήματος,

82 1421 128 1448 καὶ
150 1424 185 1459 τῇ
207 1422 269 1460 ἁγίᾳ
296 1423 341 1450 καὶ
371 1421 475 1461 μεγάλῃ
503 1427 550 1451 τοῦ
571 1424 636 1449 Θεοῦ
660 1419 806 1455 Ἐκκλησία
827 1418 912 1447 ἔστω-

83 1476 132 1493 σαν
155 1466 336 1504 ὑποκείμεναι,
367 1466 477 1500 Ἐπειδὴ
497 1467 541 1494 καὶ
567 1470 643 1494 τοῦτο
671 1465 814 1504 προνόμιον
849 1463 911 1491 ἐπι-

84 1511 226 1550 σκοπικὸν,
249 1512 293 1539 καὶ
327 1511 435 1544 κανόνες
463 1512 525 1539 εἰσὶν
546 1510 742 1550 ἐπιτρέποντες,
776 1507 911 1542 δεσπόζειν

996 927 1180 969 Quapropter
1210 931 1264 962 hac
1291 940 1378 962 causa
1404 935 1462 962 tam
1491 930 1649 969 diligenter
1665 931 1778 962 exami-

954 976 1032 1009 nata,
1050 978 1165 1012 oportet
1197 975 1329 1012 omnino,
1348 975 1446 1006 divine
1474 976 1646 1016 imperator,
1665 984 1778 1006 morem

953 1015 1114 1048 absurdum
1131 1025 1159 1049 et
1174 1019 1315 1060 injustum
1325 1020 1429 1050 saltem
1441 1020 1470 1050 in
1484 1015 1633 1060 posterum
1645 1019 1777 1061 abolere,

953 1069 1052 1091 sacras
1078 1064 1304 1094 mansuetudine
1319 1068 1367 1095 tua
1391 1064 1560 1095 sanctiones
1581 1069 1777 1105 proponente,

953 1105 1060 1145 quibus
1076 1107 1208 1138 edicatur
1223 1108 1252 1139 in
1270 1109 1452 1142 universum,
1471 1118 1509 1139 ne
1524 1108 1665 1147 deinceps
1679 1108 1777 1139 locum

954 1149 1058 1181 habt-at
1077 1160 1083 1181 :
1101 1161 1134 1182 ac
1150 1153 1187 1183 de
1200 1153 1248 1190 iis,
1265 1163 1330 1193 quae
1354 1157 1422 1184 ante
1438 1154 1499 1184 haec
1514 1152 1709 1191 contigerunt,
1724 1162 1777 1193 pro

953 1203 1005 1224 sua
1021 1196 1163 1235 singulari
1190 1201 1217 1227 et
1246 1197 1367 1228 heroica
1389 1197 1556 1237 prudentia,
1588 1196 1775 1236 disponente.

952 1237 1103 1285 Quotquot
1117 1240 1205 1270 etiam
1223 1241 1356 1272 ecclesiae
1367 1242 1416 1281 jus
1437 1242 1605 1283 episcopale
1623 1246 1705 1285 prius
1720 1243 1777 1273 ha-

951 1282 1066 1321 bentes,
1082 1289 1113 1315 et
1126 1285 1161 1315 ad
1175 1286 1366 1316 eminentiam
1383 1282 1632 1326 metropoliticam
1655 1292 1776 1324 evectae,

956 1327 1320 1360 citrainterturbationem
1332 1331 1420 1361 ullam
1437 1332 1606 1371 praeteriere
1617 1332 1777 1364 terminum

955 1373 1048 1411 longa;
1064 1374 1295 1414 praescriptionis
1307 1384 1452 1406 annorum
1469 1375 1588 1415 triginta
1604 1377 1654 1408 :in
1671 1377 1777 1408 eadem

953 1417 1125 1462 conditione
1153 1423 1301 1455 maneant,
1331 1423 1359 1449 et
1386 1424 1495 1450 sanctae
1521 1429 1695 1462 magnaeque
1724 1421 1779 1453 Dei

952 1459 1093 1492 Ecclesiae
1121 1462 1247 1493 subdin
1262 1463 1333 1493 sint.
1349 1459 1594 1505 Quandoquidem
1619 1459 1675 1497 hoc
1689 1465 1778 1497 etiam

953 1505 1121 1546 episcopale
1148 1507 1333 1547 privilegium
1365 1513 1419 1547 est,
1436 1513 1465 1539 et
1493 1514 1608 1541 exstant
1635 1520 1776 1548 canones,

83 1554 249 1583 ὲππίσκοπον
279 1556 422 1595 προνοειίου
456 1555 545 1594 ἑτέρας
576 1554 735 1588 Ἐκκλησίας
764 1552 806 1581 διὰ
829 1563 901 1595 παρα

997 1550 1003 1580 i
1031 1551 1215 1590 permittunt,
1254 1557 1286 1582 ut
1312 1553 1468 1593 episcopus
1496 1555 1616 1586 alterius
1644 1555 1780 1586 eaclesiae

84 1598 186 1636 δρομῆς
206 1603 259 1627 τῶν
282 1592 428 1638 εἶρημένων
441 1599 579 1629 ἐνιαυτῶν.
610 1601 680 1632 Φησὶ
707 1599 756 1638 γὰρ
776 1599 789 1626 ὁ
805 1592 839 1633 ιζ’
859 1608 911 1625 κα-

85 1644 138 1671 νὼν
168 1646 217 1676 τῆς
242 1646 269 1672 ἐν
299 1643 448 1677 Χαλκηδόνι
484 1643 601 1680 συνόδου,
633 1644 681 1676 τὴς
710 1641 768 1670 καθ’
798 1642 910 1674 ἑκάστην

85 1687 229 1720 ἐκκλησίαν
259 1688 411 1728 ἁγροικικὰς
445 1688 593 1728 παροικίας,
623 1688 640 1721 ἢ
668 1686 824 1726 ἐγχωρίους,
861 1685 911 1723 μέ-

87 1742 140 1759 νειν
185 1732 410 1771 ἆπαροσαλεύτους
455 1733 526 1772 παρὰ
567 1739 626 1763 τοῖς
668 1731 827 1771 κατέχουσιν
868 1729 912 1758 αὖ·

85 1777 132 1808 τὰς
164 1776 329 1814 ἐπισκόποις,
353 1779 396 1805 καὶ
425 1776 550 1814 μάλιστα,
574 1777 595 1804 εἰ
623 1778 811 1815 τρικκονταετῆ
847 1786 913 1814 χρο-

86 1832 129 1853 νος
154 1822 247 1854 ταύνας
277 1820 407 1853 ἀδιάστως
443 1821 644 1860 διακατέχοντες
671 1820 860 1858 ὠκονόμησαν,
884 1822 914 1849 Εἰ

85 1864 111 1893 δὲ
136 1865 211 1897 ἐντὸς
226 1866 278 1894 τῶν
299 1866 438 1905 τριάκοντα
465 1865 590 1895 ἐνιαυτῶν
617 1865 728 1904 γένηταί
752 1875 792 1896 τις
822 1865 840 1898 ἢ
862 1864 912 1902 γέ-

87 1921 161 1938 νοιτο
179 1911 238 1949 περὶ
255 1911 338 1938 αὐτῶν
365 1909 576 1950 ἀμφισϐήτησις,
606 1909 701 1942 ἐξεῖναι
729 1916 786 1941 τοῖς
816 1908 913 1948 λέγου-

86 1965 127 1982 σιν
155 1954 304 1995 ἧδικῆσθαι,
327 1956 386 1993 περὶ
414 1955 511 1983 τούτων
541 1961 624 1982 κινεῖν
655 1954 725 1993 παρὰ
753 1957 787 1991 τῇ
816 1951 914 1989 συνόδῳ

87 2002 135 2032 τῆς
174 1999 316 2039 ἐπαρχίας.
356 1997 384 2026 Ὦ
413 2010 463 2027 τινι
495 1999 555 2035 θείιμ
583 1999 673 2027 κανόνι
709 1999 754 2026 καὶ
782 1999 799 2031 ἡ
825 1998 851 2026 ἐν
877 2001 915 2034 τῷ

87 2042 213 2083 Τρούλλῳ
233 2049 279 2073 τοῦ
300 2043 427 2071 παλατίου
452 2046 566 2071 συστᾶσα
588 2043 648 2081 ἁγία
670 2041 774 2075 σύνοδος
802 2041 843 2070 δίὰ
870 2046 916 2070 τοῦ

88 2083 131 2116 κε’
159 2088 270 2120 κανόνος
304 2087 513 2121 ἐπηκολούθησε.
537 2088 588 2119 Τὰς
611 2087 638 2114 δὲ
659 2088 736 2114 τοῦτο
774 2087 912 2122 παθούσας,

89 2132 160 2170 μηδὲ
202 2133 293 2172 χρόνῳ
326 2132 517 2172 βοτιθουμένας,
552 2131 755 2172 ἐπαναστρέφειν
796 2131 914 2170 ἀναμφι-

954 1595 1173 1634 prairogativam
1199 1597 1345 1628 dictorum
1378 1607 1523 1629 annorum
1564 1599 1692 1630 decursu
1721 1599 1779 1630 sibi

953 1638 1092 1684 vindicet.
1115 1640 1212 1681 Inquit
1241 1642 1320 1672 enim
1337 1651 1430 1672 canon
1455 1651 1514 1675 xvn
1531 1644 1635 1684 synodi
1650 1645 1776 1676 Chalce—

954 1682 1223 1722 doneusis,rurales
1232 1687 1275 1716 vel
1293 1687 1489 1726 provinciales
1511 1682 1655 1728 paroacias
1673 1688 1775 1728 singu-

954 1727 1046 1758 larum
1065 1729 1256 1760 ecclesiarum
1285 1732 1476 1762 inconcussas
1491 1731 1522 1762 in
1538 1742 1643 1764 eorum
1659 1727 1777 1773 episco-

956 1782 1060 1812 porum
1078 1778 1253 1813 potestatem
1272 1784 1403 1813 manere,
1416 1776 1528 1815 quieas
1542 1777 1728 1817 possideant:
1745 1788 1780 1809 ac

956 1819 1159 1856 praesertim,si
1177 1829 1226 1850 eas
1250 1829 1395 1850 annorum
1424 1820 1545 1858 triginta
1561 1823 1670 1861 spatio,
1697 1823 1780 1853 nulla

956 1862 1173 1894 interveniente
1202 1865 1240 1901 vi,
1258 1864 1453 1904 possidentes,
1471 1865 1720 1897 administrarint.
1746 1867 1779 1898 Si

955 1912 1024 1932 vero
1040 1904 1115 1933 intra
1131 1904 1197 1934 illos
1212 1914 1306 1935 annos
1321 1905 1359 1934 30
1379 1905 1424 1935 vel
1439 1905 1588 1944 inciderit,
1606 1908 1651 1938 vel
1666 1907 1780 1938 incidat

956 1947 1051 1987 aliqua
1068 1949 1106 1978 de
1116 1948 1158 1978 eis
1174 1948 1316 1979 dubitatio
1332 1960 1339 1985 ;
1351 1949 1441 1980 licere
1452 1949 1667 1988 dicentibus,se
1678 1961 1779 1991 passos

956 1991 1107 2031 iujuriam,
1126 1998 1155 2023 ut
1170 1993 1207 2023 de
1238 1994 1284 2023 his
1313 1994 1390 2033 apud
1406 1994 1553 2034 synodum
1568 1995 1779 2034 provincialem

957 2040 1051 2075 agant.
1070 2035 1162 2072 Quem
1180 2047 1296 2068 sacrum
1313 2047 1456 2068 canonem
1481 2043 1581 2069 sancta
1596 2049 1713 2080 quoque
1729 2050 1779 2080 sy-

957 2080 1052 2110 nodus
1077 2081 1107 2110 in
1135 2081 1237 2111 Trullo
1264 2081 1363 2122 palatii
1391 2082 1501 2119 habita,
1520 2092 1634 2114 canonu
1659 2093 1721 2115 xxv
1735 2088 1781 2115 est

957 2129 1068 2155 secuta.
1086 2125 1200 2161 Quibus
1227 2131 1324 2156 autem
1355 2127 1411 2157 hoc
1437 2127 1602 2166 contigerit.
1622 2128 1647 2159 si
1661 2133 1780 2168 tempo-

87 2169 188 2208 λέκτως
265 2178 297 2205 τὰ
409 2177 511 2205 οἰκείων
534 2176 724 2216 μητροπόλεων
746 2175 842 2206 δίκαια,
871 2179 901 2203 Mc

1008 2170 1222 2201 adminiculum
1250 2171 1362 2201 nullum
1394 2171 1539 2208 habeant;
1565 2173 1637 2203 citra
1659 2178 1780 2204 contra—

88 2221 241 2262 ταραττέτω
277 2221 304 2249 δὲ
340 2221 389 2255 τήν
432 2221 558 2260 κραταιὰν
592 2222 636 2249 καὶ
677 2221 752 2259 ἁγίαν
781 2219 913 2258 βασιλείαν

89 2278 147 2302 σου,
165 2267 194 2294 τὸ
209 2267 276 2294 κατὰ
295 2265 439 2306 φαντασίαν
453 2266 679 2305 παρεισαγόμενον
695 2265 803 2302 ἄτοπον,
840 2265 883 2292 καὶ
897 2265 915 2298 ἡ

89 2310 203 2339 δοκοῦσα
225 2312 406 2350 προσγίνεσθαι
435 2316 496 2341 ταῖς
526 2309 679 2343 ἐκκλησίαις
707 2308 791 2348 ὕϐρις,
816 2309 915 2346 ἀτιμα-

89 2356 213 2393 ζομέναις
243 2355 332 2393 ὥσπερ
360 2358 398 2391 τῷ
426 2355 589 2394 ὑφαιρεῖσθαι
621 2358 668 2382 τοῦ
696 2351 917 2393 μητροπολιτικοῦ

90 2400 240 2438 ἀξιώματος
247 2423 251 2429 .

132 2491 188 2518 Οὐκ
228 2488 282 2516 ἔστι
325 2489 374 2528 γὰρ
415 2491 493 2516 τοῦτο
544 2486 628 2526 ὕϐρις,
683 2487 713 2514 τὸ
754 2487 916 2526 ὑφαιρεῖσθαι

93 2533 224 2570 ἐνθέσμως
248 2542 256 2550 ⁸
279 2533 428 2561 τούναντίον
456 2531 483 2560 δὲ
513 2531 614 2570 μᾶλλον
636 2532 666 2559 τὸ
694 2530 792 2571 ἕτερον,
822 2532 852 2558 τὸ
868 2530 915 2558 ἐκ·

94 2577 182 2617 φύλως
204 2578 247 2606 καὶ
270 2577 402 2615 ὲκθέσμως
437 2577 587 2616 γινόμενον.
625 2575 724 2615 Εὕρέθη
757 2575 806 2614 γάρ
828 2586 852 2602 τι
874 2575 917 2603 καὶ

94 2627 212 2651 τοιοῦτον
240 2622 383 2661 γενόμενον
421 2621 503 2661 κρίσει
539 2619 673 2661 στρνοόικῃ,
713 2620 756 2648 καὶ
791 2619 918 2661 ἐπικρίσει

96 2666 221 2705 βασιλικῇ
236 2660 360 2706 κυρωθέν,
384 2668 438 2699 Τῆς
460 2666 509 2705 γὰρ
539 2662 686 2698 ἐπισκοπῆς
710 2667 757 2692 τοῦ
793 2660 918 2699 (Ροιζαίολ)

96 2712 146 2739 ὑπὸ
173 2712 219 2739 τὸν
256 2711 414 2750 Καισαρείας
453 2709 592 2750 τελούσης,
634 2710 678 2737 καὶ
709 2708 920 2748 ἀρχιεπισκοπῆς

95 2755 240 2795 γενομένης
269 2756 341 2794 παρὰ
369 2758 503 2794 Γερμανού
524 2755 570 2782 τοῦ
591 2753 760 2792 ὁμολογητοῦ
789 2754 833 2781 καὶ
866 2764 922 2781 πα·-

100 2801 238 2841 τριάρχου,
262 2801 306 2828 καὶ
329 2803 373 2829 τοῦ
394 2798 436 2828 ἐπ’
467 2799 564 2829 ἐκείνου
592 2798 786 2837 βασιλεύοντος,
816 2798 923 2839 χρόνοις

957 2214 1115 2244 dictionem
1132 2215 1168 2245 ad
1191 2224 1309 2245 suarum
1336 2216 1541 2256 metropolium
1563 2217 1631 2256 jura
1643 2218 1778 2248 redeant.

957 2258 1058 2299 Neque
1073 2268 1140 2289 vero
1158 2264 1367 2299 praepotentem
1384 2266 1576 2300 sanctamque
1597 2261 1780 2300 maiestatem

959 2308 1037 2334 tuam
1054 2313 1089 2334 ea
1104 2304 1202 2334 turbet
1217 2304 1465 2344 absurditas,quae
1480 2305 1580 2343 specie
1601 2311 1687 2337 tenus
1701 2316 1780 2347 pra;-

959 2348 1098 2384 tenditur,
1108 2357 1172 2386 ‘nec
1200 2349 1391 2384 contumelia,
1418 2358 1482 2389 quae
1497 2349 1615 2380 videtur
1641 2350 1781 2382 Ecclesiis

957 2392 1096 2431 irrogari;
1114 2402 1180 2423 cum
1194 2393 1313 2423 infamia
1325 2393 1408 2433 quasi
1420 2394 1690 2434 notarivideantur,
1709 2396 1780 2427 dum

958 2436 1150 2476 motropolica
1163 2437 1290 2476 dignitas
1305 2438 1333 2468 ei
1348 2438 1498 2469 adimitur.

999 2482 1063 2513 Non
1079 2481 1156 2512 enim
1174 2482 1314 2521 probrum
1329 2486 1374 2512 est
1389 2482 1518 2521 legitime
1534 2483 1687 2524 quidpiam
1697 2484 1782 2515 amit-

959 2529 1020 2556 tere
1038 2535 1044 2556 :
1063 2525 1114 2556 sed
1131 2535 1148 2556 e
1163 2527 1310 2557 contrario
1339 2527 1436 2566 potius
1462 2527 1534 2558 illud
1549 2528 1686 2565 alterum,
1703 2529 1782 2569 quod

959 2579 1040 2600 more
1057 2575 1177 2610 novo,et
1192 2576 1298 2610 praeter
1310 2570 1389 2609 leges
1405 2572 1609 2604 committitur.
1622 2573 1659 2604 Et
1671 2573 1782 2614 depre-

959 2615 1083 2645 hensum
1096 2621 1141 2644 est
1157 2615 1267 2655 aliquid
1286 2615 1343 2646 tale
1358 2615 1464 2646 factum
1481 2615 1518 2648 de
1535 2617 1681 2649 sententia
1691 2627 1781 2658 syno-

960 2659 1018 2690 dali
1035 2665 1065 2689 et
1091 2659 1278 2700 imperatorio
1304 2660 1425 2691 decreto
1455 2662 1688 2693 corroboratum.
1704 2664 1781 2694 Nam

963 2714 1029 2735 cum
1053 2705 1238 2745 episcopatus
1265 2705 1393 2737 Rhoezzei
1417 2706 1472 2737 sub
1488 2706 1629 2739 Caesareae
1641 2708 1782 2748 pontiﬁce

964 2750 1006 2790 lit,
1023 2754 1051 2780 et
1060 2750 1334 2790 archiepiscopatus
1343 2750 1446 2781 fuisset
1462 2760 1479 2781 a
1489 2751 1648 2789 Germauo,
1661 2753 1781 2784 confes-

965 2803 1032 2826 sore
1046 2803 1080 2825 ac
1091 2794 1257 2834 patriarcha
1271 2804 1278 2833 ;
1299 2794 1414 2836 subque
1429 2795 1563 2836 principe
1578 2796 1629 2838 qui
1643 2796 1783 2829 Germani
