1942 3081
209 140 269 173 883

887 146 953 178 JUS
973 145 1207 178 CANONICUM.

1838 141 1889 173 884

206 216 340 254 tempore
355 208 470 249 prafuit
479 209 606 251 imperio
624 222 630 239 :
645 210 780 242 ducentis
791 215 857 251 post
867 211 964 252 annis,
976 211 1030 242 sub

1117 213 1213 246 κοσίοις
1247 213 1366 254 ὕστερον,
1408 214 1450 242 ἐπὶ
1479 212 1662 253 Θεοφυλάκτου
1696 214 1742 240 toﬁ
1778 209 1889 248 ἀοιδίμου

206 253 319 285 celebri
345 254 511 294 patriarcha
537 255 768 296 Theophylacto,
798 256 885 295 jussu
907 256 1034 287 Romani

209 298 336 329 senioris
351 298 551 339 imperatoris,
570 308 674 339 preces
696 300 841 331 otferente
864 300 1032 341 Nicephoro

208 342 348 382 quodam,
365 347 484 383 pastore
500 344 636 384 principe
660 343 906 385 Neocaesariensi,
923 346 1032 376 consti-

209 390 303 418 tutum
332 391 378 418 est
404 387 532 419 tribunal
561 389 680 420 mistum
709 399 743 420 ex
777 390 975 430 pontiﬁcibus,
1004 393 1033 420 et

208 431 304 462 doctis
318 431 390 462 viris
418 433 586 471 senatoriis,
615 433 720 464 eodem
749 434 927 474 patriarcha,
944 443 1031 474 quem

208 475 346 513 diximus,
378 476 565 516 praesidente.
593 477 656 514 Quo
680 478 710 509 iu
733 479 846 518 judicio
867 479 1031 510 secundum

209 521 468 561 metropolitanum
485 526 529 552 est
549 523 782 562 pronuntiatum.
799 523 860 554 Hoc
876 523 1031 554 manifesto

209 570 292 605 paret
315 574 351 596 ex
367 565 485 597 illorum
514 567 734 603 snbnotatione,
751 568 802 608 qui
827 568 865 598 de
879 576 967 600 causa
979 577 1032 598 co-

207 613 394 649 gnoverunt;
420 611 515 651 deque
537 617 729 644 monumento
756 613 828 643 dicti
845 613 1030 653 patriarchae,

207 657 236 684 et
265 663 355 685 aurea
383 654 464 686 bulla
489 655 716 696 imperatorum,
743 657 881 694 Romani,
903 657 1032 688 Christo-

209 697 306 738 phori,
322 704 352 729 et
363 700 549 731 Constantini
560 700 736 740 obsignante
752 701 895 741 judicata.
906 701 965 731 Nec.
980 700 1032 732 abs

207 751 241 773 re
256 742 376 782 quidem
393 743 522 784 benigne
543 745 717 785 imperator.
735 745 808 776 Nam
823 745 902 786 quod
921 745 1032 776 factum

208 789 255 818 est
270 787 570 828 male,corrigendum
581 793 625 819 est
635 789 723 820 bene.
741 789 790 820 Sic
806 790 943 829 equidem
960 798 1031 819 sen-

209 831 260 863 tio.
278 830 327 862 Sic
337 833 506 872 pronunlio,
524 833 668 864 doctrinis
679 843 695 864 a
706 834 868 874 majoribus
879 833 962 874 quasi
979 842 1032 873 per

1075 258 1252 298 πατριάρχου,
1275 253 1390 286 κελεύσει
1425 257 1555 296 βασιλέως
1585 253 1720 295 Ῥωμανοῦ
1748 258 1797 284 τοῦ
1830 264 1890 293 πρε-

1074 301 1207 341 σϐυτερου,
1231 302 1256 335 ἐξ
1285 304 1414 338 αἰτήσεως
1449 302 1599 342 Νικηφόρου
1635 302 1717 337 τινος,
1749 299 1890 337 ποιμενάρ-

1073 358 1125 386 χου
1158 348 1360 388 Νεοκαισαρείας
1402 348 1592 387 τυγχάνοντος,
1636 345 1805 382 δικαστήριον
1845 343 1890 371 ἀν-

1073 391 1137 425 έστη
1152 392 1294 431 συμμιγὲς,
1311 392 1340 420 ἔκ
1354 403 1382 420 τε
1407 392 1565 432 ἀρχιερέων,
1588 391 1631 419 καὶ
1651 390 1802 429 ἒλλογίμων
1829 399 1889 426 συγ-

1073 436 1215 474 κλητινῶν,
1246 437 1446 477 προκαθημένου
1482 438 1525 465 καὶ
1553 436 1632 464 αυτοῦ
1674 438 1721 463 τοῦ
1758 433 1889 473 εἰρημένου

1073 482 1248 521 πατριάρχου.
1276 483 1325 510 Καὶ
1347 483 1364 516 ἡ
1394 484 1493 510 νικῶσα
1516 484 1551 518 εῷ
1579 477 1766 520 μητροπολίτῃ
1795 476 1867 509 ἐδόθη
1883 486 1889 494 ·

1073 525 1214 564 παρίστησι
1256 527 1332 554 τοῦτο
1376 529 1486 565 τρανῶς.
1530 526 1561 553 τὸ
1601 527 1653 552 τῶν
1696 522 1890 551 δικαιωσάντων

1073 570 1227 608 σημείωμο,
1257 572 1300 599 καὶ
1326 571 1473 608 ὑπόμνημα
1492 573 1538 599 τοῦ
1560 569 1683 608 ῥηθέντος
1715 567 1891 608 πατριάρχου,

1073 615 1116 642 καὶ
1150 613 1343 654 χρυσόϐουλλος
1377 615 1456 653 λόγος
1487 617 1540 642 τῶν
1561 607 1709 652 νβαςιλέων,
1749 607 1892 649 Ῥωμανοῦι

1074 661 1261 701 Χριστοφόρου,
1303 662 1346 689 καὶ
1387 660 1593 696 Κωνσταντίνου,
1637 658 1834 698 ἑπισφραγίζων
1865 657 1894 683 :‘z

1072 705 1224 744 κεκριμένα,
1242 706 1291 733 Καὶ
1312 705 1433 742 εἰκότως,
1464 704 1591 744 φιλάγαθε
1621 702 1740 742 βασιλεῦ.
1782 702 1818 730 Τὸ
1847 701 1892 739 γὰρ

1073 751 1161 782 κακῶς
1189 749 1343 789 γενόμενον,
1380 749 1437 777 δέον
1469 748 1640 788 διορθωθῆναι
1683 747 1786 778 καλῶς.
1825 744 1894 774 Οὕτω

1073 797 1169 833 φρονῶ.
1207 794 1295 826 Οὕτως
1338 794 1526 834 ἀποφαίνομαι,
1557 800 1617 825 ταῖς
1653 789 1893 831 πατροπαραδότοις

1073 837 1249 871 διδασκαλίαις
1277 842 1329 866 τῶν
1357 839 1437 877 ἁγίων
1474 839 1603 878 θεοφόρων
1646 836 1772 876 Πατέρων
1802 834 1894 871 ἑπόμε-

210 885 314 922 manus
328 877 460 922 acceptis
474 882 644 908 sanctorum
657 879 881 918 afﬂatorumque
892 878 1032 908 divinitus

1121 905 1129 916 .
1160 883 1203 911 καὶ
1230 890 1288 914 τοῖς
1316 885 1397 922 ἱεροῖς
1426 883 1470 911 καὶ
1490 877 1569 914 θείοις
1596 882 1688 910 κανόσι
1714 882 1847 919 ποιχῶν,
1864 879 1896 907 0-3

209 920 328 951 Patrum
344 920 534 959 insistens,et
542 926 746 953 sacrosanctos
754 932 883 953 canones
893 931 1030 962 sequens.

207 964 269 995 Nec
285 965 365 996 enim
381 970 529 1005 sanctum,
547 962 602 997 ne'c
618 967 732 1006 justum
755 967 848 1004 duco;
865 967 940 1006 quod
953 967 1034 1006 juste

209 1012 372 1049 sancteque
382 1010 490 1041 factum
508 1021 565 1041 non
590 1016 644 1043 est.
673 1011 736 1042 Non
760 1012 847 1042 etiam
874 1011 1032 1041 multorum

211 1053 367 1093 opiniones
395 1059 506 1093 metuo,
535 1056 586 1096 qui
610 1066 658 1087 me
678 1057 778 1086 volunt
795 1065 946 1087 concessae
962 1054 1034 1085 mihi

211 1097 352 1130 divinitus
361 1099 502 1131 Ecclesiae
515 1100 738 1140 privilegiorum
752 1101 897 1132 rationem
910 1100 1031 1135 habere,

211 1152 268 1174 nec
284 1152 318 1173 ea
334 1144 379 1174 vel
390 1145 600 1184 negligere,vel
611 1150 721 1176 temere
738 1144 942 1184 prodere.Non
954 1143 1033 1174 enim

208 1187 266 1219 hoc
282 1188 454 1228 pontificum
471 1193 525 1225 est,
550 1194 582 1220 ut
599 1190 767 1221 necessario
783 1193 886 1230 putent
901 1187 1036 1219 ecclesia:

213 1241 274 1263 sua;
290 1232 442 1273 privilegia
468 1234 525 1265 sibi
551 1235 625 1265 citra
651 1235 810 1265 discrimen
835 1233 953 1270 tuenda,
979 1237 1035 1262 tam

209 1278 303 1318 justa,
321 1288 408 1319 quam
437 1280 547 1320 injusta
565 1291 571 1310 :
589 1280 640 1311 sed
657 1290 722 1321 quae
743 1281 823 1320 justa
837 1284 916 1316 sunt,
945 1278 1036 1309 invio-

213 1322 314 1354 labilia
335 1327 474 1363 praestare
499 1325 628 1362 debent;
662 1325 780 1364 injustis
808 1333 876 1354 vero
917 1323 1035 1354 cedere.

213 1366 286 1398 Nam
302 1368 352 1408 qui
368 1377 538 1400 sermonem
565 1369 696 1400 veritatis
719 1373 799 1400 recte
812 1377 913 1400 secare
929 1368 966 1398 de
981 1368 1037 1397 do-

212 1412 317 1443 ctrinis
343 1413 489 1443 sermonis
520 1414 572 1444 Dei
602 1413 825 1453 Servatorisque
849 1413 941 1443 nostri
965 1411 1036 1442 Jesu

212 1455 334 1494 Christi,
351 1456 402 1497 qui
416 1457 523 1489 veritas
539 1457 603 1498 ipsa
617 1462 673 1494 est,
691 1458 811 1488 omnino
824 1457 900 1497 jussi
921 1465 1033 1494 sumus,

1074 927 1123 966 γὰρ
1145 926 1227 966 ὅσιον,
1259 926 1315 956 οὐδὲ
1344 926 1441 955 δίκαιον
1469 926 1585 966 ἥγημαι,
1614 927 1644 954 τὸ
1667 926 1706 963 μὴ
1736 924 1844 956 δικαίως
1871 933 1896 950 τε

1074 972 1118 999 καὶ
1139 973 1217 1004 ὁσίως
1246 973 1387 1011 γενόμενον
1403 980 1411 988 ⁸
1443 973 1534 1000 οὒκοῦν
1556 970 1614 999 οὔδε
1638 970 1755 1010 πέφρικα
1774 970 1822 999 τὰς
1849 971 1896 995 τῶν

1075 1015 1181 1044 πολλῶν
1202 1016 1360 1056 ὑπολήψεις,
1391 1015 1530 1049 ἀξιούντων
1562 1026 1596 1053 με
1624 1017 1677 1042 τῶν
1706 1014 1755 1047 τῆς
1778 1013 1808 1041 ἐκ
1837 1016 1896 1040 Θεοῦ

1075 1059 1216 1094 δεδομένης
1245 1073 1290 1098 μοι
1317 1061 1459 1094 ἐκκλησίας
1488 1061 1680 1088 ἀντιποιεῖσθαι
1709 1060 1755 1087 καὶ
1789 1057 1828 1096 μή
1848 1068 1894 1085 κα-

1075 1105 1201 1142 ταμελεϊν
1230 1106 1388 1144 προνομίων,
1419 1106 1463 1134 καὶ
1491 1105 1607 1136 εὒκόλως
1635 1109 1718 1134 ταῦτα
1750 1104 1894 1143 προΐεσθαι,

1076 1150 1112 1177 Οὔ
1147 1150 1196 1189 γάρ
1224 1150 1278 1178 ἐστι
1311 1151 1363 1178 τῶν
1392 1149 1552 1189 ἀρχιερέων,
1583 1150 1619 1180 ὡς
1654 1149 1804 1187 ἐπάναγκες
1827 1147 1894 1174 εἶναι

1077 1194 1128 1221 τῶν
1156 1195 1204 1227 τῆς
1241 1195 1337 1225 οἰκείας
1379 1194 1522 1227 ἓκκλησίας
1563 1194 1712 1233 προνομίων
1755 1190 1897 1231 ἀδιαφόρως

1077 1238 1232 1278 ἀντέχεσθαι
1258 1238 1361 1266 δικοίων
1390 1249 1418 1266 τε
1446 1239 1502 1276 ἅμα
1528 1239 1571 1266 καὶ
1607 1237 1706 1266 ἀδίκων
1724 1245 1731 1252 ·
1774 1235 1843 1264 ἀλλὰ
1869 1235 1897 1262 τὰ

1078 1283 1126 1319 μὲν
1160 1282 1246 1311 δίκαια
1281 1283 1418 1322 φυλάττειν
1460 1281 1598 1318 ἀλώϐητα,
1649 1285 1702 1310 τῶν
1742 1280 1771 1309 δὲ
1808 1279 1895 1307 ἀδίκων

1077 1327 1246 1367 ὑπεκχωρετν
1272 1329 1315 1356 καὶ
1351 1328 1508 1366 ἐξεστασθαι.
1545 1329 1581 1356 Οὒ
1601 1328 1651 1367 γὰρ
1682 1328 1727 1354 τὸν
1759 1327 1809 1358 τῆς
1831 1324 1893 1356 ἀλη-

1077 1371 1146 1403 θείας
1173 1371 1252 1411 λόγον
1291 1373 1444 1410 ὀρθοτομετν
1487 1373 1516 1400 ὲκ
1551 1374 1602 1400 τῶν
1646 1370 1816 1409 διδαγμάτων
1853 1371 1895 1400 τῆς

1076 1414 1263 1450 αὒτοαληθείας
1298 1422 1345 1446 τοῦ
1373 1417 1458 1454 Λόγου
1487 1420 1551 1446 Θεοῦ
1584 1417 1628 1444 καὶ
1663 1418 1790 1454 Σωτῆρος
1826 1413 1896 1450 ἡμῶν

1077 1456 1165 1493 ἰησοῦ
1200 1465 1312 1500 Χριστοῦ
1347 1461 1462 1494 κοθάπαξ
1499 1460 1713 1498 κεκελευσμένοι,
1744 1461 1793 1488 οὒκ
1821 1457 1892 1484 ἀναί-

212 1509 272 1531 non
298 1501 385 1541 plane
409 1502 486 1541 apud
516 1502 608 1533 Deum
637 1506 774 1542 expertes
798 1501 909 1532 erimus
930 1501 1033 1540 culpa;

1117 1517 1129 1532 ηι
1151 1506 1255 1538 πάντως
1286 1506 1398 1543 ἐσόμεθα
1432 1509 1468 1542 τῷ
1502 1509 1570 1542 Θεῷ,
1602 1506 1623 1532 εἰ
1651 1505 1783 1543 προῦργου
1819 1507 1894 1532 ταῦτα

212 1545 238 1575 si
250 1545 287 1576 ob
297 1546 389 1576 animi
401 1548 493 1577 nostri
518 1547 654 1578 affectum
673 1546 734 1577 hmc
748 1546 830 1576 lucra
845 1545 1035 1576 sectabimur.

211 1589 253 1620 Ac
282 1599 336 1621 nos
361 1590 494 1631 quidem,
521 1600 538 1621 a
563 1590 671 1630 quibus
694 1591 862 1621 necessario
878 1589 1034 1629 ﬂagitatur,

213 1637 245 1665 ut
258 1634 364 1665 divinis
380 1635 535 1676 praeceptis
546 1639 576 1666 et
592 1634 801 1666 traditionibus
816 1634 945 1670 Patrum,
964 1633 1037 1663 nihil

213 1679 356 1710 ducamus
379 1680 541 1720 antiquius,
573 1679 626 1710 sed
654 1688 689 1710 ea
716 1688 767 1719 pro
790 1677 900 1708 viribus
929 1677 1038 1708 nostris

211 1722 326 1754 illibata
341 1733 495 1754 servemus
508 1734 516 1762 ;
532 1723 574 1754 sic
590 1727 619 1754 et
634 1723 825 1761 sentimus,et
836 1722 1034 1754 decernimus.

209 1768 307 1801 Velim
333 1777 413 1808 vero,
431 1772 481 1800 tua
496 1777 615 1809 quoque
631 1769 678 1808 pia
705 1768 956 1807 serenissimaque
972 1776 1036 1797 ma-

208 1812 302 1852 jestas
316 1822 380 1844 rem
398 1812 578 1849 consideret,
595 1812 734 1853 quodque
750 1813 826 1843 facto
850 1812 938 1843 fuerit
951 1820 1035 1850 opus,

210 1857 319 1890 faciat:
349 1861 440 1898 atque
466 1857 522 1888 hoc
549 1857 638 1888 modo
664 1857 803 1896 majestas
822 1861 870 1888 tua
890 1857 931 1896 id,
959 1855 1037 1896 quod

213 1902 334 1933 omnino
350 1906 379 1933 et
393 1902 638 1941 reprehensionis
652 1906 682 1932 et
704 1901 834 1932 scandali
849 1910 955 1942 expers
969 1900 1035 1938 erit,

211 1949 270 1977 tam
286 1946 381 1987 ipsius
407 1945 472 1984 Dei,
489 1955 578 1986 quam
594 1955 744 1978 sacrorum
771 1955 917 1976 canonum
931 1954 1036 1985 respe-

213 1995 273 2032 ctu,
286 1994 394 2022 servet.

520 2047 629 2080 LUCIE
651 2048 726 2088 (οδ).

208 2107 254 2139 Ne
269 2107 375 2138 clerici
389 2105 529 2145 auferant
543 2114 592 2145 ea,
617 2114 683 2144 quae
697 2105 736 2135 ad
751 2105 890 2136 ecclesias
905 2105 952 2136 vel
968 2105 1033 2145 epi-

392 2155 495 2187 scopos
509 2146 670 2177 morientes
684 2146 845 2186 pertinent.

247 2246 339 2279 Mensi
366 2246 464 2278 Martii
492 2245 541 2277 die
569 2254 600 2283 x,
624 2245 698 2276 feria
727 2254 747 2284 ι,
776 2245 955 2286 praesidente
971 2255 1035 2276 san-

212 2291 344 2323 ctissimo
361 2291 482 2322 domino
511 2294 613 2321 nostro
630 2293 659 2320 et
683 2290 841 2321 universali
858 2290 1034 2330 patriarcha,

210 2336 330 2368 domino
347 2335 475 2373 Luca,in
495 2334 609 2366 dextris
627 2333 774 2365 Alexiacis
788 2335 1032 2371 catechumeniis,

208 2380 410 2413 assidentibus
434 2380 464 2410 in
491 2379 618 2411 concilio
650 2387 764 2417 magnae
779 2379 872 2419 ipsius
888 2379 1034 2410 sanctitati

207 2424 415 2456 sacratissimis
431 2423 621 2464 pontificibus
637 2422 823 2464 Caesariensi,
836 2423 1032 2462 Heracliensi,

208 2470 390 2507 Amasiensi,
405 2469 561 2507 Melitenae,
587 2468 860 2506 Thessalonicensi,
877 2468 1032 2499 Neocaesa-

207 2514 311 2552 riensi,
329 2514 467 2556 Myrensi,
483 2513 624 2550 Mocisso,
650 2513 799 2551 Cretensi,
824 2513 1033 2553 Trajanopoli-

207 2562 288 2598 tano,
316 2558 548 2599 Hierapolitano,
580 2557 660 2595 1Eni,
688 2557 1032 2598 Dristrae,Nazianzeno,

205 2603 360 2644 Abydeno,
388 2603 514 2641 Milesio,
555 2601 707 2643 Selybriae,
735 2602 840 2642 Bizyae,
871 2604 1030 2641 Maronea},

207 2648 298 2687 Parii,
322 2649 378 2688 Cii,
400 2651 490 2690 Apro,
516 2647 608 2684 Nicae,
638 2646 775 2684 Gotthiae,
803 2647 1031 2686 Matrachorum,

1078 1549 1119 1577 διὰ
1140 1550 1221 1582 πάθος
1243 1552 1275 1578 τὰ
1302 1549 1381 1589 κέρδη
1406 1550 1564 1587 ποιήσομεν.
1590 1549 1639 1578 Καὶ
1659 1550 1741 1586 ἡμεῖς
1774 1549 1822 1585 μὲν
1845 1558 1896 1584 μη-

1078 1593 1119 1622 δὲν
1135 1595 1321 1634 προτιμότερον
1336 1597 1388 1622 τῶν
1416 1594 1490 1622 θείων
1512 1593 1625 1621 ἐντολῶν
1653 1593 1697 1620 καὶ
1719 1592 1773 1620 τῶν
1803 1594 1896 1630 Πατρι-

1077 1642 1130 1666 κῶν
1166 1639 1334 1678 παραδόσεων
1370 1645 1456 1666 ποιεῖν
1485 1637 1625 1677 ἐξανάγκες
1654 1636 1815 1677 ὀφείλοντες,
1844 1633 1896 1663 ἀλλ’

1078 1683 1255 1720 ἆμενάπτωτα
1272 1686 1352 1711 ταῦτα
1372 1682 1522 1721 φυλάττειν,
1553 1683 1589 1713 ὡς
1618 1681 1739 1718 δύναμις,
1763 1681 1833 1708 οὕτω
1858 1680 1896 1706 καὶ

1078 1739 1188 1765 νοουμεν
1203 1729 1246 1755 καὶ
1261 1728 1410 1766 ὁριζόμεοα.
1434 1727 1602 1760 Σκοπησάτω
1631 1725 1657 1753 δὲ
1679 1727 1722 1753 καὶ
1743 1726 1775 1753 τὸ
1798 1723 1895 1754 εὗσεὸὲς

1077 1773 1120 1800 καὶ
1143 1771 1314 1811 παγγάλτινον
1328 1771 1423 1810 κράτος
1439 1782 1495 1808 σου,
1511 1772 1556 1799 καὶ
1568 1770 1772 1807 οἰκονομησάτω
1787 1771 1816 1798 τὸ
1831 1768 1894 1796 δέον

1078 1817 1122 1844 καὶ
1138 1817 1151 1844 ὂ
1166 1817 1271 1847 πάντως
1287 1815 1437 1853 ἄμεμπτον,
1455 1816 1498 1843 καὶ
1513 1816 1693 1855 ἀπρόσκοπον,
1705 1815 1749 1842 καὶ
1765 1815 1829 1854 πρὸς
1838 1813 1895 1841 Θεὸν

1080 1862 1170 1898 αὐτὸν,
1186 1862 1230 1889 καὶ
1245 1861 1309 1900 πρὸς
1325 1861 1386 1891 τοὺς
1401 1861 1484 1899 ἱεροὺς
1499 1859 1612 1891 κανόνας
1627 1857 1780 1898 διαφυλάξοι
1795 1859 1812 1892 ἡ
1823 1859 1895 1896 βασι-

1079 1904 1137 1933 λεία
1150 1916 1207 1936 σου,

1425 2048 1550 2075 ΛΟΥΚΛ.

1080 2118 1092 2136 (ι
1124 2109 1185 2147 Περὶ
1212 2113 1259 2137 τοῦ
1294 2108 1332 2145 μὴ
1368 2107 1564 2147 ἀφαρπάζεσθαι
1593 2107 1653 2139 τοὺς
1689 2106 1831 2146 κληρικοὺς
1864 2105 1892 2133 τὰ

1116 2146 1176 2179 ταις
1239 2146 1427 2184 ἐκκλησίαις]
1458 2147 1476 2181 ἣ
1533 2146 1688 2179 ἐπισκόποις
1742 2146 1892 2175 ἀλευτῶσιν

1117 2189 1258 2224 ἀνήκοντα,
1284 2198 1297 2217 ι

1118 2247 1186 2280 Μηνὶ
1223 2246 1328 2285 Ματρίῳ
1364 2240 1394 2280 ι’,
1430 2245 1517 2285 ἡμέρᾳ
1539 2241 1576 2283 β’,
1614 2245 1827 2285 προκαθημένου,
1853 2247 1892 2270 τοῦ

1077 2290 1223 2330 ἁγιωτάτου
1238 2292 1314 2329 ἡμῶν
1342 2290 1469 2318 δεσπότου
1496 2290 1539 2318 καὶ
1561 2291 1742 2327 οίκουμενικοῦ
1769 2288 1890 2328 πατριάρ-

1076 2347 1128 2376 χου
1155 2335 1233 2375 κυροῦ
1261 2338 1358 2371 Λουκᾶ,
1388 2335 1414 2363 ἐν
1442 2342 1500 2366 τοῖς
1530 2333 1625 2367 δεξιοῖς
1646 2334 1812 2367 Ἀλεξιακοϊς
1830 2343 1890 2360 κατ-

1076 2379 1260 2419 ηχουμενίοις,
1291 2378 1505 2418 συνεδριαζόντων
1542 2382 1576 2417 τῇ
1617 2378 1721 2418 μεγάλῃ
1763 2377 1890 2417 ἁγιωσύνῃ

1076 2427 1152 2454 αὐτοῦ
1195 2424 1341 2464 ἱερωτάτων
1381 2423 1539 2463 ἀρχιερέων,
1582 2427 1628 2451 τοῦ
1658 2423 1823 2462 Καισαρείας,
1850 2423 1890 2448 τοῦ

1079 2465 1245 2509 Ἡρακλείας,
1284 2469 1329 2496 τοῦ
1366 2468 1520 2505 Ἀμασείας,
1563 2473 1609 2497 τοῦ
1653 2466 1816 2501 Μελιτηνῆς,
1849 2467 1889 2492 τοῦ

1077 2514 1284 2550 Θεσσαλονίκης,
1320 2516 1366 2541 τοῦ
1395 2512 1608 2552 Νεοκαισαρείας,
1636 2515 1681 2540 τοῦ
1718 2513 1822 2552 Μύρων,
1849 2513 1888 2537 τοῦ

1076 2563 1228 2592 Μωκισσοῠ,
1261 2563 1306 2587 τοῦ
1341 2558 1459 2596 Κρήτης,
1497 2561 1542 2585 τοῦ
1571 2555 1817 2596 Τραϊανουπόλεως,
1848 2556 1888 2582 τού

1077 2599 1260 2643 Ἰεραπόλεως,
1286 2605 1331 2631 τοῦ
1359 2601 1450 2638 Λῖνου,
1481 2605 1527 2630 τοῦ
1550 2603 1685 2640 Δρίστρας,
1708 2601 1754 2628 τοῦ
1783 2604 1888 2636 Ναζιαν-

1074 2652 1130 2688 ζοῦ,
1153 2648 1200 2675 τοῦ
1221 2646 1340 2675 Ἀϐύδουί
1371 2650 1416 2675 τοῦ
1444 2645 1575 2686 Μιλήτου,
1597 2647 1644 2674 τοῦ
1665 2643 1823 2684 Σηλυϐρίας,
1850 2643 1890 2671 τοῦ

983 2727 1109 2760 ΝΟΤᾸΕ.

245 2799 309 2840 (25)
323 2797 524 2839 Cognomeuto
541 2796 776 2838 Chrysobergis,
793 2795 830 2828 de
848 2796 933 2838 cujus
949 2798 1035 2827 aatate
1050 2793 1106 2830 lib.
1120 2792 1309 2835 praecedente
1322 2791 1433 2824 dictum
1450 2791 1520 2832 (col.
1536 2791 1624 2832 769).
