1942 3081
175 128 235 160 879

864 130 880 161 J
883 129 930 160 US
950 127 1174 162 CANONICUM

1808 130 1865 164 880
1913 118 1930 162 ίλτ

178 196 241 235 ejus
264 195 397 226 miraculi
425 195 527 235 gratia,
557 195 634 236 quod
657 195 814 227 oculariter
829 196 935 226 factum
952 195 998 226 fuit

1082 200 1091 224 Β
1127 196 1248 236 Ἀνδρέου
1282 196 1490 238 ὀφθαλμοφανῶς
1520 199 1662 238 γενόμενον
1689 200 1788 237 θαῦμα,
1826 198 1866 226 ἐπὶ

177 240 213 270 ab
228 240 279 270 illo
296 239 403 270 eximio
420 240 574 280 primoque
604 244 704 270 vocato
720 240 853 280 apostolo
868 240 998 277 Andrea,

177 285 206 316 in
222 284 354 315 Abarum
371 284 590 324 eversione,qui
607 284 673 316 totis
688 293 796 316 ccxvni
811 285 897 315 annis
911 284 1000 315 Pelo-

177 338 341 369 ponnesum
354 328 650 369 obtinuerant,usque
666 329 739 360 adeo
752 329 788 359 ab
799 329 925 369 imperio
939 328 999 360 Ro-

177 382 266 404 mano
283 373 384 410 avulsi,
402 378 433 403 ut
447 382 534 404 nemo
553 374 703 404 Romanus
714 373 745 404 in
761 373 998 414 Peloponnesum

176 418 221 449 vel
238 418 342 458 pedem
359 417 469 448 inferre
488 422 603 457 posset;
621 421 690 448 tunc
703 422 800 448 autem
817 418 905 448 unius
919 417 998 448 bore:

176 462 271 502 spatio
285 462 597 493 fueruntexterminati
607 471 659 502 per
676 463 768 493 solam
785 462 999 503 apparitionem

176 506 265 546 hujus
281 506 379 546 primo
388 506 483 537 vocati
499 507 636 546 apostoli,
651 511 680 537 et
690 506 755 547 ipsa
768 507 850 545 regio
866 510 925 537 tota
939 505 999 538 Ro-

176 550 273 581 manis
287 550 421 581 restituta
436 550 573 590 sceptris.

216 596 260 625 Ac
275 595 402 635 primum
418 595 539 635 quidem
556 595 666 634 profert
683 603 804 626 auream
821 595 933 626 bullam
950 594 998 624 in-

176 639 264 670 dicati
280 639 435 680 principis,
452 640 501 679 qui
529 643 557 670 et
572 640 649 670 hanc
674 640 768 680 ipsam
783 639 998 671 sanctissimam

175 685 347 715 Patrensem
353 683 516 714 Ecclesiam
527 693 561 714 ex
571 684 827 724 archiepiscopatu
834 684 868 714 ad
885 688 995 714 metro-

177 728 252 769 polis
262 728 383 768 gloriam
397 728 492 759 evexit
501 728 538 758 ob
547 728 626 759 illius
639 729 739 759 eximii
752 729 918 769 prodigium
928 737 998 768 apo-

175 773 324 813 stoli,quaa
345 772 491 811 diximus;
515 777 543 803 et
558 778 616 804 tres
633 773 818 813 episcopatus
835 773 862 804 ei
879 773 997 812 largitus

176 821 230 855 est,
245 817 479 858 Methonensem,
492 817 761 854 Lacedaemonium,
779 822 807 848 et
818 817 995 848 Sarsocoro-

176 871 300 893 nensem
319 872 325 893 :
342 862 450 893 deinde
474 862 596 893 alteram
619 862 687 894 huic
703 871 873 897 consonam,
891 862 997 892 Leonis

176 913 206 937 et
231 906 394 937 Alexandri
416 911 605 946 augustorum
625 917 632 936 :
656 916 690 937 ac
715 907 829 937 tertiam
845 906 995 946 ,Romani,

175 953 392 993 Christophori,
411 958 440 984 et
455 953 648 993 Constantini,
675 953 854 993 reliquarum
867 952 998 992 vestigiis

176 997 367 1028 inhaerentem
382 998 532 1038 ;itemque
550 1002 655 1038 praeter
665 998 716 1028 has
729 997 996 1038 aliam,Nicephori

175 1041 281 1073 Phocae
304 1042 461 1082 :quintam
489 1042 618 1082 denique
643 1042 803 1073 Botaniatae
831 1042 920 1080 illius,
946 1041 997 1081 qui

176 1086 262 1126 paulo
274 1090 341 1117 ante
352 1096 450 1117 rerum
463 1087 572 1126 potitus
579 1086 713 1127 fuit,quze
725 1087 881 1117 recensita:
891 1095 997 1117 omnes

175 1130 380 1170 obsignantur.
390 1131 640 1162 Neocaesariensis
651 1140 769 1172 quoque
779 1131 918 1162 similiter
931 1140 997 1160 mo-

175 1179 318 1206 numento
341 1175 605 1207 dominiMichaalis
622 1176 806 1215 patriarchae,
824 1175 918 1206 beatze
934 1184 999 1205 me-

175 1219 277 1250 moriae
289 1220 411 1258 nititur;
424 1224 453 1251 et
463 1229 554 1252 aurea
564 1220 644 1252 bulla
653 1220 766 1251 domini
776 1220 928 1251 Michaelis
937 1219 998 1250 Du-

176 1273 228 1295 caa.
245 1264 439 1295 Inveniuntur
452 1269 480 1295 et
498 1268 572 1302 acta,
583 1274 649 1305 qua;
664 1265 784 1295 tradunt
793 1264 870 1304 quod
880 1264 999 1304 episco--

176 1309 445 1349 patus,quicunque
460 1309 496 1340 ad
513 1309 723 1349 metropolium
740 1309 912 1348 dignitatem
929 1317 999 1348 pro-

176 1353 304 1384 vehendi
321 1357 415 1391 erant,
433 1362 492 1383 non
513 1353 599 1384 aliter
620 1353 648 1384 id
671 1353 924 1393 assequebantur;
942 1352 1001 1382 nisi

177 1397 304 1438 publica
332 1397 465 1428 utilitatis
488 1397 517 1428 id
545 1398 682 1429 suaderet
711 1397 796 1435 ratio,
813 1401 848 1427 'et
872 1396 1000 1437 synodus

176 1442 382 1478 assentiretur,
409 1446 438 1472 et
452 1442 585 1473 ecclesia:
600 1442 744 1472 honorem
761 1445 925 1481 accepturae
941 1450 1000 1470 me-

177 1486 370 1526 tropolitanus
385 1486 640 1517 remunerationes
657 1495 688 1517 se
705 1486 808 1525 dignas
824 1485 999 1525 eximpera-

178 1531 251 1560 toris
278 1540 366 1562 manu
391 1536 580 1572 consecutos,
608 1541 642 1562 ea
657 1540 722 1571 qum
742 1534 927 1570 gererentur,
944 1539 999 1569 ap-

179 1574 328 1615 probaret.
360 1575 416 1606 Tot
432 1576 521 1615 igitur
535 1580 622 1616 atque
649 1575 716 1606 talia
731 1584 798 1606 cum
820 1574 1001 1605 adminicula

178 1619 249 1657 sint,
267 1624 325 1650 tam
340 1620 486 1651 universis
501 1620 679 1658 communia,
702 1629 788 1659 quam
804 1618 930 1658 singulis
947 1629 1001 1659 pe-

178 1664 303 1695 culiaria
319 1674 326 1696 2
345 1665 419 1696 mihi
446 1675 529 1702 sane,
557 1665 674 1704 meique
700 1664 846 1694 similibus
875 1663 996 1695 videtur.

177 1709 390 1740 humanissime
417 1709 567 1750 princeps,
601 1718 667 1739 esse
697 1709 802 1738 factum
817 1708 903 1748 hujus
920 1708 998 1738 modi

177 1757 206 1784 et
221 1753 355 1794 iniquum
371 1758 399 1784 et
415 1763 549 1790 enorme,
568 1757 729 1793 contraque
744 1762 844 1783 sacros
858 1761 996 1789 canones,

178 1802 207 1829 et
235 1798 363 1830 decretis
393 1798 596 1839 spiritualibns
625 1807 658 1827 ac
688 1797 803 1836 legibus
817 1797 997 1828 adversum:

176 1853 232 1874 nec
244 1844 314 1874 satis
330 1842 441 1874 habere
459 1843 576 1880 virium,
593 1852 657 1882 quae
683 1842 718 1872 ab
731 1842 901 1872 adversaria
916 1845 999 1881 parte

177 1893 354 1928 opponatur.
372 1887 444 1918 Nam
467 1896 564 1927 neque
580 1895 665 1917 sacra
680 1886 860 1926 pragmatica
873 1886 997 1926 sanctio,

176 1932 266 1963 veluti
278 1932 414 1972 superius
444 1935 489 1962 est
516 1931 713 1968 declaratum,
730 1931 870 1961 adversus
884 1930 1000 1960 divinos

176 1986 306 2007 canones
330 1975 438 2006 valebit
454 1984 460 2007 :
489 1984 584 2016 neque
609 1975 830 2012 condemnatio,
846 1984 911 2015 quae
926 1984 1000 2005 con-

176 2025 220 2051 tra
245 2021 325 2060 leges
340 2029 469 2051 canones
493 2020 597 2059 tendit,
627 2019 784 2050 laudabilis
798 2028 863 2049 esse
880 2020 997 2059 poterit.

176 2063 313 2100 Quamvis
342 2064 422 2095 enim
452 2064 596 2104 scriptum
624 2073 641 2094 a
669 2065 831 2094 constituta
859 2063 999 2093 divinitus

176 2108 328 2148 majestate
355 2112 404 2139 tua
433 2108 634 2142 subnotatum,
658 2108 819 2138 artiﬁciose
834 2112 921 2147 atque
935 2117 999 2137 ora~

1009 843 1028 868 B

1008 1519 1028 1548 C

1043 240 1182 273 διακοσίοις
1201 241 1334 270 δεκαοκτὼ
1354 242 1462 282 χρόνοις
1491 242 1562 276 ὅλοις
1589 243 1782 284 κατασχόντων
1818 243 1866 276 την
1916 259 1938 274 ηε-

1043 285 1256 324 Πελοπόννησον,
1292 287 1335 314 καὶ
1363 287 1412 320 τῆς
1436 282 1590 325 Ῥωμαϊκῆς
1727 288 1867 326 ἀποτεμο-

1042 329 1140 368 μὲνων,
1178 332 1214 362 ὡς
1250 329 1319 368 μηδὲ
1345 330 1413 359 πόδα
1442 331 1537 370 βαλεῖν
1571 332 1640 364 ὅλως
1677 332 1800 361 δύνασθαι
1841 334 1868 360 ἓν

1041 375 1107 412 αὖτῇ
1135 370 1268 412 Ῥωμαῖον
1295 373 1373 414 ἄνδρα
1390 383 1396 390 ⁵
1426 375 1452 404 ἐν
1481 380 1530 414 μιᾷ
1557 375 1585 404 δὲ
1612 377 1668 416 ὥρᾳ
1693 377 1795 405 τούτων
1819 377 1867 414 μὲν
1930 396 1936 408 ;

1040 418 1232 458 ἀφανισθέντων
1257 419 1287 448 ἐκ
1311 419 1395 456 μόνης
1418 420 1570 459 ἐπιφανείας
1593 426 1640 451 τοῦ
1662 421 1866 461 πρωτοκλήτου,
1911 439 1924 454 ,ι

1040 466 1088 496 τῆς
1120 463 1147 491 δὲ
1183 464 1274 504 χώρας
1303 463 1408 497 ἁπάσης
1435 472 1494 497 τοῖς
1524 461 1688 504 Ῥωμαϊκοῖς
1720 466 1867 505 σκήπτροις

1041 507 1234 542 ἐπανελθούσης
1239 533 1246 540 ,

1082 598 1131 625 Καὶ
1151 597 1254 637 πρῶτον
1278 600 1326 635 μὲν
1349 597 1524 638 προϐάλλεται
1548 599 1579 626 τὸ
1600 602 1647 626 τοῦ
1667 598 1793 637 ᾑθέπος
1815 598 1867 637 βα-

1041 641 1134 673 σιλέως
1160 641 1367 682 χρυσόϐουλλον,
1391 647 1437 671 τοῦ
1464 644 1507 672 καὶ
1537 644 1586 677 τὴν
1610 643 1690 677 αὐτὴν
1713 643 1869 682 ἁγιωτάτην
1925 663 1942 677 ;;

1041 686 1183 720 ἐκκλησίαν
1213 690 1334 727 Πατρῶν,
1360 688 1386 720 ἐξ
1415 688 1630 728 ἀρχιεπισκοπῆς
1659 689 1695 720 εἷς
1724 689 1867 727 μητροπό-
1913 692 1937 724 Ιζ

1039 732 1105 764 λεως
1135 732 1210 765 δόξαν
1249 733 1439 773 ἀναγαγόντος,
1477 733 1518 763 διὰ
1557 735 1588 762 τὸ
1623 734 1699 772 ῥηθεν
1728 734 1869 774 τεράστιον
1909 751 1930 755 «-

1038 777 1083 805 τοῦ
1105 778 1254 817 κορυφαίου,
1287 779 1330 805 καὶ
1353 778 1439 818 τρισὶν
1473 778 1634 810 ἐπισκοπαῖς
1664 778 1745 812 αὐτὴν
1773 777 1866 817 δωρη-

1039 821 1164 860 σαμένου,
1186 825 1220 860 τῇ
1248 822 1368 862 Μεθώνῃ,
1398 825 1432 860 τῇ
1459 822 1645 862 Λακεδαίμονι,
1676 824 1719 851 καὶ
1741 826 1775 861 τῇ
1798 826 1868 861 Σαρ-

1039 867 1174 905 σοκορώνῃ
1191 876 1198 883 ·
1227 868 1271 894 καὶ
1299 866 1386 907 ἕτερον
1422 868 1507 905 τούτῷ
1536 867 1655 904 συνᾷδον,
1685 867 1801 900 Λέοντος
1821 868 1867 896 καὶ

1039 910 1211 950 Ἀλεξάνδρου
1235 914 1288 939 τῶν
1316 910 1448 949 βασιλέων
1463 919 1470 927 ’
1513 913 1557 940 καὶ
1599 913 1684 951 τρίτον
1714 907 1866 951 ιιίνωμανοῦ,

1040 955 1227 994 Χριστοφόρου,
1256 956 1299 983 καὶ
1340 957 1545 993 Κωνσταντίνου,
1587 956 1646 984 κατ’
1687 955 1767 996 ἴχνος
1803 957 1867 988 τοῖς

1038 998 1128 1031 ἄλλοις
1145 1000 1238 1037 βαῖνον
1256 1007 1263 1014 ·
1294 1001 1337 1028 καὶ
1362 999 1427 1028 ἄλλο
1442 1001 1485 1029 ἐπὶ
1499 1001 1615 1033 τούτοις.
1644 1001 1797 1041 Νικηφόρου
1819 1004 1868 1029 τοῦ

1038 1047 1119 1071 Φωκᾶ
1135 1053 1143 1060 '
1180 1045 1223 1071 καὶ
1249 1045 1369 1082 πέμπτον
1403 1044 1444 1073 ἐπὶ
1480 1045 1593 1082 τούτοις,
1622 1050 1669 1075 τοῦ
1770 1047 1868 1084 μικροῦ

1039 1086 1253 1125 βεϐασιλευκότος
1293 1088 1339 1116 τοῦ
1381 1090 1564 1126 Βοτανειάτου,
1608 1091 1670 1121 τοὺς
1707 1090 1866 1129 εἰρημένους

1038 1133 1139 1164 πάντας
1168 1132 1410 1172 ἐπισφραγίζοντος.
1455 1135 1504 1162 Καὶ
1538 1135 1552 1162 ὂ
1591 1134 1794 1173 Νεοκαισαρείας
1838 1132 1868 1162 δὲ

1040 1176 1191 1216 ἐστήρικται
1219 1177 1318 1215 ὁμοίως
1342 1178 1513 1215 ὑπομνήματι
1547 1183 1593 1207 τοῦ
1625 1178 1652 1206 ἒν
1681 1179 1798 1218 μακαρίᾳ

1039 1220 1107 1253 λέξει
1143 1223 1319 1262 πατριάρχου,
1343 1222 1421 1261 κυροῦ
1445 1222 1569 1262 Μιχαὴλ,
1604 1224 1646 1251 καὶ
1674 1222 1872 1262 χρωοὸούλλῳ

1041 1269 1120 1305 κυροῦ
1144 1265 1257 1306 Μιχαὴλ
1278 1269 1325 1295 τοῦ
1349 1266 1447 1296 Λούκα.
1480 1268 1645 1306 Εὖρίσκονται
1667 1267 1694 1295 δὲ
1722 1268 1766 1296 καὶ
1794 1268 1871 1306 πρέ-

1042 1309 1093 1342 ξεις
1121 1309 1327 1350 διαγορεύουσαι,
1351 1310 1390 1338 ὅτι
1420 1321 1469 1350 περ
1490 1310 1550 1340 ὅσαι
1571 1315 1625 1340 τῶν
1645 1311 1799 1340 ἐπισκοπῶν
1831 1313 1871 1345 εἷς

1042 1354 1233 1394 μητροπόλεων
1261 1355 1371 1392 ἔμελλον
1399 1354 1604 1390 ἀναϐιϐασθῆναι
1625 1356 1716 1393 κλέος,
1737 1357 1785 1385 οὐκ
1814 1355 1872 1384 ἄλ-

1041 1398 1095 1430 λως
1119 1400 1210 1427 τούτου
1241 1399 1381 1439 ἐπέτυχον,
1413 1401 1434 1428 εἰ
1463 1401 1502 1438 μὴ
1537 1401 1701 1441 κοινωφελής
1723 1399 1872 1440 προῦκειτο

1041 1444 1186 1483 οἰκονομία,
1209 1445 1251 1472 καὶ
1276 1445 1294 1478 ἡ
1324 1443 1428 1476 σύνοδος
1458 1443 1624 1482 κατεδέξατο,
1652 1446 1697 1474 καὶ
1724 1447 1738 1473 ὸ
1759 1457 1872 1485 μητρο-

1040 1487 1150 1521 πολίτης
1164 1490 1213 1521 τῆς
1239 1487 1386 1526 μελλούσης
1414 1490 1557 1526 τιμηθῆναι
1585 1489 1726 1523 ἐκκλησίας
1755 1490 1872 1519 ἀντιδό-

1041 1543 1095 1564 σεις
1119 1532 1190 1565 ἀξίας
1212 1532 1326 1571 εἰληφὼς
1352 1536 1402 1566 τῆς
1430 1533 1570 1570 βασιλικῆς
1586 1533 1682 1574 δεξιᾶς,
1699 1541 1758 1567 τοῖς
1773 1546 1871 1574 πρατ-

1041 1577 1161 1615 τομένοις
1191 1578 1326 1616 συνῄνεσε,
1364 1578 1501 1607 Τοσούτων
1532 1579 1618 1607 τοίνυν
1646 1579 1728 1608 ὄντων
1756 1580 1873 1618 βοηθη-

1041 1622 1143 1661 μάτων,
1169 1622 1213 1649 καὶ
1246 1625 1340 1650 κοινῶν
1369 1629 1427 1653 τοῖς
1455 1625 1531 1661 πᾶσι,
1562 1623 1606 1651 καὶ
1634 1626 1687 1652 τῶν
1701 1623 1876 1653 καθὲκαστον

1040 1665 1123 1702 ἰδίων,
1149 1665 1207 1694 ἐμοί
1234 1676 1261 1693 τε
1287 1667 1332 1694 καὶ
1358 1672 1417 1698 τοῖς
1446 1667 1548 1704 ὁμοίοις
1568 1666 1653 1707 δοκεῖ,
1678 1667 1875 1707 φιλανθρωπό-

1040 1721 1103 1738 τατε
1138 1710 1256 1750 βασιλεῦ,
1285 1711 1439 1750 παράνομον
1466 1712 1538 1739 εἶναι
1577 1712 1622 1740 καὶ
1655 1711 1783 1751 ἄρρυθμον
1817 1715 1876 1748 τὴν

1040 1756 1164 1788 τοιαύτην
1184 1756 1287 1794 πρᾶξιν,
1314 1756 1357 1784 καὶ
1378 1759 1431 1783 τῶν
1459 1757 1535 1796 ἱερῶν
1561 1757 1679 1785 κανόνων
1693 1757 1876 1800 ἆπεναντίαν,

1040 1801 1083 1828 καὶ
1111 1806 1169 1832 τοῖς
1198 1807 1387 1838 πνευματικοῖς
1423 1801 1493 1839 ὅροις
1527 1801 1571 1829 καὶ
1599 1800 1689 1839 νόμοις
1717 1802 1874 1845 ἀντίθετον,

1039 1845 1084 1873 καὶ
1099 1846 1150 1884 οὔχ
1176 1845 1253 1872 ἱκανὰ
1280 1845 1312 1873 τὰ
1334 1845 1405 1884 παρὰ
1426 1850 1472 1874 τοῦ
1501 1845 1658 1885 ἆντιῤῥόπου
1687 1846 1784 1885 μέρους
1815 1848 1876 1876 ἀν-

1040 1889 1198 1927 τιτιθέμενα.
1216 1889 1280 1918 Οὔτε
1302 1890 1351 1929 γὰρ
1380 1890 1564 1929 πραγματικὸς
1593 1892 1665 1922 θεῖος
1687 1891 1768 1924 τύπος
1796 1896 1878 1922 κατὰ

1039 1937 1092 1961 τῶν
1105 1934 1180 1961 Θείων
1200 1934 1317 1961 κανόνων
1351 1934 1466 1973 ἰσχύσει,
1495 1935 1532 1966 ὡς
1559 1933 1657 1962 ἄνωθεν
1685 1934 1877 1975 δατετράνω-

1040 1989 1096 2018 ται,
1114 1979 1172 2006 οὔτε
1194 1978 1249 2016 μὴν
1276 1977 1416 2013 καταδίκη,
1444 1978 1526 2016 ὁμόσε
1557 1978 1647 2016 νόμων
1672 1981 1714 2007 καὶ
1743 1982 1878 2012 κανόνων
1922 1977 1941 2016 l:

1040 2026 1175 2062 χωροῦσα,
1192 2022 1329 2057 ἐπαινετή,
1352 2023 1381 2051 El
1404 2023 1454 2062 γὰρ
1474 2022 1566 2050 καὶτὸ
1589 2023 1730 2061 σημείωμα
1753 2027 1804 2058 τῆς
1841 2027 1881 2056 ὲκ
1908 2024 1923 2035 ¹“

1041 2070 1107 2096 Θεοῦ
1141 2065 1274 2104 βασιλείας
1302 2077 1360 2102 σου,
1387 2069 1519 2106 τεχνικῶς
1549 2067 1594 2095 καὶ
1619 2067 1764 2106 ῥητορικῶς
1793 2079 1881 2099 κατ-

1041 2112 1205 2152 εσκεύασται,
1234 2113 1278 2140 καὶ
1305 2112 1417 2140 πιθανὸν
1448 2111 1522 2140 δοκεῖ
1549 2119 1609 2144 τοῖς
1632 2112 1746 2146 πολλοῖς
1763 2121 1771 2129 ⁰
1802 2115 1881 2146 ἀλλ’

176 2153 252 2183 torie
284 2152 390 2184 factum
407 2157 461 2191 est,
479 2162 515 2184 ac
531 2152 614 2192 vulgo
627 2152 716 2183 ﬁdem
732 2153 842 2183 mereri
857 2152 972 2182 videtur
989 2160 996 2183 :

1082 2167 1111 2184 ru)
1125 2157 1169 2184 καὶ
1197 2155 1316 2196 δυνατὸν,
1345 2156 1440 2194 νόμους
1463 2156 1567 2185 ἀνελεῖν
1594 2157 1638 2184 καὶ
1665 2158 1789 2194 κανόνας,
1824 2164 1886 2191 καὶ

175 2207 234 2228 non
249 2202 347 2229 tamen
357 2198 476 2237 etleges
490 2201 577 2237 atque
594 2206 723 2228 canones
745 2201 878 2228 evertere
890 2200 995 2237 potest,

174 2245 203 2272 at
219 2242 370 2274 veritatem
396 2246 562 2273 succutere.
589 2241 662 2273 Nam
687 2245 832 2282 argutatio
863 2245 892 2272 et
906 2241 997 2272 ratio-

175 2286 353 2325 cinationes,
372 2297 406 2318 ex
421 2287 458 2317 iis
474 2290 679 2327 sumptaquw
693 2287 847 2317 hominum
864 2285 997 2326 opinioni

175 2334 384 2362 consentanem
397 2331 616 2369 videntur,cum
633 2341 692 2361 non
704 2331 763 2361 sint
774 2340 782 2367 ;
795 2331 882 2370 longe
890 2331 998 2362 absunt

175 2385 191 2406 a
205 2385 275 2406 vero
291 2383 379 2416 atque
390 2376 524 2407 scientia.
541 2377 603 2407 Nec
630 2376 717 2414 longa
732 2375 915 2406 consuetudo
929 2376 996 2406 efﬁ—

175 2420 232 2451 ciet
247 2425 425 2461 unquam,ut
450 2420 574 2461 id,quod
604 2420 640 2451 ab
663 2420 748 2450 initio
762 2420 923 2451 subsistere
938 2429 998 2450 non

175 2465 278 2504 potuit,
297 2466 392 2496 locum
419 2465 536 2496 habeat.
562 2464 645 2495 Tunc
671 2465 748 2495 enim
778 2465 864 2504 longa
879 2474 998 2504 quoque

175 2511 362 2542 consuetudo
377 2511 435 2542 vim
453 2511 525 2549 legis
539 2510 663 2547 obtinet,
674 2510 790 2550 quando
804 2515 997 2550 praeterquam

175 2555 254 2595 quod
285 2555 437 2587 curatione
466 2564 525 2585 non
553 2561 673 2594 pugnat,
701 2563 756 2585 nec
785 2554 879 2594 legem
895 2555 997 2586 everti.

174 2599 212 2631 At
227 2609 295 2631 cum
310 2601 366 2631 hoc
383 2600 470 2630 modo
485 2599 561 2630 sacri
585 2608 713 2630 canones
728 2603 908 2640 evertantor,
924 2609 998 2640 qua-

175 2653 243 2674 nam
271 2645 387 2675 ratione
411 2643 604 2681 consuetudo,
636 2652 700 2682 quae
729 2643 771 2673 sic
797 2644 925 2684 irrepsit,
943 2644 998 2675 ad-

174 2688 333 2719 mittetur?
344 2688 417 2719 Nam
441 2688 511 2719 audi
522 2688 596 2727 legis
610 2687 700 2718 verba
716 2696 721 2718 :
741 2687 841 2724 «Quod
857 2697 916 2719 non
932 2699 998 2719 cum

173 2733 291 2763 ratione
307 2733 509 2763 introductum
537 2737 590 2771 est,
605 2732 656 2763 sed
670 2742 724 2773 per
739 2741 873 2764 errorem
890 2738 918 2764 et
930 2744 999 2764 con-

176 2777 363 2811 suetudinem
372 2778 499 2809 obtinuit
510 2778 538 2808 in
549 2777 696 2809 similibus
704 2778 800 2809 valere
809 2788 867 2809 non
878 2779 976 2813 debet.
984 2793 996 2811 ι

1039 2201 1087 2234 τὴν
1102 2200 1227 2236 ἀλήθειαν
1248 2207 1417 2232 κατασετσαιε
1448 2201 1600 2240 Σοφιστεία,
1629 2201 1690 2241 γὰρ,
1723 2204 1768 2232 καὶ
1796 2205 1886 2234 aul-
1928 2214 1929 2226 ι

1038 2244 1172 2284 λογισμοὶ²
1188 2245 1218 2274 ἐκ
1238 2245 1401 2285 φαινομένων
1417 2244 1537 2282 ἐνδόξων,
1554 2246 1594 2290 μὴ
1619 2245 1702 2274 ὄντων
1729 2246 1768 2284 δὲ,
1798 2251 1891 2290 πόρ-

1038 2291 1075 2328 ῥω
1090 2294 1136 2318 τοῦ
1151 2290 1224 2323 ὄντος
1248 2291 1292 2318 καὶ
1310 2292 1461 2328 ἐπιστήμης
1483 2291 1558 2321 εἰσίν.
1588 2289 1662 2319 Ἀλλ’
1690 2291 1747 2321 οὐδὲ
1774 2289 1890 2335 μικρὰ

1038 2335 1172 2375 συνήθεια,
1207 2336 1237 2363 τὸ
1266 2335 1392 2375 ἀπαρχῆς
1420 2335 1610 2376 ἀνυπόστατον,
1646 2337 1682 2367 εἷς
1719 2331 1890 2371 ὑπόστασιν
1916 2331 1930 2335 ﬁ

1038 2379 1091 2412 ἄξει
1121 2380 1197 2409 ποτέ.
1235 2381 1299 2408 Τότε
1326 2380 1374 2419 γὰρ
1396 2381 1439 2408 καὶ
1467 2381 1484 2414 ἡ
1513 2380 1600 2419 μακρὰ
1624 2381 1747 2415 συνήθεια
1790 2384 1891 2415 οὐδὲν

1041 2425 1119 2457 ἧττον
1137 2425 1218 2462 νόμου
1239 2431 1343 2464 κρατεῖ,
1370 2423 1432 2452 ὅταν
1455 2425 1520 2463 πρὸς
1547 2427 1586 2461 τῷ
1600 2424 1639 2462 μὴ
1660 2424 1802 2464 ἀλόγιστος
1821 2430 1890 2458 εἴ-

1039 2480 1092 2506 ναι,
1117 2470 1159 2497 καὶ
1174 2469 1254 2506 νόμον
1279 2469 1328 2497 οὐκ
1350 2469 1455 2508 ἀναιρῇ.
1480 2467 1538 2496 Ὧδε
1560 2467 1586 2496 δὲ
1607 2471 1660 2496 τῶν
1687 2470 1764 2498 θείων
1793 2472 1893 2502 ἂνκ-

1039 2514 1207 2552 τρεπομένων
1235 2514 1363 2551 κανόνων,
1394 2514 1461 2549 ποίῳ
1488 2513 1610 2553 λογισμῷ
1638 2515 1761 2549 συνήθεια
1789 2516 1895 2556 λαμ,-

1039 2557 1154 2586 ϐανουσα
1181 2557 1345 2598 παρείσδυσιν
1372 2557 1625 2598 προσδεχθήσεται,
1669 2557 1784 2599 ’Λκούσῃ
1817 2564 1899 2606 γὰρ

1040 2607 1086 2631 τοῦ
1102 2603 1184 2641 νόμου
1199 2603 1322 2642 λέγοντος
1339 2612 1347 2620 ·
1376 2613 1388 2630 α
1406 2603 1442 2631 Τὸ
1471 2603 1511 2640 μὴ
1541 2603 1608 2640 μετὰ
1623 2603 1751 2642 λογισμοῦ
1766 2603 1903 2637 εἷσενεή.
1915 2630 1932 2642 κ

1040 2648 1115 2687 χθὲν,
1146 2647 1213 2676 ἀλλὰ
1239 2648 1308 2675 κατὰ
1335 2647 1440 2680 πλάνην
1472 2647 1517 2674 καὶ
1542 2648 1678 2682 συνήθειαν
1713 2653 1899 2693 κρατῆσαν,

1040 2693 1070 2720 οὔ
1098 2691 1140 2721 δεῖ
1160 2699 1268 2730 κρατεῖν
1292 2691 1318 2720 ἐν
1347 2698 1405 2725 τοῖς
1432 2692 1544 2729 ὁμοίοις.
1561 2702 1576 2720 ι)
1601 2694 1654 2721 Ούκ
1674 2692 1826 2732 ἀγνοοῦμεν
1847 2691 1904 2730 δὲ

1039 2739 1083 2765 καὶ
1118 2737 1150 2764 τα
1188 2735 1250 2776 παρ’
1294 2736 1367 2764 ἐνίων
1407 2736 1605 2776 προσφερόμενα
1639 2738 1721 2777 πικρὰ
1756 2739 1909 2778 ῥήματα

1040 2783 1072 2809 τὰ
1099 2781 1276 2818 σπουδάζοντα
1305 2781 1402 2822 δωρεὰν
1427 2780 1611 2810 ἀποδεικνύειν
1637 2782 1792 2824 βασιλικὴν,
1820 2788 1914 2824 ﬁ.»
