1942 3081
207 143 267 176 883

885 149 951 180 JUS
971 148 1205 181 CANONICUM.

1838 143 1893 176 884

204 219 338 252 tempore
353 211 468 252 prafuit
477 212 605 254 imperio
623 224 628 242 :
643 213 778 245 ducentis
789 218 855 254 post
865 214 962 255 annis,
974 214 1028 245 sub

1116 216 1212 249 κοσίοις
1245 216 1364 256 ὕστερον,
1405 216 1448 245 ἐπὶ
1477 215 1660 256 Θεοφυλακτου
1694 217 1739 242 τοῦ
1776 211 1892 250 ἂοιδίμου

204 256 316 288 celebri
343 257 510 297 patriarcha
535 257 766 298 Theophylacto,
796 259 883 298 jussu
906 258 1032 290 Romani

207 301 335 332 senioris
349 301 550 342 imperatoris,
568 311 672 341 preces
694 303 839 334 offerente
862 303 1030 344 Nicephoro

206 345 346 385 quodam,
364 351 483 386 pastore
499 346 634 387 principe
658 346 904 388 Neocwsariensi,
921 349 1030 378 consti-

207 393 301 421 tutum
330 395 376 421 est
402 390 531 422 tribunal
559 392 678 423 mistum
707 401 741 423 ex
775 393 973 433 pontiﬁcibus,
1002 396 1031 423 et

207 434 303 466 doctis
316 435 388 466 viris
416 435 585 474 senatoriis,
613 436 718 467 eodem
748 437 925 477 patriarcha,
942 446 1029 477 quem

206 478 345 516 diximus,
377 480 563 520 praesidente.
591 480 654 517 Quo
679 481 708 512 iu
731 481 844 521 judicio
865 481 1029 512 secundum

207 523 466 564 metropolitanum
483 529 527 556 est
547 526 780 565 pronuntiatum.
797 526 858 557 Hoc
874 526 1030 556 manifesto

207 573 290 608 paret
314 577 349 599 ex
364 568 483 600 illorum
513 569 732 606 snbnotatione,
749 571 800 611 qui
825 571 863 601 de
877 579 965 602 causa
977 579 1030 600 co-

206 617 392 652 gnoverunt;
417 614 514 654 deque
535 619 727 647 monumento
755 615 826 646 dicti
844 615 1028 656 patriarchae,

206 660 234 687 et
263 666 353 688 aurea
381 657 463 689 bulla
487 659 714 699 imperatorum,
741 660 879 696 Romani,
901 659 1030 691 Christo-

207 701 304 741 phori,
320 707 350 732 et
361 703 547 733 Constantini
558 703 734 743 obsignante
751 704 893 743 judicata.
904 703 963 734 Nec
978 703 1031 734 abs

206 753 240 776 re
254 745 374 785 quidem
391 745 520 787 benigne
541 747 715 788 imperator.
733 747 806 779 Nam
822 747 900 788 quod
920 748 1030 779 factum

207 792 253 821 est
269 790 569 830 male,corrigendum
579 796 623 822 est
633 792 721 823 bene.
740 793 789 823 Sic
805 792 942 832 equidem
958 800 1030 822 sen-

207 834 259 866 tio.
277 833 326 866 Sic
335 835 505 875 pronuntio,
522 836 666 867 doctrinis
677 846 694 867 a
705 837 866 876 majoribus
877 836 960 877 quasi
978 845 1031 875 per

1072 260 1250 300 πατριάρχου,
1273 255 1388 289 κελεύσει
1423 260 1553 299 βασιλέως
1582 255 1718 297 Ῥωμανοῦ
1745 260 1796 286 τοῦ
1829 266 1894 296 πρε-

1072 303 1206 344 σϐυτερου,
1229 304 1254 338 ἐξ
1283 306 1412 340 αἰτήσεως
1447 305 1597 344 Νικηφόρον
1633 304 1716 340 τινὸς,
1746 301 1893 339 ποιμενάρ-

1071 361 1124 388 χου
1156 351 1358 390 Νεοκαισαρείας
1400 351 1590 390 τυγχάνοντος,
1634 348 1803 384 δικαστήριον
1845 346 1893 374 ἂν-

1071 394 1134 428 έστη
1150 395 1292 434 συμμιγὲς,
1308 394 1338 423 ’ἐκ
1352 405 1381 422 τε
1405 395 1563 434 ἀρχιερέων,
1586 394 1629 422 καὶ
1650 392 1800 432 ἓλλογίμων
1829 401 1892 428 αὐγ-

1071 438 1214 476 κλητινῶν,
1244 440 1444 479 προκαθημένου
1481 440 1523 467 καὶ
1551 439 1630 467 αἶ»τοῦ
1672 441 1718 465 τοῦ
1755 435 1892 476 εἰρημένου

1071 484 1246 523 πατριάρχου.
1274 485 1323 513 Καὶ
1346 485 1363 518 ὴ
1393 486 1492 512 νικῶσα
1514 486 1549 520 εῷ
1578 480 1763 522 μητροπολίτῃ
1792 479 1868 511 ἐδόθη
1885 488 1892 496 ⁵

1071 528 1212 566 παρίστησι
1254 530 1330 556 τοῦτο
1375 531 1485 567 τρανῶς,
1528 528 1559 556 τὸ
1599 530 1652 555 τῶν
1693 524 1892 553 δικαιωσάντων

1071 573 1225 610 σημείωμα,
1255 574 1299 601 καὶ
1324 573 1471 610 ὑπόμνημα
1491 575 1537 601 τοῦ
1558 571 1681 611 ῥηθέντος
1713 569 1893 611 πατριάρχου,

1071 618 1114 645 καὶ
1148 616 1341 656 χρυσόὸουλλος
1376 617 1455 656 λόγος
1486 619 1539 645 τῶν
1568 615 1707 654 βιςιλέων,
1746 610 1894 651 ’μωμητωῇ

1073 664 1260 703 Χριστοφόρου,
1301 665 1344 691 καὶ
1386 662 1592 698 Κωνσταντίνου,
1635 660 1833 701 ἒπισφραγίζων
1865 658 1896 685 τὰ

1071 708 1223 746 κεκριμένα.
1241 709 1289 736 Καὶ
1311 708 1432 744 εἰκότως,
1462 706 1590 747 φιλάγαθε
1619 705 1738 744 βασιλεῦ,
1779 704 1817 732 Τὸ
1847 703 1895 741 γὰρ

1071 753 1159 784 κακῶς
1188 752 1342 791 γενόμενον,
1379 751 1435 780 δέον
1468 751 1639 790 διορθωθῆναι
1681 749 1784 780 καλῶς.
1823 747 1895 776 Οὕτω

1072 800 1168 836 φρονῶ.
1206 797 1294 828 Οὕτως
1337 797 1525 836 ἀποφαίνομαι,
1555 802 1616 827 ταῖς
1651 791 1894 833 πατροπαραδότοις

1071 839 1248 873 διδασκαλίαις
1275 845 1327 869 τῶν
1355 841 1436 880 ἁγίων
1473 841 1602 880 θεοφόρων
1644 838 1770 879 Πατέρων
1800 837 1895 874 ἐπόμεο

208 887 312 925 manus
327 880 458 925 acceptis
473 885 643 911 sanctorum
656 881 880 921 afﬂatorumque
891 880 1031 911 divinitus

1120 908 1127 919 ,
1159 886 1201 914 καὶ
1228 892 1287 917 τοῖς
1315 887 1395 925 ἱεροῖς
1424 886 1469 914 καὶ
1489 885 1567 918 θείοις
1595 884 1686 912 κανόσι
1713 885 1845 922 ποιχῶν,
1863 882 1897 910 Οὒ

207 923 327 954 Patrum
342 923 532 962 iusistens,et
540 929 744 956 sacrosanctos
753 934 881 956 canones
892 933 1029 964 sequens.

205 967 268 999 Nec
283 967 364 998 enim
380 973 527 1007 sanctum,
546 965 601 1000 ne'c
617 970 730 1009 justum
754 970 847 1007 duco;
863 969 939 1009 quod
951 970 1032 1008 juste

208 1013 488 1052 sanctequefactum
507 1024 563 1044 non
588 1019 643 1046 est.
671 1014 735 1045 Non
759 1015 846 1045 etiam
872 1014 1031 1044 multorum

210 1056 366 1096 opiniones
394 1062 505 1096 metuo,
533 1059 585 1099 qui
609 1069 657 1090 me
677 1059 777 1090 volunt
793 1067 944 1090 concessae
961 1057 1033 1088 mihi

209 1100 351 1132 divinitus
360 1101 500 1134 Ecclesiae
514 1103 736 1144 privilegiorum
751 1104 895 1134 rationem
908 1102 1030 1139 habere,

211 1155 266 1176 nec
282 1155 318 1177 ea
333 1147 377 1177 vel
389 1148 599 1187 negligere,vel
609 1153 719 1179 temere
737 1146 940 1188 prodere.Non
953 1146 1032 1177 enim

207 1191 264 1222 hoc
280 1191 452 1231 pontiﬁcum
469 1196 524 1228 est,
548 1197 580 1223 ut
598 1193 766 1224 necessario
782 1196 884 1232 putent
900 1190 1034 1222 ecclesia:

211 1244 273 1266 suae
289 1235 441 1276 privilegia
467 1237 524 1267 sibi
550 1237 624 1268 citra
650 1237 809 1269 discrimen
834 1235 952 1273 tuenda,
977 1239 1034 1264 tam

208 1281 302 1321 justa,
320 1291 408 1322 quam
436 1283 546 1323 injusta
563 1294 570 1313 ε
587 1283 639 1314 sed
655 1293 721 1324 quae
741 1284 822 1323 justa
836 1287 914 1318 sunt,
944 1281 1035 1311 invio-

212 1325 313 1357 labilia
334 1331 472 1366 prastare
497 1327 627 1365 debent;
660 1328 778 1367 injustis
807 1336 875 1357 vero
915 1326 1034 1356 cedere.

211 1369 284 1401 Nam
301 1371 351 1411 qui
366 1380 536 1403 sermonem
564 1372 695 1404 veritatis
717 1376 798 1402 recte
811 1380 912 1402 secare
927 1370 964 1400 de
979 1371 1036 1400 do-

211 1415 316 1446 ctrinis
341 1416 489 1447 sermonis
518 1417 570 1448 Dei
601 1416 823 1456 Servatorisque
847 1415 939 1446 nostri
964 1414 1034 1445 Jesu

1073 930 1122 968 γὰρ
1143 929 1226 969 ὅσιον,
1257 929 1314 958 οὐδὲ
1342 929 1439 957 δίκαιοι
1467 928 1583 968 ἥγημαι,
1613 929 1643 957 τὸ
1665 928 1705 965 μὴ
1734 926 1843 958 δικαίως
1871 935 1897 953 τε

1073 975 1116 1002 καὶ
1138 975 1215 1006 ὁσίως
1244 975 1409 1014 γενόμενον·
1441 975 1533 1003 οὒκοῦν
1555 973 1612 1002 οὔδε
1637 972 1753 1012 πέφρικα
1772 972 1820 1002 τας
1848 974 1898 998 τῶν

1073 1018 1180 1047 πολλῶν
1200 1019 1359 1058 ὑπολήψεις,
1389 1019 1529 1051 ἀξιούντων
1561 1029 1594 1055 με
1622 1020 1676 1045 τῶν
1704 1017 1752 1050 τῆς
1776 1016 1806 1044 ἐκ
1835 1018 1897 1043 Θεοῦ

1073 1062 1214 1096 δεδομένης
1244 1075 1289 1101 μοι
1315 1063 1458 1096 ἐκκλησίας
1487 1063 1678 1091 ἀντιποιεῖσθαι
1708 1062 1753 1089 καὶ
1787 1060 1827 1098 μή
1847 1071 1896 1087 κα-

1074 1107 1199 1145 ταμελεῐν
1228 1108 1386 1148 προνομίων,
1417 1109 1461 1136 καὶ
1490 1107 1606 1138 εὒκόλως
1633 1112 1716 1136 ταῦτα
1747 1106 1894 1146 προΐεσθαι,

1075 1153 1111 1180 Οὔ
1145 1153 1194 1191 γάρ
1222 1153 1277 1180 ἐστι
1309 1154 1362 1180 τῶν
1391 1152 1550 1192 ἀρχιερέων,
1581 1153 1617 1183 ὡς
1652 1151 1802 1190 ἐπάναγκες
1825 1149 1895 1177 εἶναι

1075 1196 1127 1224 τῶν
1154 1198 1204 1230 τῆς
1239 1198 1335 1228 οἰκείας
1377 1196 1520 1230 ἒκκλησίας
1561 1197 1710 1235 προνομίων
1753 1194 1898 1234 ἀδιαφόρως

1075 1240 1231 1280 ἀντέχεσθαι
1257 1240 1360 1269 δικοίων
1389 1251 1417 1269 τε
1445 1241 1500 1278 ἅμα
1527 1242 1570 1269 καὶ
1605 1239 1705 1268 ἀδίκων
1722 1247 1729 1254 ⁸
1772 1238 1841 1266 ἀλλὰ
1869 1238 1898 1265 τὰ

1077 1285 1125 1322 μὲν
1159 1285 1245 1314 δίκαια
1279 1285 1416 1325 φυλάττειν
1459 1284 1597 1320 ἀλώϐητα,
1647 1288 1700 1312 τῶν
1740 1283 1769 1311 δὲ
1806 1281 1896 1310 ἀδίκων

1076 1330 1245 1369 ὑπεκχωρεῖν
1271 1331 1314 1358 καὶ
1349 1330 1506 1369 ἐξιστασθαι.
1543 1331 1580 1359 Οὖ
1599 1330 1649 1369 γὰρ
1681 1330 1726 1356 τὸν
1758 1330 1807 1360 τῆς
1829 1327 1894 1358 ἆΑη·

1075 1374 1144 1406 θείας
1173 1374 1251 1414 λόγον
1290 1375 1443 1413 ὀρθοτομαῒν
1485 1376 1515 1402 Ex
1549 1377 1601 1402 τῶν
1644 1372 1814 1412 διόαγμάτων
1853 1373 1896 1403 τῆς

1076 1417 1262 1452 αυτοαληθείας
1297 1424 1344 1448 τοῦ
1372 1420 1457 1457 Λόγου
1485 1423 1550 1448 Θεοῦ
1582 1419 1626 1446 καὶ
1661 1420 1788 1456 Σωτῆρος
1825 1416 1896 1452 ἡμῶν

211 1458 333 1496 Christi,
350 1459 401 1500 qui
415 1460 522 1492 veritas
537 1460 602 1500 ipsa
616 1465 672 1497 est,
689 1461 810 1491 omnino
823 1459 898 1500 jussi
920 1468 1032 1496 sumus,

1118 1468 1164 1493 σοῦ
1199 1468 1310 1503 Χριστοῦ
1346 1463 1460 1496 κοθάπαξ
1498 1462 1711 1500 κεκελευσμένοι,
1741 1463 1792 1490 οὒκ
1820 1459 1893 1487 ἀναί-

211 1512 271 1534 non
297 1504 384 1544 plane
408 1505 485 1544 apud
515 1504 607 1536 Deum
636 1509 773 1545 expertes
797 1504 908 1535 erimus
929 1503 1032 1543 culpae.

1116 1520 1128 1535 it
1150 1509 1254 1540 πάντως
1284 1508 1397 1546 ἐσόμεθα
1431 1511 1466 1545 τῷ
1501 1511 1569 1545 Θεῷ,
1600 1508 1621 1535 εἰ
1649 1507 1782 1545 προῦργου
1818 1510 1894 1534 ταῦτα

211 1547 237 1578 si
249 1547 286 1579 ob
296 1548 388 1579 animi
400 1550 492 1580 nostri
517 1549 653 1580 aﬂ‘ectum
671 1549 733 1579 haec
746 1549 828 1579 lucra
844 1548 1033 1579 sectabimur.

210 1591 252 1623 Ac
281 1602 336 1623 nos
360 1593 494 1634 quidem,
520 1603 538 1624 a
561 1593 670 1633 quibus
693 1594 861 1624 necessario
877 1592 1033 1631 ﬂagitalur,

212 1640 245 1667 ut
257 1637 364 1668 divinis
379 1638 534 1678 praeceptis
545 1642 575 1668 et
591 1637 800 1668 traditionibus
814 1637 944 1673 Patrum,
963 1636 1035 1666 nihil

213 1681 355 1712 ducamus
378 1682 540 1722 antiquius,
572 1682 625 1713 sed
653 1691 688 1712 ea
715 1691 766 1721 pro
789 1680 899 1711 viribus
928 1680 1036 1711 nostris

210 1725 325 1757 illibata
341 1735 494 1758 servemus
507 1737 514 1765 ;
530 1726 574 1757 sic
589 1730 618 1757 et
632 1726 824 1764 sentimus,et
835 1724 1033 1756 decernimus.

208 1771 307 1804 Velim
332 1780 412 1811 vero,
431 1775 480 1802 tua
495 1780 614 1812 quoque
630 1771 677 1811 pia
704 1771 956 1810 serenissimaque
971 1779 1035 1800 ma-

207 1815 302 1855 jestas
315 1824 379 1847 rem
397 1815 578 1852 consideret,
594 1815 733 1856 quodque
749 1815 825 1846 facto
849 1815 937 1846 fuerit
950 1823 1034 1853 opus,

210 1859 319 1892 faciat:
348 1863 439 1900 atque
465 1860 521 1891 hoc
549 1860 636 1891 modo
663 1860 802 1900 majestas
821 1864 869 1891 tua
889 1859 930 1898 id,
957 1858 1036 1898 quod

212 1904 334 1936 omnino
349 1909 379 1935 et
392 1905 637 1944 reprehensionis
651 1909 680 1935 et
703 1904 833 1935 scandali
848 1913 954 1944 expers
969 1903 1034 1940 erit,

210 1952 270 1980 tam
285 1949 381 1989 ipsius
406 1948 471 1986 Dei,
489 1958 577 1989 quam
593 1957 743 1980 sacrorum
770 1957 916 1979 canonum
930 1956 1035 1987 respe—

212 1998 272 2034 ctu,
285 1996 393 2025 servet.

519 2050 628 2083 LUCE
650 2050 726 2091 (es).

207 2109 254 2142 Ne
269 2110 374 2141 clerici
388 2108 529 2148 auferant
542 2117 591 2148 ea,
616 2117 682 2147 quae
696 2107 735 2138 ad
750 2108 889 2139 ecclesias
904 2107 951 2138 vel
966 2108 1032 2148 ept—

391 2158 495 2189 sropos
508 2149 669 2180 morientes
683 2149 844 2188 pertinent.

246 2249 339 2282 Mensi
365 2248 464 2281 Martii
492 2248 541 2280 die
568 2256 599 2286 x,
623 2247 698 2279 feria
725 2257 746 2286 ι,
775 2248 954 2288 przesidente
970 2258 1034 2279 san-

211 2294 343 2325 ctissimo
360 2293 482 2325 domino
511 2297 613 2324 nostro
630 2295 659 2323 et
682 2292 840 2324 universali
857 2293 1033 2333 patriarcha,

209 2339 330 2371 domino
346 2337 474 2375 Luca,in
495 2336 609 2368 dextris
627 2336 774 2368 Alexiacis
787 2338 1031 2374 catechumeniis,

207 2382 410 2416 assidentibus
434 2382 464 2413 in
490 2382 618 2414 concilio
650 2390 764 2420 magnae
778 2382 871 2422 ipsius
887 2382 1034 2413 sanctitati

207 2427 415 2459 sacratissimis
431 2425 620 2467 pontiﬁcibus
635 2425 822 2467 Caesariensi,
835 2426 1032 2465 Heracliensi,

207 2472 390 2510 Amasiensi,
404 2471 560 2509 Melitenae,
587 2471 860 2509 Thessalonicensi,
876 2471 1032 2502 Neocaesa-

207 2517 311 2555 riensi,
328 2517 466 2558 Myrensi,
483 2516 624 2554 Mocisso,
649 2515 798 2554 Cretensi,
823 2515 1033 2556 Trajanopoli-

207 2564 288 2599 tano,
316 2561 547 2603 Hierapolitano,
579 2560 660 2598 lEni,
686 2560 821 2600 Dristras,
837 2560 1031 2599 Nazianzeno,

205 2605 359 2647 Abydeno,
387 2606 513 2645 Milesio,
554 2604 706 2646 Selybriaa,
734 2604 840 2645 Bizyaa,
871 2607 1030 2644 Maroneae,

205 2651 297 2690 Parii,
322 2651 377 2691 Gii,
399 2654 489 2693 Apro,
516 2650 608 2687 Nicaa,
638 2648 774 2687 Gotthiae,
803 2649 1031 2689 Matrachorum,

1077 1551 1118 1580 διὰ
1139 1553 1220 1585 πάθος
1241 1554 1274 1581 τὰ
1301 1552 1380 1591 κέρδη
1405 1553 1562 1589 ποιήσομεν.
1589 1551 1638 1580 Καὶ
1658 1552 1739 1588 ἡμεῖς
1773 1551 1821 1587 μὲν
1844 1561 1897 1587 μη-

1077 1595 1118 1624 δὲν
1134 1597 1320 1636 προτιμότερον
1335 1599 1388 1624 τῶν
1414 1597 1489 1624 θείων
1511 1595 1624 1624 ἐντολῶν
1652 1595 1695 1623 καὶ
1717 1595 1772 1622 τῶν
1802 1596 1896 1633 Πατρι-

1076 1644 1130 1669 κῶν
1165 1641 1333 1681 παραδόσεων
1369 1647 1455 1669 ποιεῖν
1484 1639 1623 1679 ἐξανάγκες
1652 1638 1814 1679 ὀφείλοντες,
1842 1636 1896 1665 ἀλλ’

1077 1685 1254 1723 ἆμενάπτωτα
1270 1689 1351 1714 ταῦτα
1371 1684 1521 1724 φυλάττειν,
1551 1685 1588 1716 ὡς
1617 1683 1737 1721 δύναμις,
1763 1683 1832 1711 οὕτω
1858 1682 1896 1709 καὶ

1077 1741 1187 1767 νοουμεν
1202 1731 1245 1758 ναὶ
1261 1730 1408 1769 ὃριζόμεθα.
1433 1729 1600 1762 Σκοπησάτω
1629 1727 1656 1755 δὲ
1677 1729 1720 1756 καὶ
1741 1729 1775 1756 τὸ
1797 1725 1895 1757 εὒσεὸὲς

1076 1775 1119 1802 καὶ
1142 1774 1313 1814 παγγάληνον
1328 1774 1422 1813 κράτος
1437 1784 1494 1810 σου,
1511 1774 1554 1802 καὶ
1567 1772 1771 1810 οἶκονομησάτω
1786 1773 1815 1800 τὸ
1830 1771 1894 1799 δέον·

1077 1819 1121 1847 καὶ
1137 1820 1150 1847 ὃ
1165 1819 1270 1850 πάντως
1287 1818 1436 1856 ἄμεμπτον,
1453 1819 1497 1846 καὶ
1512 1818 1692 1857 ἀπρόσκοπον,
1703 1817 1747 1844 καὶ
1764 1817 1828 1856 πρὸς
1837 1815 1895 1843 Θεὸν

1079 1864 1168 1901 αὑτὸν,
1185 1865 1229 1892 καὶ
1244 1864 1308 1903 πρὸς
1324 1863 1385 1894 τοὺς
1400 1863 1482 1902 ἱεροὺς
1498 1862 1610 1894 κανόνας
1626 1859 1779 1900 διαφυλάξοι
1794 1862 1811 1894 ἡ
1822 1861 1895 1898 βασι-

1078 1907 1135 1935 λεία
1149 1919 1206 1938 σου.

1425 2051 1548 2078 ΛΟΥΚΑ.

1080 2121 1091 2138 (ι
1123 2111 1184 2149 Περῖ
1212 2115 1258 2140 τοῦ
1293 2111 1332 2148 μὴ
1367 2110 1563 2150 ἀφαρπάζεσθαι
1592 2110 1652 2142 τοὺς
1687 2109 1829 2150 κληρικοὺς
1863 2107 1891 2135 τάι

1115 2157 1176 2182 ταῖς
1238 2149 1401 2187 ἐκκλησίαις,
1458 2150 1476 2184 ἢ
1532 2149 1686 2182 ἐπισκόποις
1741 2149 1891 2178 alconiva

1117 2191 1258 2226 ἀνήκοντα,
1283 2201 1296 2220 ι

1117 2249 1186 2282 Μηνὶ
1222 2249 1328 2287 Ματρίῳ
1363 2243 1394 2283 ι’,
1429 2248 1516 2287 ἡμέρᾳ
1539 2243 1576 2286 β’,
1613 2248 1825 2288 προκαθημένου,
1851 2249 1891 2273 τοῦ

1077 2293 1223 2333 ἁγιωτάτου
1237 2295 1313 2331 ἡμῶν
1342 2293 1468 2322 δεσπότου
1495 2293 1538 2321 καὶ
1560 2293 1741 2330 οἷκουμενικοῦ
1768 2289 1890 2329 πατριάρ-

1075 2350 1128 2379 χου
1155 2338 1232 2378 κν.)ροῦ
1260 2341 1358 2374 Λουκᾶ,
1387 2338 1413 2366 ἐν
1441 2345 1498 2369 τοῖς
1529 2336 1624 2370 δεξιοῖς
1646 2336 1809 2369 Ἀλεξιακοϊς
1829 2344 1890 2362 κατ·

1075 2382 1260 2422 ηχουμενίοις,
1290 2381 1505 2421 συνεδριαζόντων
1541 2384 1575 2419 τῇ
1616 2380 1721 2420 μεγάλῃ
1763 2379 1889 2420 ἁγιωσύνῃ

1076 2430 1151 2457 αὺτοῦ
1194 2427 1340 2466 ἱερωτάτων
1381 2426 1539 2465 ἆρχιερέων,
1581 2429 1628 2454 τοῦ
1657 2425 1821 2465 Καισαρείας,
1849 2425 1890 2449 τοῦ

1078 2467 1245 2511 Ἡρακλείας,
1283 2472 1328 2499 τοῦ
1366 2471 1520 2508 Ἀμασείας,
1563 2475 1608 2500 τοῦ
1653 2469 1813 2503 Μελιτηνῆς,
1848 2469 1888 2493 τοῦ

1076 2517 1284 2553 Θεσσαλονίκης,
1320 2518 1365 2544 τοῦ
1394 2515 1608 2555 Νεοκαισαρείας,
1635 2517 1680 2542 τοῦ
1718 2515 1820 2554 Μύρων,
1848 2515 1888 2538 τοῦ

1076 2565 1227 2596 Μωκισσοῦ,
1260 2565 1306 2590 τοῦ
1341 2560 1459 2600 Κρήτης,
1496 2563 1542 2588 τοὺ
1570 2558 1814 2599 Τραϊανουπόλεως,
1846 2559 1887 2584 του

1077 2601 1259 2646 Ἰεραπόλεως,
1286 2608 1331 2633 τοῦ
1359 2605 1450 2641 Λῖνου,
1481 2608 1526 2633 τοῦ
1549 2605 1684 2643 Δρίστρας,
1707 2603 1754 2631 τοῦ
1781 2605 1888 2637 Ναζιαν-

1074 2644 1130 2690 ζοῦ,
1152 2651 1199 2678 τοῦ
1221 2649 1340 2678 Ἀϐύδου(
1371 2653 1415 2678 τοῦ
1443 2648 1574 2688 Μιλήτου,
1596 2649 1643 2677 τοῦ
1665 2646 1820 2686 Σηλυϐρίας,
1848 2644 1889 2672 τοῦ

982 2729 1109 2762 ΝΟΤίΕ.

243 2803 309 2844 (25)
322 2801 524 2842 Gognomeuto
541 2798 775 2840 Chrysobergis,
793 2797 830 2830 de
847 2799 933 2840 cujus
948 2801 1034 2830 aetate
1049 2796 1106 2833 lib.
1119 2795 1308 2838 praecedente
1321 2794 1432 2827 dictum
1450 2794 1520 2836 (col.
1535 2794 1623 2836 769).
