1942 3081
207 113 260 146 891

886 115 902 145 J
905 114 952 145 US
971 114 1193 146 CANONICUM

1831 114 1885 148 892

206 179 398 212 matrimonio
409 181 515 221 juncta
539 181 821 222 fuerat,copulatum
836 189 902 212 esse
920 189 970 210 sec

1119 181 1245 220 αφθεῖσαν
1269 180 1339 218 αὖτῷ
1360 181 1486 220 γυναῖκα,
1523 182 1649 220 συνεζύγη
1684 180 1795 221 δευτέρῳ
1816 183 1886 220 γάμῳ

204 223 250 254 dis
265 225 388 265 nuptiis,
402 226 484 257 nulla
508 226 731 257 interveniente
750 226 788 262 vi,
806 225 924 256 mulieri
945 234 1030 256 com-

205 273 394 301 memorata:
411 274 613 311 praetereaque
628 271 811 301 adorandum
827 270 956 301 edictum
970 269 1028 299 im-

204 313 399 355 peratorium,
417 325 475 356 quo
489 315 698 353 fsanciebatur.
727 315 875 355 siquidem
903 314 1032 345 indicata

201 357 335 389 Eudocia
350 359 431 390 nulla
452 360 663 391 intercedente
678 360 717 396 vi,
736 368 789 400 per
811 368 909 390 sacras
925 367 1030 398 preces

203 401 231 432 ei
245 403 381 442 copulata
404 403 528 444 fuisset;
547 409 578 435 ut
608 414 693 435 nemo
722 403 882 434 modestias
907 402 1029 433 auderet

202 446 344 478 exhibere
352 447 431 478 dicto
447 449 672 489 Gapandritatze.
685 448 855 480 Secundum
868 447 957 487 igitur
965 447 1028 477 haec

202 491 313 531 omnia,
330 492 471 532 synodale
487 497 558 524 tunc
579 493 808 524 instrumentum
835 492 944 523 factum
961 491 1026 531 fuit,

202 544 259 574 quo
281 536 363 575 juxta
391 537 576 577 Capandritze
605 538 776 578 petitionem
805 536 1026 577 pronuntiatum

201 583 256 617 est,
274 589 308 610 ac
324 580 488 618 decretum,
505 582 576 622 quid
603 582 633 613 in
656 591 690 613 ea
712 591 801 613 cauaa
828 585 906 611 esset
931 588 1026 620 agen-

201 623 283 655 dum.
295 624 391 665 Atque
407 626 475 657 huic
491 627 690 658 instrumento
706 626 841 667 synodali
854 626 942 656 etiam
960 633 1023 664 pro-

201 667 299 699 ducta
312 671 377 706 (ceu
395 670 507 702 dictum
525 671 581 711 est)
595 681 611 702 a
623 671 786 711 Capandila
805 671 927 707 chartae,
940 669 1026 699 vide-

199 712 268 743 licet
280 713 465 745 adorandum
491 715 562 746 illud
589 716 721 746 edictum
738 714 977 755 imperatorium,
997 717 1026 744 et

200 757 429 790 instrumentum
439 759 492 791 abs
501 764 541 797 te,
557 760 782 800 religiosissima
797 759 934 790 Deabolis
945 758 1025 798 epis-

1071 224 1129 262 βίας
1164 225 1269 258 ἀπάσης
1297 224 1371 258 ἐκτὸς
1412 229 1446 264 τῇ
1490 224 1662 266 διαληφθεὶς-ῃ
1677 227 1803 265 γυναικί·
1826 226 1888 254 ἀλλὰ

1072 268 1104 302 δὴ
1125 269 1168 297 καὶ
1188 269 1324 307 βασιλικὸν
1352 271 1534 309 προσκυνητὸν
1555 270 1724 310 πρόσταγμα,
1741 271 1804 299 αὐτὸ
1819 274 1890 299 τοῦτο

1072 312 1258 353 διοριζόμενον,
1293 314 1335 351 τὸ,
1372 313 1448 353 εἴπερ
1483 315 1500 349 ἡ
1544 315 1651 354 ῥηθείσα
1704 314 1813 344 ΕνῈοκία
1839 315 1891 353 βίας

1072 357 1178 390 ἀπάσης
1207 357 1292 394 ἐκτὸς,
1322 358 1380 396 μεθ’
1416 360 1487 398 ἱερᾶς
1522 360 1607 399 εὖχῆς
1651 361 1779 398 συνεζύγη
1810 360 1889 397 αὐτῷ,

1070 400 1164 439 μεδένα
1188 401 1289 439 τολμᾷν
1304 401 1447 442 -ὀχλήσεις
1476 403 1582 442 ἐπάγειν
1609 407 1648 441 τῷ
1672 402 1815 437 δηλωθέντι
1838 408 1890 432 Κα-

1069 445 1206 484 πανδρίτῃ.
1237 446 1298 475 Ἐπὶ
1332 447 1436 479 τούτοις
1465 450 1527 486 γοῦν
1561 451 1625 476 πᾶσι
1666 449 1709 476 καὶ
1752 448 1890 486 σημείωμα

1068 494 1212 523 τηνικαῦτα
1228 489 1327 530 προέϐη
1343 490 1489 528 συνοδικὸν,
1505 490 1538 519 δι’
1555 493 1584 520 οὗ
1605 492 1673 519 κατὰ
1700 492 1750 525 τὴν
1787 496 1890 520 Καπαν-

1068 534 1153 574 δρίτου
1181 534 1348 574 παράκλησιν
1377 535 1513 576 ἀπεφάνθη
1554 537 1599 564 καὶ
1633 536 1833 575 ἐγνωματεύθη,
1861 537 1889 564 τὸ

1068 578 1110 607 ἐπὶ
1123 582 1158 617 τῇ
1172 579 1281 617 τοιαύτῃ
1304 579 1424 608 ὑποθέσει
1457 580 1594 614 ποιητέον.
1632 578 1664 621 ’ῼ
1693 580 1725 614 δὴ
1763 580 1890 618 σονοδικῷ

1067 624 1237 662 σημειώματι
1252 624 1296 652 καὶ
1309 624 1342 652 τὰ
1355 625 1426 664 παρὰ
1440 628 1486 652 τοῦ
1513 624 1703 664 Καπανδρίτου,
1721 625 1757 657 ὼς
1772 624 1889 665 εἴρηται,

1067 668 1275 708 προκομισθέντα
1310 669 1419 708 χαρτία,
1455 669 1515 697 τότε
1543 669 1684 697 Βασιλικὸν
1711 670 1891 709 προσκυνητὸν

1067 712 1187 746 δηλονότι
1216 713 1386 752 πρόσταγμα,
1405 714 1448 741 καὶ
1478 714 1508 742 τὸ
1536 717 1595 750 σοῦ,
1617 718 1663 742 τοῦ
1690 713 1892 754 θεοφιλεστάτου

1066 757 1210 786 ἐπισκόπου
1241 757 1394 789 Δεαϐόλεως
1433 758 1586 796 σημείωμα,
1616 758 1800 798 ἐνεγράφησαν
1828 760 1891 786 κατὰ

200 810 286 842 copo,
304 803 479 844 profectum,
497 804 533 834 ad
551 805 672 835 verbum
696 808 780 835 erant
808 804 930 834 inserta.
951 802 967 837 ς

1122 812 1148 830 α.
1173 800 1232 829 Ἐπὶ
1247 800 1274 829 δέ
1298 803 1340 829 νῦν
1368 801 1447 830 πάλιν
1483 802 1620 842 ἀνηνέχθη
1655 805 1689 840 τῇ
1709 802 1828 842 ἡμετέρξ
1842 812 1889 840 με-

199 854 268 876 vero
283 856 362 878 nunc
376 857 493 879 rursum
510 849 707 880 mediocritati
725 852 832 879 nostra;
842 847 966 878 relatum

1122 856 1182 878 τητι
1197 846 1268 885 παρᾶ
1282 849 1327 873 τοῦ
1343 846 1438 885 μέρους
1459 849 1508 880 τῆς
1543 847 1670 880 τοιαύτης
1690 847 1831 885 γυναικὸς,
1846 849 1889 880 τῆς

200 899 235 921 ex
252 898 335 930 parte
350 892 485 924 mulieris
502 893 598 933 istius,
611 894 723 925 sororis
739 892 852 923 scilicet
867 900 967 922 venert

1121 888 1227 929 ιόἐλφης
1243 889 1365 923 δηλονότι
1390 891 1438 918 τσῦ
1465 890 1646 919 πανσεϐάστου
1669 891 1834 931 Βοϊωάννου,
1855 892 1888 922 ὡς

199 933 236 964 lis
250 935 331 965 illius
347 936 498 974 Boiannis,
517 938 595 979 quod
609 947 676 968 cum
695 938 776 978 prius
789 937 922 975 legitime
934 936 966 975 ju

1137 935 1261 974 πρότερον
1283 934 1435 973 συζυγέντος
1464 936 1582 972 νομίμως
1599 935 1682 968 ταύτη
1712 934 1819 975 ἀνδρὸς,
1847 939 1888 964 τοῦ

203 983 248 1009 tus
278 979 334 1019 ipsi
363 981 498 1019 maritus,
529 983 719 1022 primicerius
748 981 798 1012 ille
823 981 933 1011 Bardas
958 982 970 1011 ll

1120 979 1255 1018 ιμικηρὶου
1283 979 1382 1007 ἐκείνου
1407 979 1492 1019 Ripa:
1534 983 1580 1007 τοῦ
1626 980 1827 1018 Μακρομμάτου
1854 983 1887 1016 τῷ

201 1028 369 1062 cromatus,
400 1030 512 1057 natura;
545 1026 677 1057 debitum
718 1024 924 1065 persolvisset;
955 1024 963 1053 i

1119 1023 1148 1050 iw
1174 1022 1419 1062 λειτουργήσαντος,
1456 1024 1505 1058 τὰν
1539 1028 1715 1064 πρακτορικὴν
1753 1023 1886 1052 δειλιάσα-

199 1069 385 1108 quaestoriam
401 1070 492 1101 verita
509 1075 712 1111 protestatem,
729 1070 808 1110 quod
831 1069 898 1099 talia
911 1078 966 1106 saep

1120 1068 1268 1104 ἰυναστείαν,
1290 1068 1372 1096 ὁποῖα
1396 1068 1523 1100 πολλάκις
1553 1068 1580 1096 ἐν
1595 1075 1653 1100 τοῖς
1677 1069 1810 1100 τοιούτοις
1845 1080 1887 1108 φι-

197 1111 228 1142 in
239 1112 329 1143 rebus
343 1110 515 1153 hujusmodi
529 1116 649 1146 evenire
665 1115 789 1148 soleant.
807 1113 842 1144 ad
860 1117 964 1152 tempu:

1130 1111 1244 1150 γίνέσθαι
1273 1112 1338 1151 πρὸς
1380 1113 1471 1152 καιρὸν
1506 1113 1541 1145 εἰς
1575 1114 1606 1141 τὸ
1643 1112 1709 1144 θέμα
1740 1112 1885 1145 Κολωνείας

197 1156 341 1187 ditionem
361 1159 567 1190 Coloniensem
587 1159 755 1199 migraverit
770 1158 805 1188 ad
823 1157 939 1197 cognati

1118 1157 1238 1188 ετοπίσθη
1254 1158 1319 1194 πρὸς
1348 1157 1431 1184 οἰκίαν
1445 1157 1516 1188 τινος
1544 1160 1597 1185 τῶν
1627 1157 1693 1195 αὐτῇ
1720 1161 1885 1197 προσγενῶν,

193 1201 313 1241 jusdam
330 1203 375 1233 sui
390 1203 524 1245 domum,
540 1204 678 1235 deferens
694 1212 728 1234 eo
756 1211 857 1233 secum
885 1210 932 1232 res
953 1211 960 1232 ε

1120 1200 1239 1245 ιερομὲνη
1255 1201 1298 1228 καὶ
1327 1199 1376 1228 ὅσα
1411 1201 1476 1233 τέως
1506 1200 1621 1241 ἴσχυσει
1640 1201 1787 1240 ἐπάγεσθαι
1809 1201 1887 1245 κρείτ-

197 1239 337 1285 potiores,
362 1251 391 1277 et
415 1249 451 1278 ad
468 1239 726 1289 transportandum
754 1246 913 1282 faciliores,
931 1255 964 1286 qu

1123 1245 1166 1272 καὶ
1202 1244 1413 1282 εὖμετακόμιστα
1443 1246 1495 1273 τῶν
1522 1245 1622 1278 ταύτης
1657 1246 1836 1284 πραγμάτων.
1861 1239 1885 1274 ’0

198 1299 314 1330 cunque
346 1292 491 1331 potuisset
527 1287 664 1324 avehere.
702 1292 778 1323 Tum
815 1291 965 1331 Capandril

1118 1293 1234 1317 τοιοῦτος
1272 1288 1454 1328 Καπανδρίτης
1490 1289 1554 1317 λαὸν
1581 1288 1691 1317 ἔνοπλον
1726 1290 1777 1318 οὐκ
1803 1289 1885 1329 ὀλίγον

198 1335 276 1365 hunc
303 1343 362 1366 non
396 1337 498 1376 paucis
524 1337 643 1368 armatis
685 1335 856 1367 hominibus
885 1339 965 1365 coact

1117 1336 1228 1374 ιγαγὼν,
1263 1334 1410 1374 λῃστρικῶς
1452 1335 1580 1373 ἐπελθὼν,
1631 1335 1756 1374 ἁρπαγὴν
1809 1336 1884 1369 alni:

197 1378 346 1419 praedonis
372 1380 402 1411 in
438 1391 550 1412 morem
582 1382 755 1418 advenisse,
785 1384 960 1420 raptumque

1117 1379 1280 1418 ημμέλησεν,
1309 1379 1470 1418 ἀφελόμενος
1508 1381 1549 1408 καὶ
1578 1379 1627 1408 ὅσα
1655 1382 1796 1420 προσῆσαν
1824 1382 1884 1418 αὐτῇ

197 1423 391 1465 Commisisse,
410 1425 513 1456 ab'atis
529 1426 616 1457 etiam
641 1427 732 1456 rebus
760 1425 808 1465 iis,
825 1434 897 1464 quas
919 1433 964 1454 sec

1115 1435 1213 1463 γματα,
1250 1424 1303 1451 ἀπὸ
1330 1424 1412 1452 τόπου
1447 1425 1483 1456 εἷς
1512 1425 1592 1452 τὸπον
1642 1424 1768 1463 μετάγων
1797 1425 1882 1461 οὖτὴν,

195 1464 368 1506 habuisset;
383 1461 469 1510 atque
483 1470 524 1500 ita
540 1471 575 1501 de
590 1471 653 1501 loco
678 1471 707 1500 in
724 1461 821 1500 locum
833 1461 908 1499 Ieam
921 1472 962 1498 tra

1120 1461 1293 1508 αἰχμάλωτον
1323 1467 1405 1497 ἕλκων
1433 1468 1498 1498 ὅπου
1530 1468 1670 1508 ἠϐούλετο,
1698 1461 1735 1506 μίὴ
1776 1480 1883 1509 συγχω-

195 1518 341 1554 postasse,
355 1514 560 1554 captivamque
575 1515 697 1545 traxisse
723 1520 902 1554 quocunque
921 1511 962 1542 vel

1118 1512 1192 1546 ιένην
1228 1512 1294 1540 ἰδεῖν
1324 1513 1391 1550 μηδὲ
1426 1515 1473 1545 τὰς
1508 1512 1670 1553 αὖταδὲλφας
1700 1514 1796 1550 αὐτῆς,
1813 1519 1885 1543 τοῦτο

196 1567 262 1588 cum
286 1567 324 1589 ne
349 1558 469 1599 quidem
492 1563 520 1589 et
541 1560 726 1600 permitteret
751 1557 884 1598 aspicere
904 1564 963 1586 εον(

1119 1557 1204 1593 θύσας,
1228 1558 1271 1585 καὶ
1308 1558 1344 1588 εἰς
1373 1558 1533 1593 ἀναζήτησιν
1561 1557 1659 1590 ταύτης
1684 1557 1824 1590 ἐλθούσας.
1842 1559 1886 1587 Καὶ

195 1611 263 1632 suas
289 1612 444 1644 gemanas;
467 1613 533 1643 qum
556 1604 612 1634 hoc
641 1604 716 1634 facto
748 1602 877 1642 cognito,
894 1601 929 1630 ad
954 1610 962 1631 ι

1118 1612 1128 1628 ι)
1142 1601 1232 1639 βιαίως
1255 1602 1297 1629 καὶ
1312 1602 1472 1641 παρανόμως
1498 1602 1624 1640 συνεζύγη
1639 1602 1707 1640 αὒτῇ
1733 1602 1776 1639 μὴ
1800 1613 1885 1630 συντι-

196 1647 386 1686 quaerendam
402 1652 554 1679 venerant.
573 1648 632 1678 Hec
647 1647 733 1678 modo
745 1644 951 1686 Capandritam

1116 1645 1168 1686 ἕνῃ,
1185 1645 1225 1673 διὰ
1252 1657 1280 1673 τε
1316 1647 1346 1674 τὸ
1388 1646 1493 1676 αὐτόθεν
1517 1650 1562 1674 τοῦ
1589 1646 1746 1685 πράγματος
1778 1646 1883 1685 ἄτοπον,

194 1690 253 1721 vim
268 1695 427 1732 contraque
443 1692 522 1732 leges
538 1692 565 1723 ei
581 1692 672 1722 fuisse
685 1692 852 1731 copulatum
867 1689 961 1729 haudq

1116 1689 1156 1718 διὰ
1176 1691 1207 1718 τὸ
1222 1689 1335 1730 ἀκριϐῶς
1351 1689 1456 1729 εἰδέναι,
1479 1692 1515 1723 ὡς
1540 1689 1709 1730 δισεξαὸἐλγη
1737 1691 1840 1724 ταύτης
1854 1691 1883 1725 ἦν

195 1744 339 1775 quaquam
368 1737 577 1774 consentienti,
596 1742 655 1767 tum
673 1741 791 1777 propter
807 1734 899 1775 ipsius
910 1733 962 1763 abs

1114 1735 1226 1774 πρότερον
1254 1736 1362 1774 σύζυγος
1397 1739 1442 1763 τοῦ
1468 1736 1587 1764 τοιούτου
1623 1734 1818 1776 Καπανδρίτου,
1852 1736 1881 1770 ἢν

194 1779 318 1810 ditasem
335 1780 414 1819 facti,
433 1785 492 1811 tum
508 1782 586 1822 quod
603 1786 739 1812 accurate
766 1781 829 1820 ipsa
851 1782 951 1808 nosset

1111 1779 1160 1815 ὶτῳ
1173 1779 1250 1811 αὐτὸς
1265 1778 1421 1809 ἀπεϐάλετο.
1449 1781 1495 1808 Διὸ
1523 1781 1566 1808 καὶ
1601 1784 1693 1819 καιροῦ
1719 1778 1878 1818 δραξαμένη,

194 1823 310 1864 bringm
337 1834 420 1856 suam
448 1826 538 1856 fuisse
564 1830 691 1866 prierem
708 1824 892 1864 Capandritae
909 1830 961 1853 con

1119 1823 1177 1860 μετ’
1206 1824 1284 1852 αὖτοῦ
1301 1825 1464 1858 ’συνοίκησιν
1491 1826 1616 1864 ἒκφυγεῖν
1638 1823 1739 1865 εἵλετο,
1771 1825 1818 1854 ἵνα
1846 1825 1880 1862 μὴ

194 1877 272 1907 gem,
287 1879 375 1909 quam
403 1874 498 1901 morte
526 1870 675 1901 amiserat.
701 1869 829 1909 Ideoque
858 1868 952 1909 ipsam

1114 1879 1142 1895 ια
1156 1869 1271 1907 ψυχικὸν
1292 1868 1319 1896 ἕν
1349 1868 1493 1904 om;an
1520 1869 1656 1897 ἐπισπῶτο
1687 1868 1717 1897 ἐκ
1751 1872 1803 1903 τῆς
1825 1868 1881 1908 μετ’

193 1913 313 1944 casione
334 1918 467 1954 captata,
499 1914 637 1945 maluisse
670 1914 736 1953 fuga
765 1912 960 1944 cohabitation

1114 1912 1136 1940 »ὖ
1151 1911 1333 1950 συμϐιώσεως,
1357 1913 1398 1942 διὰ
1420 1914 1468 1948 τὴν
1489 1913 1548 1942 καθ’
1569 1916 1639 1951 αἷμα
1652 1914 1750 1948 ταύτης
1765 1915 1881 1954 ἒγγύτη-

194 1957 259 1997 ejus
275 1958 468 1999 (leserere,ne
477 1959 702 1990 damnationem
714 1958 821 1989 animae
837 1958 935 1990 sciens
944 1968 961 1999 p

1115 1958 1175 1996 πρὸς
1198 1958 1245 1991 τὴν
1260 1958 1385 1997 πρότερον
1401 1960 1510 1998 σύζυγον
1530 1959 1632 1996 τούτου,
1662 1958 1712 1992 τὴν
1734 1959 1780 1986 καὶ
1795 1958 1882 1986 δευτέ-

193 2002 327 2042 densque
339 2003 397 2034 sibi
409 2003 581 2034 sonciliaret
596 2013 629 2034 ex
648 2003 699 2034 tali
710 2003 775 2033 vitae
785 2003 960 2043 consortioq

1121 2000 1168 2040 (ὥς
1184 2002 1274 2042 φησιν)
1291 2002 1432 2043 ἓξαόἐλφην
1454 2003 1532 2031 οὖσαν
1551 2003 1643 2036 αὐτῆς.
1681 2003 1731 2031 Καὶ
1756 2002 1882 2042 ἐρώτησιν

194 2050 258 2086 ριιιιι
273 2048 425 2087 sanguinis
454 2058 521 2078 cum
547 2048 612 2088 ejus
637 2048 736 2088 prime
751 2046 877 2085 conjuge
893 2056 961 2088 pr0p

1112 2057 1130 2074 :o
1145 2046 1188 2074 ἐπὶ
1209 2046 1309 2079 τούτοις
1322 2045 1364 2074 διά
1378 2059 1448 2079 τιιιος
1463 2051 1515 2076 τῶν
1531 2048 1611 2080 αὒτῆς
1636 2047 1702 2086 πρὸς
1732 2047 1783 2081 τὴν
1805 2048 1879 2084 ἡμῶν

193 2091 346 2132 quitatem,
364 2102 429 2133 quae
457 2092 595 2124 Eudocize
616 2092 737 2123 sobrina
755 2091 843 2132 (velut
861 2090 923 2130 ipsa
940 2102 960 2132 ρ

1115 2090 1218 2123 sttit-nm
1253 2092 1456 2130 προκαθημένηυ
1497 2091 1652 2131 συνοδικῶς,
1690 2094 1736 2119 τοῦ
1770 2091 1814 2120 ἐπὶ
1849 2095 1882 2128 τῷ

193 2136 282 2186 dicat)
301 2136 400 2168 fuerit.
421 2137 711 2189 ‘Quibusvexpositis
739 2147 791 2177 per
807 2139 960 2188 quemdam

1114 2135 1263 2174 υτοτρόπως
1289 2135 1412 2176 προϐάντι
1441 2137 1593 2173 συνοιχεσίῳ
1629 2135 1768 2169 ποιητέου.
1784 2136 1880 2166 Ἥκω-

1127 2179 1133 2188 ,
1169 2180 1174 2189 ,
1248 2182 1261 2187 -
1297 2181 1303 2189 .
1340 2182 1351 2186 η
1471 2181 1475 2189 .
1626 2181 1633 2189 ι
1667 2183 1679 2188 -
1701 2180 1720 2189 κ.
1755 2184 1769 2189 -
1807 2180 1858 2189 ,κς

192 2180 253 2211 suis
268 2180 470 2221 interrogabat
486 2181 718 2212 mediocritatem
733 2188 875 2222 nostram,
893 2183 923 2213 in
941 2191 959 2212 ci

1122 2179 1174 2207 ἀπό
1189 2190 1216 2207 τε
1231 2182 1279 2213 τῆς
1292 2181 1369 2218 ἡμῶν
1387 2181 1569 2221 μετριότητος,
1591 2181 1635 2208 καὶ
1649 2180 1786 2220 τῆςχὶερᾶς
1802 2180 1879 2208 ἀδελ-

193 2224 261 2256 cilio
277 2225 496 2266 praesidentem,
515 2225 586 2266 quid
603 2226 639 2256 de
655 2226 793 2266 conjugio
809 2227 837 2257 in
854 2228 932 2258 hunc
950 2237 960 2257 r

1110 2235 1182 2260 ηνος,
1196 2225 1232 2256 ὡς
1248 2225 1269 2252 εἰ
1280 2225 1361 2258 οὕτως
1378 2225 1479 2266 ἔχειτὰ
1492 2225 1681 2262 τῆςάληθείας,
1699 2225 1808 2254 αὐτόθεν
1823 2225 1877 2265 ἔχει

193 2271 262 2302 dum
279 2274 431 2302 contracto
456 2270 624 2301 faciendum
654 2275 742 2302 esset.
769 2273 954 2312 Responsum
972 2275 1018 2302 est

193 2319 256 2346 tum
286 2315 492 2346 mediocritate
517 2318 615 2345 nostra
645 2319 706 2345 tum
739 2325 822 2346 sacro
852 2321 929 2346 cmtu
955 2316 1016 2346 {ra-

195 2363 292 2399 trum;
309 2359 456 2400 siquidem
471 2359 511 2390 ita
526 2365 693 2399 comparata
707 2359 744 2390 sit
757 2360 800 2391 rei
812 2360 932 2401 veritas,
951 2360 1015 2401 ipso

192 2404 270 2435 facto
292 2403 470 2444 diremptum
495 2412 560 2434 esse
584 2403 806 2434 matrimonium
823 2404 866 2435 sic
877 2408 1015 2435 contrac-

194 2452 267 2481 tum.
286 2448 319 2479 Et
335 2449 386 2479 ille
402 2448 533 2488 quidem,
560 2448 610 2488 qui
639 2448 696 2478 vim
718 2448 827 2486 intulit,
845 2449 966 2480 omnino
982 2458 1017 2479 ea

192 2495 310 2534 perpeti
338 2497 481 2530 meretur,
512 2502 578 2533 quae,
602 2502 694 2524 sacrae
718 2494 832 2534 piaeque
855 2494 937 2532 leges
957 2497 1014 2523 sta-

193 2542 291 2575 tuunt,
305 2538 474 2568 ahnoscens
500 2542 529 2568 et
557 2537 623 2568 illas
636 2547 747 2578 ptenas,
765 2547 830 2578 quae
846 2547 900 2578 per
914 2546 1016 2568 sacros

192 2592 321 2614 canones
348 2582 515 2621 irrogantur
545 2582 601 2619 iis,
635 2582 685 2622 qui
721 2583 850 2613 scientes
881 2591 914 2612 ac
942 2591 1015 2622 pru-

191 2627 296 2659 dentes
312 2637 378 2658 cum
394 2627 507 2659 duabus
523 2626 652 2658 sobrinis
678 2627 853 2667 copulantur
866 2650 873 2664 ,
901 2635 968 2658 cum
990 2627 1016 2657 is

191 2672 300 2713 gradus
327 2681 362 2704 ex
396 2672 548 2712 sanguinis
576 2673 787 2712 conjunctione
818 2675 919 2703 sextus
950 2680 1016 2703 esse

1057 2269 1087 2296 τὸ
1113 2267 1304 2307 διεσπασμένον
1332 2270 1362 2297 τὸ
1397 2270 1465 2298 οὕτω
1493 2269 1593 2309 προϐὰν
1628 2269 1804 2301 ωνοικὲσιον,
1834 2268 1881 2298 Καὶ

1058 2314 1072 2341 ὃ
1088 2313 1136 2351 μὲν
1159 2313 1217 2351 βίαν
1245 2313 1448 2354 πλεμμελήσας,
1472 2314 1560 2342 ἐκεῖνο
1581 2314 1686 2346 πάντως
1715 2313 1787 2347 ἄξιός
1823 2313 1875 2341 ἐστι

1057 2359 1162 2397 παθεῖν,
1180 2357 1245 2396 ἅπερ
1268 2359 1290 2386 οἱ
1314 2360 1381 2387 Θετοι
1407 2360 1451 2387 καὶ
1480 2357 1644 2399 φιλευσεϐεϊς
1677 2358 1754 2396 νόμοι
1791 2357 1879 2386 διαχε-

1056 2401 1186 2438 λεύονται,
1217 2402 1338 2442 ἐπιγνοὺς
1365 2404 1408 2432 καὶ
1432 2404 1466 2432 τὰ
1500 2403 1552 2432 ἀπὸ
1580 2406 1634 2431 τῶν
1661 2402 1736 2442 ἱερῶν
1765 2402 1880 2430 κανόνων

1057 2448 1239 2486 ὲπιτιμώμενα
1260 2455 1317 2481 τοῖς
1345 2449 1372 2477 ἐν
1407 2448 1552 2484 σννειδήσει
1581 2447 1647 2486 δυσὶ,
1684 2447 1878 2488 δισεξαόέλφαις

1057 2492 1272 2532 συζευγνυμένοις
1314 2495 1350 2526 ὡς
1376 2494 1451 2523 ἕκτου
1486 2494 1512 2527 ἐξ
1545 2493 1661 2532 αἵματος
1696 2492 1879 2533 εὖρισκομένου

1057 2538 1169 2576 βαθμοῦ.
1188 2534 1218 2567 Ἠ
1246 2537 1272 2566 δὲ
1307 2539 1447 2568 ἀποστᾶσα
1480 2539 1574 2567 τούτου
1613 2537 1654 2567 διὰ
1682 2538 1729 2570 τὰς
1757 2537 1878 2568 τοιαύτας

1058 2582 1152 2622 αἰτίας,
1179 2583 1251 2612 οὐδέν
1292 2595 1317 2612 τι
1346 2584 1478 2624 πρόκριμα
1506 2583 1695 2618 ὕποστήσεται.
1732 2576 1817 2611 ’Ὅθεν
1837 2582 1879 2609 καὶ

1057 2627 1257 2667 παραδηλοῦμεν
1278 2630 1353 2667 ὑμῖν,
1370 2628 1597 2668 μετακαλέσασθαι
1631 2628 1675 2656 καὶ
1690 2627 1826 2667 ἀμφότερα
1846 2626 1877 2654 τὰ

1057 2672 1137 2712 μέρη,
1152 2673 1196 2701 καὶ
1230 2673 1324 2714 ἀκρικῆ
1352 2674 1420 2703 κατᾶ
1442 2672 1572 2707 συστάδην
1593 2672 1625 2698 55
1644 2672 1734 2701 θέσθαε
1763 2670 1877 2705 ἐξέτασιν

858 2755 986 2789 νΑΡιΙλΕ
1007 2755 1222 2789 LECTIONES.

232 2811 265 2838 B5
278 2810 486 2845 κατασυστάδην,
