1942 3081
210 123 270 156 879

899 125 915 156 J
918 124 964 155 US
985 123 1209 156 GANONICUM

1835 125 1884 158 880

213 192 276 231 ejus
299 191 432 222 miraculi
460 191 563 230 gratia,
592 191 670 231 quod
693 191 850 222 oculariter
864 191 971 221 factum
987 190 1034 221 fuit

1118 195 1126 219 Ξ
1162 191 1282 231 Ἀνδρέου
1317 190 1525 232 ὀφθαλμοφανῶς
1555 193 1698 232 γενόμενον
1725 194 1818 231 θαῦμα,
1851 193 1886 221 ἐπὶ

212 236 248 267 ab
263 236 314 266 illo
331 235 439 266 eximio
455 235 610 276 primoque
640 240 740 266 vocato
756 236 889 276 apostolo
904 235 1033 272 Andrea,

211 281 241 312 in
258 280 390 312 Abarum
406 279 626 320 eversione,qui
642 279 709 312 totis
724 288 832 312 ccxvm
846 280 932 310 annis
946 279 1034 310 Pelo-

212 334 377 366 ponnesum
390 324 686 365 obtinuerant,usque
701 325 775 355 adeo
787 324 824 355 ab
835 324 960 364 imperio
974 323 1034 354 Ro-

213 379 302 400 mano
318 369 420 406 avulsi,
437 373 468 399 ut
483 377 570 399 nemo
588 369 739 400 Romanus
750 369 780 399 in
797 369 1032 409 Peloponnesum

211 414 257 445 vel
273 413 378 454 pedem
394 413 504 444 inferre
523 418 638 453 posset;
656 417 726 444 tunc
739 417 835 444 autem
852 413 940 444 unius
954 412 1034 443 hom

211 459 307 499 spatio
320 457 632 489 fueruntexterminati
643 467 694 498 per
711 458 804 489 solam
821 457 1034 498 apparitionem

212 502 301 542 hujus
317 502 414 542 primo
424 501 519 533 vocati
535 502 671 541 apostoli,
687 506 716 533 et
726 502 790 542 ipsa
804 502 885 540 regio
902 505 961 532 tota
975 500 1035 533 Ro-

212 546 308 577 manis
322 547 457 577 restituta
472 546 608 585 sceptris.

251 591 296 622 Ac
311 591 438 631 primum
454 591 575 630 quidem
591 591 701 630 profert
719 599 840 621 auream
857 590 969 621 bullam
986 590 1034 620 in-

212 635 300 666 dicati
316 635 470 675 principis,
488 637 537 675 qui
564 639 593 666 et
608 636 684 665 hanc
709 635 803 675 ipsam
820 635 1035 666 sanctissimam

211 681 383 711 Patrensem
389 679 552 710 Ecclesiam
563 689 596 710 ex
607 680 863 719 archiepiscopatu
870 680 905 709 ad
921 683 1030 709 metro-

213 724 289 765 polis
298 724 419 764 gloriam
433 724 528 755 evexit
537 723 574 754 ob
583 724 663 754 illius
675 724 775 754 eximii
788 724 953 764 prodigium
964 733 1035 763 apo-

212 768 360 808 stoli,quze
381 768 527 807 diximus;
551 773 579 799 et
594 773 652 799 tres
669 769 854 808 episcopatus
872 768 899 799 ei
915 768 1033 807 largitus

212 817 266 852 est,
281 813 515 853 Methouensem,
529 813 797 850 Lacedaemonium,
815 817 843 844 et
854 812 1031 844 Sarsocoro-

212 867 337 889 nensem
355 868 361 889 :
378 858 486 888 deinde
511 857 632 889 alteram
655 857 723 889 huic
739 867 909 893 consonam,
927 857 1034 888 Leonis

213 909 242 934 et
268 902 430 933 Alexandri
453 907 642 942 augustorum
661 912 668 932 :
692 911 726 932 ac
751 902 866 932 tertiam
881 901 1032 941 ‘Romani,

212 948 428 989 Christophori,
448 953 476 979 et
490 948 685 988 Constantini,
711 948 890 988 reliquarum
904 948 1034 987 vestigiis

212 993 403 1024 inhaerentem
418 993 568 1034 ;itemque
587 997 691 1034 praeter
701 993 753 1023 has
766 992 1032 1033 aliam,Nicephori

212 1037 317 1069 Phocae
341 1038 498 1078 :quintam
525 1038 655 1078 denique
679 1037 839 1069 Botaniata:
868 1037 957 1075 illius,
983 1037 1033 1076 qui

213 1083 298 1122 paulo
310 1087 377 1113 ante
388 1092 487 1113 rerum
500 1082 609 1122 potitus
616 1082 750 1122 fuit,qu:e
762 1083 918 1112 recensitae
928 1090 1033 1112 omnes

212 1127 416 1166 obsignantur.
427 1126 676 1158 Neocaesariensis
688 1136 806 1167 quoque
816 1126 954 1157 similiter
967 1135 1034 1156 mo—

212 1175 354 1203 numento
378 1171 642 1202 dominiMichazlis
658 1171 843 1210 patriarchae,
861 1170 955 1201 beata:
970 1179 1036 1200 me-

212 1215 313 1247 moriae
325 1216 447 1254 nititur;
461 1220 489 1247 et
500 1225 590 1247 aurea
601 1215 680 1248 bulla
690 1216 803 1246 domini
812 1215 964 1246 Michaelis
974 1214 1035 1245 Du-

212 1269 264 1292 cae.
282 1260 476 1291 Inveniuntur
488 1265 517 1291 et
534 1264 609 1298 acta,
619 1270 686 1301 quae
701 1260 907 1300 traduntquod
917 1259 1035 1300 episco-

213 1305 482 1345 patus,quicunque
497 1305 533 1335 ad
549 1305 760 1345 metropolium
777 1304 949 1343 dignitatem
966 1312 1036 1343 pro-

213 1349 341 1380 vehendi
358 1354 452 1388 erant,
470 1359 529 1380 non
550 1349 636 1380 aliter
656 1349 685 1379 id
709 1348 961 1389 assequebantur;
978 1347 1038 1378 nisi

214 1393 341 1434 publicae
368 1394 502 1424 utilitatis
525 1393 554 1424 id
582 1394 719 1425 suaderet
748 1393 833 1430 ratio,
856 1397 885 1422 et
909 1392 1036 1432 synodus

213 1438 419 1474 assentiretur,
446 1442 474 1468 et
489 1438 622 1469 ecclesia:
637 1438 780 1468 honorem
798 1441 962 1476 acceptura:
978 1445 1038 1466 me-

214 1482 407 1522 tropolitanus
422 1482 677 1513 remunerationes
693 1491 726 1512 se
742 1482 845 1521 dignas
861 1481 1035 1520 eximpera—

215 1527 288 1556 toris
315 1536 403 1558 manu
428 1532 616 1567 consecutus,
645 1536 679 1557 ea
694 1536 759 1566 quae
779 1529 964 1566 gererentur,
981 1534 1035 1564 ap-

1045 838 1064 862 B

1045 1514 1065 1542 C

216 1570 365 1611 probaret.
397 1572 453 1602 Tot
469 1572 558 1611 igitur
572 1575 659 1612 atque
686 1571 753 1602 talia
769 1580 835 1602 cum
857 1569 1038 1600 adminicula

216 1615 286 1653 sint,
304 1620 362 1646 tam
377 1617 524 1647 universis
538 1615 716 1653 communia,
739 1625 825 1655 quam
842 1613 967 1654 singulis
984 1623 1037 1654 pe-

215 1660 363 1692 culiaria:
383 1661 455 1691 mihi
484 1671 566 1698 sane,
594 1661 711 1700 meique
737 1659 883 1690 similibus
911 1658 1034 1689 videtur.

214 1705 428 1736 humanissime
454 1705 605 1746 princeps,
639 1714 704 1735 esse
733 1705 839 1734 factum
854 1704 940 1743 hujus
957 1703 1036 1733 modi

215 1753 243 1780 et
258 1749 392 1790 iniquum
408 1754 437 1780 et
453 1759 586 1786 enorme,
605 1753 766 1789 contraque
781 1757 880 1778 sacros
895 1756 1033 1784 canones,

215 1798 244 1825 et
272 1794 401 1825 decretis
430 1794 633 1834 spiritualibus
663 1803 696 1823 ac
725 1792 840 1832 legibus
854 1792 1034 1823 adversum:

213 1848 270 1870 nec
282 1840 352 1869 satis
368 1839 478 1870 habere
496 1839 613 1876 virium,
631 1847 694 1877 qua:
720 1837 756 1868 ab
769 1837 938 1868 adversaria
953 1840 1036 1876 parte

214 1888 392 1923 opponatur.
410 1883 482 1914 Nam
505 1892 602 1923 neque
617 1891 702 1912 sacra
718 1881 897 1922 pragmatica
911 1881 1035 1921 sanctio,

214 1927 304 1958 veluti
315 1928 452 1968 superius
482 1931 527 1958 est
553 1927 750 1963 declaratum,
768 1926 907 1956 adversus
922 1925 1037 1955 divinos

214 1981 344 2003 canones
368 1972 498 2003 valebit:
526 1980 622 2011 neque
647 1970 868 2007 condemnatio,
884 1979 949 2010 qum
964 1979 1037 2000 con-

214 2020 258 2047 tra
283 2017 363 2056 leges
378 2025 506 2047 canones
530 2015 634 2055 tendit,
664 2014 822 2045 laudabilis
836 2023 901 2044 esse
918 2015 1034 2054 poterit.

214 2059 351 2096 Quamvis
380 2060 460 2091 enim
490 2059 634 2099 scriptum
662 2068 679 2088 ει
707 2060 869 2089 constituta
897 2058 1036 2088 divinitus

214 2104 366 2144 majestate
393 2108 442 2135 tua
471 2103 672 2137 subnotatum,
697 2103 856 2133 artiﬁciose
872 2107 959 2142 atque
973 2112 1037 2132 ora-

215 2149 290 2180 torie
321 2149 428 2180 factum
445 2153 498 2186 est,
517 2157 552 2179 ac
569 2147 652 2187 vulgo
665 2147 754 2178 ﬁdem
770 2147 879 2178 mereri
895 2147 1010 2178 videtur
1027 2155 1068 2186 τι)

213 2203 271 2224 non
287 2199 385 2225 tamen
395 2193 514 2233 etleges
528 2197 615 2232 atque
632 2201 760 2224 canones
783 2197 916 2223 evertere
928 2196 1033 2232 potest,

213 2242 241 2268 at
257 2239 409 2269 veritatem
434 2242 600 2268 succutere.
627 2236 700 2268 Nam
725 2239 870 2277 argutatio
901 2240 930 2268 et
944 2237 1034 2267 ratio—

214 2282 391 2320 cinationes,
410 2292 445 2313 ex
459 2282 496 2312 iis
512 2286 717 2322 sumpta,un
731 2282 884 2312 hominum
902 2281 1035 2321 opinioni

214 2330 422 2358 consentaneae
435 2326 654 2364 videntur,cum
672 2336 730 2357 non
742 2326 800 2357 sint
812 2335 820 2364 ;
833 2326 920 2366 longe
929 2326 1035 2357 absunt

213 2381 230 2402 a
243 2381 314 2402 vero
329 2378 417 2412 atque
429 2371 562 2402 scientia.
580 2372 641 2402 Nec
668 2371 755 2410 longa
771 2371 953 2401 consuetudo
968 2371 1033 2402 efﬁ-

213 2416 270 2446 ciet
286 2420 463 2456 unquam,ut
488 2416 612 2456 id,quod
642 2415 678 2446 ab
702 2415 786 2446 initio
800 2415 961 2446 subsistere
977 2425 1035 2446 non

213 2461 316 2500 potuit,
335 2461 430 2491 locum
457 2460 574 2492 habeat.
601 2460 684 2491 Tunc
709 2460 786 2491 enim
817 2460 902 2500 longa
918 2469 1036 2500 quoque

213 2507 400 2538 consuetudo
415 2507 473 2537 vim
491 2506 564 2545 legis
578 2505 701 2543 obtinet,
712 2506 828 2546 quando
842 2510 1035 2546 praeterquam

214 2550 292 2591 quod
324 2551 475 2582 curatione
505 2559 564 2581 non
590 2556 712 2590 pugnat,
739 2559 794 2581 nec
823 2550 917 2589 legem
934 2551 1035 2581 everti.

213 2595 251 2626 At
266 2605 334 2626 cum
349 2596 405 2626 hoc
421 2596 508 2626 modo
523 2596 599 2626 sacri
623 2604 752 2625 canones
767 2598 946 2635 evertantur,
963 2604 1036 2635 qua-

213 2649 282 2670 nam
310 2641 425 2671 ratione
450 2639 642 2676 consuetudo,
675 2647 739 2677 quae
767 2638 810 2669 sic
835 2639 964 2680 irrepsit,
982 2640 1036 2670 ad-

213 2684 372 2715 mittetur?
383 2684 455 2715 Nam
480 2684 549 2715 audi
561 2684 634 2722 legis
649 2683 738 2713 verba
754 2692 760 2713 ;
779 2682 879 2718 «Quod
896 2693 954 2714 non
971 2694 1036 2714 cum

213 2729 329 2760 ratione
346 2729 547 2759 introductum
576 2732 629 2766 est,
643 2727 694 2758 sed
709 2737 762 2768 per
778 2736 911 2758 errorem
929 2734 957 2759 et
969 2739 1037 2760 con-

214 2774 403 2807 suetudinem
411 2773 538 2804 obtinuit
548 2773 578 2803 in
588 2773 735 2804 similibus
742 2774 838 2804 valere
847 2783 905 2804 non
916 2774 1014 2808 debet.
1023 2788 1035 2807 ι

1077 235 1218 269 διακοσίοις
1236 236 1370 264 δεκαοκτὼ
1389 237 1497 276 χρόνοις
1526 237 1597 270 ὅλοις
1624 237 1814 278 κατασχόντων
1844 238 1887 271 τὴν

1078 280 1291 319 Πελοπόννησον,
1327 281 1371 309 καὶ
1398 282 1447 314 τῆς
1471 277 1626 319 Ῥωμαϊκῆς
1646 282 1735 322 ἀρχης
1763 282 1887 320 ἀποτεμο-

1077 324 1176 363 μὲνων,
1213 327 1249 357 ὡς
1286 324 1354 363 μηδὲ
1381 325 1448 354 πόδα
1477 326 1572 365 βαλεῖν
1606 326 1675 358 ὅλως
1713 326 1830 355 δύνασθαι
1865 328 1889 354 ἓν

1076 370 1143 408 αὐτῇ
1170 365 1303 408 Ῥωμαῖον
1330 369 1408 409 ἄνδρα
1425 377 1432 384 ⁸
1461 370 1488 399 ἐν
1517 374 1566 409 μιᾷ
1593 369 1621 399 δὲ
1648 371 1703 410 ὥρᾳ
1729 371 1826 399 τούτων
1847 371 1888 408 μὲν

1076 413 1268 453 ἀφανισθέντων
1293 414 1323 442 ἐκ
1347 414 1431 451 μόνης
1453 414 1605 454 ἐπιφανείας
1629 420 1676 444 τοῦ
1698 415 1887 455 πρωτοκλήτου,

1075 461 1123 491 τῆς
1156 458 1183 486 δὲ
1219 459 1309 498 χώρας
1338 458 1443 492 ἁπάσης
1471 467 1530 491 τοῖς
1560 455 1724 498 Ῥωμαίκοῖς
1756 460 1889 498 σκήπτροις

1076 502 1281 537 ἐπανελθούσης,

1118 593 1166 620 Καὶ
1187 592 1290 632 πρῶτον
1314 594 1362 630 μὲν
1385 592 1560 632 προϐάλλεται
1584 593 1615 621 τὸ
1636 596 1682 621 τοῦ
1704 592 1826 631 ῥηθέντος
1845 593 1890 631 βα·-

1077 636 1170 668 σιλὲως
1196 636 1403 677 χρυσόϐουλλον,
1427 641 1473 666 τοῦ
1500 639 1543 666 καὶ
1573 638 1622 671 τὴν
1645 638 1726 671 αὐτὴν
1749 638 1891 676 ἀγιωτάτην

1076 681 1219 715 ἐκκλησίαν
1248 685 1370 722 Πατρῶν,
1396 682 1421 715 ἐξ
1452 683 1667 722 ἀρχιεπισκοπῆς
1695 684 1732 714 εἰς
1760 682 1890 721 μητροπό-

1074 727 1141 759 λεως
1171 727 1245 760 δόξαν
1285 728 1475 767 ἀναγαγόντος,
1513 728 1554 757 διὰ
1593 729 1625 756 τὸ
1659 729 1736 767 ῥηθὲν
1764 729 1891 768 τεράστιον

1074 772 1119 800 τοῦ
1141 772 1290 812 κορυφαίου,
1323 773 1366 800 καὶ
1389 773 1475 812 τρισὶν
1509 772 1669 805 ἑπισκοππϊς
1699 773 1782 806 ain-iw
1809 771 1890 811 δωρη-

1075 816 1199 855 σαμένου,
1222 820 1255 855 τῇ
1284 817 1404 857 Μεθώνη,
1434 820 1467 855 τῇ
1496 816 1681 857 Λακεδαίμονι,
1712 818 1811 855 καὶ
1831 820 1892 855 Σαρ-

1075 862 1210 900 σοκορώνῃ
1227 871 1234 878 ·
1263 863 1307 889 καὶ
1335 861 1422 901 ἕτερον
1458 863 1543 900 τούτῴ
1572 861 1692 898 συνᾷδον,
1721 861 1834 894 Λέοντος
1853 861 1892 889 καὶ

1075 905 1248 945 Ἀλεξάνδρου
1271 909 1324 934 τῶν
1353 905 1485 944 βασιλέων
1499 914 1506 921 ⁸
1550 907 1594 934 καὶ
1636 907 1720 946 τρίτον
1751 901 1891 944 Ῥωμανοῦ,

1076 950 1263 989 Χριστοφόρου,
1291 951 1335 978 καὶ
1375 951 1582 987 Κωνσταντίνου,
1624 950 1683 979 κατ’
1723 950 1804 991 ἴχνος
1837 950 1892 980 τοῖς

1074 993 1164 1026 ἄλλοις
1182 995 1275 1032 βαῖνον
1292 1003 1299 1009 “
1330 995 1374 1023 καὶ
1398 994 1463 1023 ἄλλο
1479 995 1521 1024 ἐπὶ
1535 996 1652 1027 τούτοις.
1681 995 1832 1035 Νικηφόρου
1852 997 1893 1022 τοῦ

1074 1042 1155 1066 Φωκᾶ
1171 1048 1178 1055 ·
1216 1040 1259 1067 καὶ
1285 1039 1405 1077 πέμπτον
1439 1039 1481 1068 ἐπὶ
1516 1040 1629 1077 τούτοις,
1659 1045 1705 1069 τοῦ
1733 1041 1785 1079 πρὸ
1807 1040 1893 1078 μικροῦ
1924 1038 1925 1042 “

1075 1081 1290 1120 βεϐασιλευκότος
1330 1083 1376 1111 τοῦ
1417 1084 1601 1121 Βοτανειάτοο,
1645 1085 1706 1116 τοὺς
1744 1084 1891 1124 εἰρημένους

1075 1127 1175 1159 πάντας
1205 1127 1448 1167 ἐπισφραγίζοντος.
1491 1130 1540 1157 Καὶ
1574 1129 1589 1156 ὁ
1628 1129 1830 1168 Νεοκαισαρείας
1868 1126 1893 1154 δὲ

1076 1171 1227 1210 ἐστήρικται
1256 1171 1354 1210 ὁμοίως
1379 1173 1549 1210 ὑπομνήματι
1583 1178 1630 1202 τοῦ
1661 1172 1689 1200 ἐν
1718 1173 1834 1212 μακαρίᾳ

1077 1215 1144 1248 λέξει
1179 1217 1356 1256 πατριάρχου,
1379 1217 1457 1256 κυροῦ
1482 1217 1606 1257 Μιχαὴλ,
1641 1218 1683 1245 καὶ
1711 1216 1896 1257 χρυσοϐούλλῳ

1078 1264 1156 1300 κυροῦ
1180 1260 1293 1300 Μιχαὴλ
1314 1264 1361 1290 τοῦ
1386 1261 1484 1291 Λούκα.
1517 1262 1683 1301 Εὑρίσκονται
1704 1261 1732 1290 δὲ
1759 1262 1805 1290 καὶ
1831 1262 1895 1300 πρά-

1079 1304 1129 1338 ξεις
1158 1304 1364 1345 διαγορεύουσαι,
1387 1305 1427 1333 ὅτι
1457 1316 1506 1345 περ
1528 1305 1586 1334 ὅσαι
1608 1309 1662 1335 τῶν
1682 1305 1836 1335 ἐπισκοπῶν
1863 1306 1895 1337 εἷς
1921 1336 1925 1342 ,

1079 1349 1269 1389 μητροπόλεων
1298 1349 1408 1388 ἔμελλον
1436 1349 1641 1384 ἀναϐιϐασθῆναι
1663 1350 1753 1388 κλέος,
1775 1352 1823 1379 οὒκ
1850 1349 1896 1377 ἄλ-

1078 1393 1131 1425 λως
1155 1395 1248 1422 τούτου
1278 1394 1418 1434 ἐπέτυχον,
1450 1395 1472 1422 εἰ
1500 1395 1538 1432 μὴ
1574 1395 1738 1435 κοινωφελὴς
1760 1394 1896 1434 προῦκειτο

1078 1439 1223 1478 οἰκονομία,
1245 1439 1288 1466 καὶ
1313 1440 1330 1473 ἡ
1361 1438 1465 1471 σύνοδος
1495 1438 1661 1477 κατεδέξατο,
1690 1441 1734 1468 καὶ
1761 1441 1776 1467 ὁ
1799 1450 1896 1478 μητρο-

1077 1482 1186 1516 πολίτης
1201 1485 1250 1516 τῆς
1276 1482 1423 1520 μελλούσης
1450 1485 1594 1521 τιμηθῆναι
1622 1484 1764 1518 ἐκκλησίας
1795 1483 1897 1513 ἀντιδό-

1078 1538 1132 1558 σεις
1156 1527 1227 1560 ἀξίας
1249 1527 1364 1566 εἰληφὼς
1389 1530 1438 1561 τῆς
1467 1527 1608 1565 βασιλικῆς
1623 1528 1719 1569 δεξιᾶς,
1736 1536 1797 1562 τοῖς
1813 1539 1896 1568 πρατ-

1077 1571 1198 1610 τομένοις
1227 1572 1363 1610 συνῄνεσε,
1401 1573 1538 1601 Τοσούτων
1569 1573 1655 1602 τοίνυν
1684 1573 1765 1602 ὄντων
1796 1575 1898 1612 βοηθη-

1079 1616 1180 1656 μάτων,
1206 1617 1250 1644 καὶ
1282 1619 1377 1645 κοινῶν
1406 1623 1464 1648 τοῖς
1492 1620 1569 1655 πᾶσι,
1599 1618 1644 1645 καὶ
1671 1620 1724 1645 τῶν
1739 1618 1900 1646 καθέκαστον

1077 1659 1160 1697 ἰδίων,
1186 1659 1244 1688 ἐμοί
1271 1671 1298 1688 τε
1325 1661 1368 1688 καὶ
1395 1667 1454 1692 τοῖς
1483 1662 1585 1698 ὁμοίοις
1606 1661 1690 1702 δοκεῖ,
1716 1662 1900 1702 φιλανθρωπό-

1077 1716 1140 1733 τατε
1175 1705 1293 1745 βασιλεῦ,
1322 1705 1476 1744 παράνομον
1503 1706 1575 1734 εἶναι
1615 1707 1659 1734 καὶ
1693 1706 1823 1745 ἄρρυθμον
1853 1708 1900 1741 τὴν

1077 1751 1200 1783 τοιαύτην
1221 1750 1324 1789 πρᾶξιν,
1351 1751 1394 1778 καὶ
1415 1753 1468 1778 τῶν
1497 1751 1573 1790 ἱερῶν
1599 1751 1717 1779 κανόνων
1731 1751 1901 1792 ἀπεναντίιν,

1077 1795 1120 1822 καὶ
1148 1801 1207 1826 τοῖς
1235 1801 1425 1833 πνευματικοῖς
1460 1795 1530 1834 ὅροις
1564 1796 1608 1823 καὶ
1636 1795 1726 1833 νόμοις
1755 1796 1899 1837 ἀντίθετον,

1077 1840 1121 1867 καὶ
1136 1840 1187 1879 οὔχ
1214 1840 1290 1867 ἱκανὰ
1317 1840 1350 1868 τὰ
1371 1840 1442 1879 παρὰ
1463 1844 1510 1869 τοῦ
1538 1839 1696 1879 ἀντιῤῥόπου
1725 1840 1824 1880 μέρους
1853 1842 1900 1869 ἀν-

1077 1884 1235 1922 τιτιθέμενα.
1253 1883 1317 1912 Οὔτε
1340 1885 1388 1923 γὰρ
1417 1884 1602 1923 πραγματικὸς
1631 1886 1703 1916 θεῖος
1725 1886 1808 1918 τύπος
1837 1888 1901 1914 κατὰ

1077 1932 1129 1956 τῶν
1143 1929 1218 1956 θείων
1237 1928 1354 1956 κανόνων
1389 1929 1504 1968 ἰσχύσει,
1532 1929 1569 1960 ὡς
1597 1928 1695 1957 ἄνωθεν
1722 1928 1900 1970 διατετράνω-

1077 1984 1133 2013 ται,
1151 1974 1210 2000 οὔτε
1232 1973 1286 2010 μὴν
1313 1972 1454 2008 καταδίκη,
1481 1972 1563 2010 ὁμόσε
1595 1972 1685 2011 νόμων
1709 1975 1752 2002 καὶ
1781 1976 1901 2004 κανόνων

1078 2021 1212 2057 χωροῦσα,
1230 2017 1366 2052 ἐπαινετή,
1390 2018 1419 2045 Εἰ
1442 2017 1491 2056 γὰρ
1512 2017 1556 2045 καὶ
1574 2017 1605 2044 τὸ
1627 2018 1768 2055 σημείωμα
1792 2021 1844 2052 τῆς
1874 2019 1902 2047 ἐκ

1079 2065 1144 2090 Θεοῦ
1178 2060 1312 2100 βασιλείας
1340 2071 1397 2097 σου,
1425 2063 1557 2101 τεχνικῶς
1587 2061 1632 2089 καὶ
1657 2061 1805 2101 ῥητορικῶς
1834 2074 1903 2092 κατ-

1078 2107 1242 2146 εσκεύασται,
1271 2107 1316 2135 καὶ
1343 2107 1454 2135 πιθανὸν
1485 2106 1560 2134 δοκεῖ
1587 2113 1647 2138 τοῖς
1670 2107 1784 2140 πολλοῖς
1803 2116 1811 2123 ·
1843 2108 1902 2137 ἀλλ1

1077 2151 1149 2180 οὔπω
1163 2152 1207 2180 καὶ
1235 2150 1354 2191 δυνατὸν,
1382 2151 1478 2189 νόμους
1500 2150 1605 2180 ἀνελεῖν
1631 2151 1676 2179 καὶ
1703 2152 1831 2190 κανόνας,
1861 2155 1905 2182 καὶ

1076 2197 1125 2230 τὴν
1140 2196 1265 2231 ἀλήθειαν
1286 2202 1454 2226 κατασεῖσαιε
1486 2196 1637 2235 Σοφιστεία,
1667 2196 1729 2236 γὰρ,
1761 2198 1808 2226 καὶ
1837 2199 1904 2227 συλ-

1075 2240 1210 2280 λογισμοὶ,
1225 2240 1255 2269 ἐκ
1276 2240 1438 2280 φαινομένων
1455 2239 1575 2277 ἐνδόξων,
1592 2240 1632 2278 μὴ
1657 2239 1739 2268 ὄντων
1767 2240 1808 2279 δὲ,
1839 2243 1907 2283 πόρε

1076 2286 1113 2324 ῥω
1127 2289 1174 2314 τοῦ
1189 2284 1262 2318 ὄντος
1286 2286 1330 2314 καὶ
1348 2287 1499 2324 ἒπιστήμης
1521 2286 1596 2316 εἰσίν,
1625 2284 1700 2314 Ἀλλ’
1727 2285 1786 2316 οὐδὲ
1814 2290 1906 2328 μακρὰ
1920 2319 1925 2323 _

1076 2331 1210 2370 συνήθεια,
1245 2331 1275 2358 τὸ
1304 2330 1430 2370 ἆπαρχῆς
1458 2330 1648 2370 ἀνυπόστατον,
1684 2331 1720 2362 εἰς
1757 2332 1906 2362 ὑπόστασιν

1076 2374 1129 2407 ἄξει
1160 2375 1234 2404 ποτέ.
1273 2375 1337 2403 Τότε
1364 2375 1413 2414 γὰρ
1434 2375 1477 2403 καὶ
1505 2375 1522 2409 ἡ
1551 2375 1638 2414 μακρὰ
1662 2376 1785 2410 συνήθεια
1831 2377 1906 2407 o-‘go‘év

1079 2421 1158 2452 ἧττον
1176 2420 1256 2458 νόμου
1277 2426 1381 2459 κρατεῖ,
1408 2418 1470 2447 ὅταν
1493 2420 1558 2458 πρὸς
1585 2421 1624 2455 τῷ
1638 2419 1677 2456 μὴ
1698 2419 1842 2459 ἀλόγιστος
1859 2423 1906 2451 εἶ-

1077 2476 1129 2501 ναι,
1155 2466 1198 2492 καὶ
1212 2465 1292 2502 νόμον
1317 2464 1366 2492 οὐκ
1388 2463 1493 2503 ἀναιρῇ.
1518 2461 1576 2491 Ὧδε
1597 2462 1625 2491 δὲ
1645 2465 1698 2491 τῶν
1725 2465 1802 2493 θείων
1834 2467 1906 2495 ἀνα-

1077 2509 1245 2548 τρεπομένων
1273 2509 1402 2546 κανόνων,
1432 2509 1499 2545 ποίῳ
1527 2507 1648 2548 λογισμῷ
1676 2510 1799 2544 συνήθεια
1829 2510 1907 2549 λαμ.-

1078 2553 1192 2582 ϐάνουσα
1219 2553 1384 2593 παρείσδυσιν
1410 2551 1663 2593 προσδεχθήσεταις
1706 2552 1824 2593 Ἀκούσῃ
1856 2557 1908 2596 γὰρ

1078 2601 1124 2626 τοῦ
1140 2599 1222 2636 νόμου
1237 2598 1361 2638 λέγοντος
1378 2608 1385 2615 ·
1414 2609 1426 2625 ι
1445 2598 1480 2626 Τὸ
1510 2597 1549 2635 μὴ
1579 2598 1646 2634 μετὰ
1661 2597 1789 2637 λογισμοῦ
1803 2601 1925 2629 εἰσενεοκ

1078 2643 1153 2682 χθὲν,
1184 2642 1252 2671 ἀλλὰ
1278 2643 1346 2671 κατὰ
1373 2642 1478 2675 πλάνην
1511 2642 1555 2670 καὶ
1580 2643 1717 2677 συνήθειαν
1751 2647 1907 2683 κρατῆσαν,

1079 2688 1108 2715 οὐ
1136 2686 1178 2716 δεῖ
1199 2694 1305 2726 κρατεῖν
1330 2687 1356 2716 ἐν
1385 2693 1443 2720 τοῖς
1471 2687 1582 2724 ὁμοίοις,
1600 2697 1615 2714 ι)
1640 2689 1692 2716 Οὐκ
1713 2687 1865 2726 ἀγνοοῦμεν
1880 2690 1910 2718 δὲ

1078 2733 1122 2760 καὶ
1156 2732 1188 2759 τὰ
1227 2731 1288 2771 παρ’
1332 2731 1406 2760 ἐνίων
1445 2731 1643 2771 προσφερόμενα
1677 2732 1759 2772 πικρὰ
1793 2732 1910 2772 ῥήματα

1078 2778 1110 2805 τὰ
1137 2776 1314 2813 σπουδάζοντα
1343 2776 1441 2817 δωρεὰν
1466 2775 1649 2804 ἀποδεικνύειν
1675 2776 1831 2818 βασιλικὴν,
1859 2779 1913 2814 τὴν
