  <div class='ocr_page' id='page_1' title='image "/cluster/home/n/w/nwhite01/storage/ocr_20150623/119/njp.32101010943965/1073.png"; bbox 0 0 1942 3081; ppageno 0'>
   <div class='ocr_carea' id='block_1_1' title="bbox 205 143 265 177">
    <p class='ocr_par' dir='ltr' id='par_1_1' title="bbox 205 143 265 177">
     <span class='ocr_line' id='line_1_1' title="bbox 205 143 265 177; baseline 0 -1"><span class='ocrx_word' id='word_1_1' title='bbox 205 143 265 177; x_wconf 88' lang='lat'><strong>883</strong></span> 
     </span>
    </p>
   </div>
   <div class='ocr_carea' id='block_1_2' title="bbox 883 148 1204 181">
    <p class='ocr_par' dir='ltr' id='par_1_2' title="bbox 883 148 1204 181">
     <span class='ocr_line' id='line_1_2' title="bbox 883 148 1204 181; baseline -0.003 -1"><span class='ocrx_word' id='word_1_2' title='bbox 883 148 949 180; x_wconf 75' lang='lat' dir='ltr'><strong>JUS</strong></span> <span class='ocrx_word' id='word_1_3' title='bbox 969 148 1204 181; x_wconf 83' lang='lat' dir='ltr'><strong>GANONICUM.</strong></span> 
     </span>
    </p>
   </div>
   <div class='ocr_carea' id='block_1_3' title="bbox 1837 144 1894 176">
    <p class='ocr_par' dir='ltr' id='par_1_3' title="bbox 1837 144 1894 176">
     <span class='ocr_line' id='line_1_3' title="bbox 1837 144 1894 176; baseline 0 0"><span class='ocrx_word' id='word_1_4' title='bbox 1837 144 1894 176; x_wconf 80' lang='grc'><strong>884</strong></span> 
     </span>
    </p>
   </div>
   <div class='ocr_carea' id='block_1_4' title="bbox 203 211 1033 257">
    <p class='ocr_par' dir='ltr' id='par_1_4' title="bbox 203 211 1027 255">
     <span class='ocr_line' id='line_1_4' title="bbox 203 211 1027 255; baseline 0.001 -11"><span class='ocrx_word' id='word_1_5' title='bbox 203 219 337 252; x_wconf 85' lang='lat' dir='ltr'><strong>tempore</strong></span> <span class='ocrx_word' id='word_1_6' title='bbox 351 211 466 253; x_wconf 74' lang='lat' dir='ltr'><strong>prafuit</strong></span> <span class='ocrx_word' id='word_1_7' title='bbox 475 212 602 254; x_wconf 84' lang='lat' dir='ltr'><strong>imperio</strong></span> <span class='ocrx_word' id='word_1_8' title='bbox 620 224 626 242; x_wconf 94' lang='lat'><em>:</em></span> <span class='ocrx_word' id='word_1_9' title='bbox 641 213 776 245; x_wconf 80' lang='lat' dir='ltr'><strong>ducentis</strong></span> <span class='ocrx_word' id='word_1_10' title='bbox 787 218 853 254; x_wconf 90' lang='lat' dir='ltr'><strong>post</strong></span> <span class='ocrx_word' id='word_1_11' title='bbox 863 214 960 255; x_wconf 84' lang='lat' dir='ltr'><strong>annis,</strong></span> <span class='ocrx_word' id='word_1_12' title='bbox 972 214 1027 245; x_wconf 87' lang='lat' dir='ltr'><strong>sub</strong></span> 
     </span>
    </p>
   </div>
   <div class='ocr_carea' id='block_1_5' title="bbox 1114 211 1892 257">
    <p class='ocr_par' dir='ltr' id='par_1_5' title="bbox 1114 212 1892 257">
     <span class='ocr_line' id='line_1_5' title="bbox 1114 212 1892 257; baseline -0.006 -13"><span class='ocrx_word' id='word_1_13' title='bbox 1114 216 1209 249; x_wconf 73' lang='grc' dir='ltr'>κοσίοις</span> <span class='ocrx_word' id='word_1_14' title='bbox 1243 216 1362 257; x_wconf 73' lang='grc' dir='ltr'>ὕστερον,</span> <span class='ocrx_word' id='word_1_15' title='bbox 1403 216 1446 245; x_wconf 83' lang='grc' dir='ltr'>ἐπὶ</span> <span class='ocrx_word' id='word_1_16' title='bbox 1475 215 1658 256; x_wconf 69' lang='grc' dir='ltr'>Θεοφολάκτοο</span> <span class='ocrx_word' id='word_1_17' title='bbox 1692 217 1738 242; x_wconf 79' lang='grc' dir='ltr'><strong>τοῦ</strong></span> <span class='ocrx_word' id='word_1_18' title='bbox 1772 212 1892 250; x_wconf 71' lang='grc' dir='ltr'>ἀοιδίμου</span> 
     </span>
    </p>
   </div>
   <div class='ocr_carea' id='block_1_6' title="bbox 202 256 1030 298">
    <p class='ocr_par' dir='ltr' id='par_1_6' title="bbox 202 256 1030 298">
     <span class='ocr_line' id='line_1_6' title="bbox 202 256 1030 298; baseline 0.002 -11"><span class='ocrx_word' id='word_1_19' title='bbox 202 256 314 288; x_wconf 85' lang='lat' dir='ltr'><strong>celebri</strong></span> <span class='ocrx_word' id='word_1_20' title='bbox 342 257 508 297; x_wconf 70' lang='lat' dir='ltr'><strong>patriarcha</strong></span> <span class='ocrx_word' id='word_1_21' title='bbox 533 258 764 298; x_wconf 83' lang='lat' dir='ltr'><strong>Theophylacto,</strong></span> <span class='ocrx_word' id='word_1_22' title='bbox 794 259 881 298; x_wconf 86' lang='lat' dir='ltr'><strong>jussu</strong></span> <span class='ocrx_word' id='word_1_23' title='bbox 904 259 1030 290; x_wconf 82' lang='lat' dir='ltr'><strong>Romani</strong></span> 
     </span>
    </p>
   </div>
   <div class='ocr_carea' id='block_1_7' title="bbox 205 301 1029 344">
    <p class='ocr_par' dir='ltr' id='par_1_7' title="bbox 205 301 1029 344">
     <span class='ocr_line' id='line_1_7' title="bbox 205 301 1029 344; baseline 0.002 -12"><span class='ocrx_word' id='word_1_24' title='bbox 205 301 333 332; x_wconf 88' lang='lat' dir='ltr'><strong>senioris</strong></span> <span class='ocrx_word' id='word_1_25' title='bbox 347 301 548 342; x_wconf 79' lang='lat' dir='ltr'><strong>imperatoris,</strong></span> <span class='ocrx_word' id='word_1_26' title='bbox 566 311 670 342; x_wconf 84' lang='lat' dir='ltr'><strong>preces</strong></span> <span class='ocrx_word' id='word_1_27' title='bbox 692 303 837 334; x_wconf 74' lang='lat' dir='ltr'><strong>olierente</strong></span> <span class='ocrx_word' id='word_1_28' title='bbox 860 303 1029 344; x_wconf 88' lang='lat' dir='ltr'><strong>Nicephoro</strong></span> 
     </span>
    </p>
   </div>
   <div class='ocr_carea' id='block_1_8' title="bbox 205 345 1029 389">
    <p class='ocr_par' dir='ltr' id='par_1_8' title="bbox 205 345 1029 389">
     <span class='ocr_line' id='line_1_8' title="bbox 205 345 1029 389; baseline 0 -12"><span class='ocrx_word' id='word_1_29' title='bbox 205 345 345 385; x_wconf 90' lang='lat' dir='ltr'><strong>quodam,</strong></span> <span class='ocrx_word' id='word_1_30' title='bbox 362 351 481 386; x_wconf 79' lang='lat' dir='ltr'><strong>pastore</strong></span> <span class='ocrx_word' id='word_1_31' title='bbox 497 347 632 387; x_wconf 87' lang='lat' dir='ltr'><strong>principe</strong></span> <span class='ocrx_word' id='word_1_32' title='bbox 657 346 902 389; x_wconf 80' lang='lat' dir='ltr'><strong>Neocaesariensi,</strong></span> <span class='ocrx_word' id='word_1_33' title='bbox 919 349 1029 379; x_wconf 87' lang='lat' dir='ltr'><strong>consti-</strong></span> 
     </span>
    </p>
   </div>
   <div class='ocr_carea' id='block_1_9' title="bbox 205 390 1029 433">
    <p class='ocr_par' dir='ltr' id='par_1_9' title="bbox 205 390 1029 433">
     <span class='ocr_line' id='line_1_9' title="bbox 205 390 1029 433; baseline 0.004 -13"><span class='ocrx_word' id='word_1_34' title='bbox 205 394 299 421; x_wconf 91' lang='lat' dir='ltr'><strong>tutum</strong></span> <span class='ocrx_word' id='word_1_35' title='bbox 329 395 375 421; x_wconf 90' lang='lat' dir='ltr'><strong>est</strong></span> <span class='ocrx_word' id='word_1_36' title='bbox 401 390 529 422; x_wconf 77' lang='lat' dir='ltr'><strong>tribunal</strong></span> <span class='ocrx_word' id='word_1_37' title='bbox 557 392 676 422; x_wconf 89' lang='lat' dir='ltr'><strong>mistum</strong></span> <span class='ocrx_word' id='word_1_38' title='bbox 705 402 739 423; x_wconf 85' lang='lat' dir='ltr'><strong>ex</strong></span> <span class='ocrx_word' id='word_1_39' title='bbox 773 393 971 433; x_wconf 83' lang='lat' dir='ltr'><strong>pontiﬁcibus,</strong></span> <span class='ocrx_word' id='word_1_40' title='bbox 1000 396 1029 423; x_wconf 91' lang='lat' dir='ltr'><strong>et</strong></span> 
     </span>
    </p>
   </div>
   <div class='ocr_carea' id='block_1_10' title="bbox 205 434 1027 477">
    <p class='ocr_par' dir='ltr' id='par_1_10' title="bbox 205 434 1027 477">
     <span class='ocr_line' id='line_1_10' title="bbox 205 434 1027 477; baseline 0.004 -13"><span class='ocrx_word' id='word_1_41' title='bbox 205 434 301 465; x_wconf 90' lang='lat' dir='ltr'><strong>doctis</strong></span> <span class='ocrx_word' id='word_1_42' title='bbox 314 435 386 465; x_wconf 85' lang='lat' dir='ltr'><strong>viris</strong></span> <span class='ocrx_word' id='word_1_43' title='bbox 414 435 583 474; x_wconf 86' lang='lat' dir='ltr'><strong>senatoriis,</strong></span> <span class='ocrx_word' id='word_1_44' title='bbox 611 436 716 467; x_wconf 90' lang='lat' dir='ltr'><strong>eodem</strong></span> <span class='ocrx_word' id='word_1_45' title='bbox 745 437 923 477; x_wconf 77' lang='lat' dir='ltr'><strong>patriarcha,</strong></span> <span class='ocrx_word' id='word_1_46' title='bbox 940 446 1027 477; x_wconf 87' lang='lat' dir='ltr'><strong>quem</strong></span> 
     </span>
    </p>
   </div>
   <div class='ocr_carea' id='block_1_11' title="bbox 204 478 1027 521">
    <p class='ocr_par' dir='ltr' id='par_1_11' title="bbox 204 478 1027 521">
     <span class='ocr_line' id='line_1_11' title="bbox 204 478 1027 521; baseline 0.002 -12"><span class='ocrx_word' id='word_1_47' title='bbox 204 478 343 516; x_wconf 77' lang='lat' dir='ltr'><strong>diximus,</strong></span> <span class='ocrx_word' id='word_1_48' title='bbox 374 480 561 520; x_wconf 67' lang='lat' dir='ltr'><strong>praesidente.</strong></span> <span class='ocrx_word' id='word_1_49' title='bbox 589 481 652 517; x_wconf 87' lang='lat' dir='ltr'><strong>Quo</strong></span> <span class='ocrx_word' id='word_1_50' title='bbox 677 481 706 512; x_wconf 94' lang='lat' dir='ltr'><strong>iu</strong></span> <span class='ocrx_word' id='word_1_51' title='bbox 729 481 842 521; x_wconf 89' lang='lat' dir='ltr'><strong>judicio</strong></span> <span class='ocrx_word' id='word_1_52' title='bbox 864 482 1027 512; x_wconf 91' lang='lat' dir='ltr'><strong>secundum</strong></span> 
     </span>
    </p>
   </div>
   <div class='ocr_carea' id='block_1_12' title="bbox 205 524 1028 565">
    <p class='ocr_par' dir='ltr' id='par_1_12' title="bbox 205 524 1028 565">
     <span class='ocr_line' id='line_1_12' title="bbox 205 524 1028 565; baseline 0.002 -11"><span class='ocrx_word' id='word_1_53' title='bbox 205 524 464 564; x_wconf 87' lang='lat' dir='ltr'><strong>metropolitanum</strong></span> <span class='ocrx_word' id='word_1_54' title='bbox 481 529 526 556; x_wconf 88' lang='lat' dir='ltr'><strong>est</strong></span> <span class='ocrx_word' id='word_1_55' title='bbox 546 526 778 565; x_wconf 89' lang='lat' dir='ltr'><strong>pronuntiatum.</strong></span> <span class='ocrx_word' id='word_1_56' title='bbox 795 526 856 557; x_wconf 88' lang='lat' dir='ltr'><strong>Hoc</strong></span> <span class='ocrx_word' id='word_1_57' title='bbox 873 526 1028 556; x_wconf 81' lang='lat' dir='ltr'><strong>manifesto</strong></span> 
     </span>
    </p>
   </div>
   <div class='ocr_carea' id='block_1_13' title="bbox 205 568 1028 611">
    <p class='ocr_par' dir='ltr' id='par_1_13' title="bbox 205 568 1028 611">
     <span class='ocr_line' id='line_1_13' title="bbox 205 568 1028 611; baseline 0.004 -13"><span class='ocrx_word' id='word_1_58' title='bbox 205 574 288 608; x_wconf 89' lang='lat' dir='ltr'><strong>paret</strong></span> <span class='ocrx_word' id='word_1_59' title='bbox 312 577 347 599; x_wconf 85' lang='lat' dir='ltr'><strong>ex</strong></span> <span class='ocrx_word' id='word_1_60' title='bbox 363 568 481 600; x_wconf 90' lang='lat' dir='ltr'><strong>illorum</strong></span> <span class='ocrx_word' id='word_1_61' title='bbox 511 569 730 606; x_wconf 89' lang='lat' dir='ltr'><strong>snbnotatione,</strong></span> <span class='ocrx_word' id='word_1_62' title='bbox 747 571 797 611; x_wconf 87' lang='lat' dir='ltr'><strong>qui</strong></span> <span class='ocrx_word' id='word_1_63' title='bbox 823 571 861 601; x_wconf 91' lang='lat' dir='ltr'><strong>de</strong></span> <span class='ocrx_word' id='word_1_64' title='bbox 875 579 963 602; x_wconf 88' lang='lat' dir='ltr'><strong>causa</strong></span> <span class='ocrx_word' id='word_1_65' title='bbox 975 580 1028 601; x_wconf 89' lang='lat' dir='ltr'><strong>co-</strong></span> 
     </span>
    </p>
   </div>
   <div class='ocr_carea' id='block_1_14' title="bbox 204 614 1027 656">
    <p class='ocr_par' dir='ltr' id='par_1_14' title="bbox 204 614 1027 656">
     <span class='ocr_line' id='line_1_14' title="bbox 204 614 1027 656; baseline 0.002 -13"><span class='ocrx_word' id='word_1_66' title='bbox 204 617 391 652; x_wconf 83' lang='lat' dir='ltr'><strong>gnoverunt;</strong></span> <span class='ocrx_word' id='word_1_67' title='bbox 416 614 511 654; x_wconf 87' lang='lat' dir='ltr'><strong>deque</strong></span> <span class='ocrx_word' id='word_1_68' title='bbox 533 619 726 647; x_wconf 87' lang='lat' dir='ltr'><strong>monumento</strong></span> <span class='ocrx_word' id='word_1_69' title='bbox 753 615 824 646; x_wconf 92' lang='lat' dir='ltr'><strong>dicti</strong></span> <span class='ocrx_word' id='word_1_70' title='bbox 842 615 1027 656; x_wconf 72' lang='lat' dir='ltr'><strong>patriarchae,</strong></span> 
     </span>
    </p>
   </div>
   <div class='ocr_carea' id='block_1_15' title="bbox 204 657 1028 699">
    <p class='ocr_par' dir='ltr' id='par_1_15' title="bbox 204 657 1028 699">
     <span class='ocr_line' id='line_1_15' title="bbox 204 657 1028 699; baseline 0.002 -11"><span class='ocrx_word' id='word_1_71' title='bbox 204 661 232 688; x_wconf 89' lang='lat' dir='ltr'><strong>et</strong></span> <span class='ocrx_word' id='word_1_72' title='bbox 261 666 351 689; x_wconf 79' lang='lat' dir='ltr'><strong>aurea</strong></span> <span class='ocrx_word' id='word_1_73' title='bbox 380 657 461 689; x_wconf 87' lang='lat' dir='ltr'><strong>bulla</strong></span> <span class='ocrx_word' id='word_1_74' title='bbox 486 659 712 699; x_wconf 83' lang='lat' dir='ltr'><strong>imperatorum,</strong></span> <span class='ocrx_word' id='word_1_75' title='bbox 739 660 877 696; x_wconf 83' lang='lat' dir='ltr'><strong>Romani,</strong></span> <span class='ocrx_word' id='word_1_76' title='bbox 900 659 1028 691; x_wconf 84' lang='lat' dir='ltr'><strong>Christo-</strong></span> 
     </span>
    </p>
   </div>
   <div class='ocr_carea' id='block_1_16' title="bbox 205 701 1029 744">
    <p class='ocr_par' dir='ltr' id='par_1_16' title="bbox 205 701 1029 744">
     <span class='ocr_line' id='line_1_16' title="bbox 205 701 1029 744; baseline 0.002 -12"><span class='ocrx_word' id='word_1_77' title='bbox 205 701 302 741; x_wconf 89' lang='lat' dir='ltr'><strong>phori,</strong></span> <span class='ocrx_word' id='word_1_78' title='bbox 318 708 348 732; x_wconf 85' lang='lat' dir='ltr'><strong>et</strong></span> <span class='ocrx_word' id='word_1_79' title='bbox 359 703 545 734; x_wconf 85' lang='lat' dir='ltr'><strong>Constantini</strong></span> <span class='ocrx_word' id='word_1_80' title='bbox 556 703 732 743; x_wconf 85' lang='lat' dir='ltr'><strong>obsignante</strong></span> <span class='ocrx_word' id='word_1_81' title='bbox 749 703 962 744; x_wconf 86' lang='lat' dir='ltr'><strong>judicata.Nec</strong></span> <span class='ocrx_word' id='word_1_82' title='bbox 976 703 1029 734; x_wconf 86' lang='lat' dir='ltr'><strong>abs</strong></span> 
     </span>
    </p>
   </div>
   <div class='ocr_carea' id='block_1_17' title="bbox 204 745 1028 788">
    <p class='ocr_par' dir='ltr' id='par_1_17' title="bbox 204 745 1028 788">
     <span class='ocr_line' id='line_1_17' title="bbox 204 745 1028 788; baseline 0.002 -13"><span class='ocrx_word' id='word_1_83' title='bbox 204 754 238 776; x_wconf 90' lang='lat' dir='ltr'><strong>re</strong></span> <span class='ocrx_word' id='word_1_84' title='bbox 252 745 372 785; x_wconf 91' lang='lat' dir='ltr'><strong>quidem</strong></span> <span class='ocrx_word' id='word_1_85' title='bbox 390 746 518 787; x_wconf 79' lang='lat' dir='ltr'><strong>benigne</strong></span> <span class='ocrx_word' id='word_1_86' title='bbox 539 748 713 788; x_wconf 85' lang='lat' dir='ltr'><strong>imperator.</strong></span> <span class='ocrx_word' id='word_1_87' title='bbox 731 748 804 779; x_wconf 91' lang='lat' dir='ltr'><strong>Nam</strong></span> <span class='ocrx_word' id='word_1_88' title='bbox 820 748 898 788; x_wconf 90' lang='lat' dir='ltr'><strong>quod</strong></span> <span class='ocrx_word' id='word_1_89' title='bbox 918 748 1028 779; x_wconf 75' lang='lat' dir='ltr'><strong>factum</strong></span> 
     </span>
    </p>
   </div>
   <div class='ocr_carea' id='block_1_18' title="bbox 205 790 1028 833">
    <p class='ocr_par' dir='ltr' id='par_1_18' title="bbox 205 790 1028 833">
     <span class='ocr_line' id='line_1_18' title="bbox 205 790 1028 833; baseline 0.002 -13"><span class='ocrx_word' id='word_1_90' title='bbox 205 792 252 821; x_wconf 85' lang='lat' dir='ltr'><strong>est</strong></span> <span class='ocrx_word' id='word_1_91' title='bbox 267 790 567 830; x_wconf 85' lang='lat' dir='ltr'><strong>male,corrigendum</strong></span> <span class='ocrx_word' id='word_1_92' title='bbox 577 796 622 822; x_wconf 91' lang='lat' dir='ltr'><strong>est</strong></span> <span class='ocrx_word' id='word_1_93' title='bbox 632 792 719 823; x_wconf 90' lang='lat' dir='ltr'><strong>bene.</strong></span> <span class='ocrx_word' id='word_1_94' title='bbox 738 793 787 823; x_wconf 89' lang='lat' dir='ltr'><strong>Sic</strong></span> <span class='ocrx_word' id='word_1_95' title='bbox 803 793 940 833; x_wconf 84' lang='lat' dir='ltr'><strong>equidem</strong></span> <span class='ocrx_word' id='word_1_96' title='bbox 956 801 1028 822; x_wconf 90' lang='lat' dir='ltr'><strong>sen-</strong></span> 
     </span>
    </p>
   </div>
   <div class='ocr_carea' id='block_1_19' title="bbox 205 834 1029 877">
    <p class='ocr_par' dir='ltr' id='par_1_19' title="bbox 205 834 1029 877">
     <span class='ocr_line' id='line_1_19' title="bbox 205 834 1029 877; baseline 0.002 -12"><span class='ocrx_word' id='word_1_97' title='bbox 205 834 256 866; x_wconf 90' lang='lat' dir='ltr'><strong>tio.</strong></span> <span class='ocrx_word' id='word_1_98' title='bbox 275 834 324 866; x_wconf 92' lang='lat' dir='ltr'><strong>Sic</strong></span> <span class='ocrx_word' id='word_1_99' title='bbox 333 836 503 876; x_wconf 90' lang='lat' dir='ltr'><strong>pronuntio,</strong></span> <span class='ocrx_word' id='word_1_100' title='bbox 520 836 665 867; x_wconf 89' lang='lat' dir='ltr'><strong>doctrinis</strong></span> <span class='ocrx_word' id='word_1_101' title='bbox 675 846 691 867; x_wconf 90' lang='lat' dir='ltr'><strong>a</strong></span> <span class='ocrx_word' id='word_1_102' title='bbox 703 836 865 876; x_wconf 83' lang='lat' dir='ltr'><strong>majoribus</strong></span> <span class='ocrx_word' id='word_1_103' title='bbox 875 836 958 877; x_wconf 91' lang='lat' dir='ltr'><strong>quasi</strong></span> <span class='ocrx_word' id='word_1_104' title='bbox 976 845 1029 876; x_wconf 87' lang='lat' dir='ltr'><strong>per</strong></span> 
     </span>
    </p>
   </div>
   <div class='ocr_carea' id='block_1_20' title="bbox 1071 255 1894 300">
    <p class='ocr_par' dir='ltr' id='par_1_20' title="bbox 1071 255 1894 300">
     <span class='ocr_line' id='line_1_20' title="bbox 1071 255 1894 300; baseline -0.005 -12"><span class='ocrx_word' id='word_1_105' title='bbox 1071 260 1248 300; x_wconf 80' lang='grc' dir='ltr'>πατριάρχου,</span> <span class='ocrx_word' id='word_1_106' title='bbox 1271 255 1386 289; x_wconf 77' lang='grc' dir='ltr'>κελεύσει</span> <span class='ocrx_word' id='word_1_107' title='bbox 1421 255 1551 299; x_wconf 78' lang='grc' dir='ltr'>βασιλέως</span> <span class='ocrx_word' id='word_1_108' title='bbox 1581 255 1716 297; x_wconf 78' lang='grc' dir='ltr'>Ῥωμανοῡ</span> <span class='ocrx_word' id='word_1_109' title='bbox 1744 261 1791 286; x_wconf 80' lang='grc' dir='ltr'>τοῦ</span> <span class='ocrx_word' id='word_1_110' title='bbox 1826 267 1894 296; x_wconf 88' lang='grc' dir='ltr'>πρε-</span> 
     </span>
    </p>
   </div>
   <div class='ocr_carea' id='block_1_21' title="bbox 1070 301 1894 344">
    <p class='ocr_par' dir='ltr' id='par_1_21' title="bbox 1070 301 1894 344">
     <span class='ocr_line' id='line_1_21' title="bbox 1070 301 1894 344; baseline -0.005 -12"><span class='ocrx_word' id='word_1_111' title='bbox 1070 303 1204 344; x_wconf 57' lang='grc' dir='ltr'>σϐυτρρου,</span> <span class='ocrx_word' id='word_1_112' title='bbox 1227 305 1252 338; x_wconf 78' lang='grc' dir='ltr'><strong>ἐξ</strong></span> <span class='ocrx_word' id='word_1_113' title='bbox 1281 307 1410 340; x_wconf 75' lang='grc' dir='ltr'><strong>αἰτήσεως</strong></span> <span class='ocrx_word' id='word_1_114' title='bbox 1445 305 1595 344; x_wconf 70' lang='grc' dir='ltr'>Νικηφόρου</span> <span class='ocrx_word' id='word_1_115' title='bbox 1631 304 1714 340; x_wconf 80' lang='grc' dir='ltr'>τινὸς,</span> <span class='ocrx_word' id='word_1_116' title='bbox 1745 301 1894 340; x_wconf 68' lang='grc' dir='ltr'>ποιμενάρ-</span> 
     </span>
    </p>
   </div>
   <div class='ocr_carea' id='block_1_22' title="bbox 1069 345 1893 391">
    <p class='ocr_par' dir='ltr' id='par_1_22' title="bbox 1069 345 1893 391">
     <span class='ocr_line' id='line_1_22' title="bbox 1069 345 1893 391; baseline -0.006 -12"><span class='ocrx_word' id='word_1_117' title='bbox 1069 361 1122 389; x_wconf 76' lang='grc' dir='ltr'><strong>χου</strong></span> <span class='ocrx_word' id='word_1_118' title='bbox 1155 351 1356 391; x_wconf 78' lang='grc' dir='ltr'>Νεοκαισαρείας</span> <span class='ocrx_word' id='word_1_119' title='bbox 1397 351 1588 390; x_wconf 77' lang='grc' dir='ltr'><strong>τυγχάνοντος,</strong></span> <span class='ocrx_word' id='word_1_120' title='bbox 1632 348 1800 385; x_wconf 77' lang='grc' dir='ltr'>δικαστήριον</span> <span class='ocrx_word' id='word_1_121' title='bbox 1843 345 1893 374; x_wconf 82' lang='grc' dir='ltr'><strong>ἀν-</strong></span> 
     </span>
    </p>
   </div>
   <div class='ocr_carea' id='block_1_23' title="bbox 1070 393 1892 434">
    <p class='ocr_par' dir='ltr' id='par_1_23' title="bbox 1070 393 1892 434">
     <span class='ocr_line' id='line_1_23' title="bbox 1070 393 1892 434; baseline -0.005 -12"><span class='ocrx_word' id='word_1_122' title='bbox 1070 394 1133 427; x_wconf 84' lang='grc' dir='ltr'>έστη</span> <span class='ocrx_word' id='word_1_123' title='bbox 1149 395 1290 434; x_wconf 72' lang='grc' dir='ltr'><strong>συμμιγὲς,</strong></span> <span class='ocrx_word' id='word_1_124' title='bbox 1307 395 1337 423; x_wconf 77' lang='grc' dir='ltr'>ἔκ</span> <span class='ocrx_word' id='word_1_125' title='bbox 1351 406 1378 422; x_wconf 85' lang='grc' dir='ltr'><strong>τε</strong></span> <span class='ocrx_word' id='word_1_126' title='bbox 1404 395 1561 434; x_wconf 76' lang='grc' dir='ltr'>ἀρχιερέων,</span> <span class='ocrx_word' id='word_1_127' title='bbox 1584 394 1628 422; x_wconf 76' lang='grc' dir='ltr'><strong>καὶ</strong></span> <span class='ocrx_word' id='word_1_128' title='bbox 1648 393 1796 432; x_wconf 60' lang='grc' dir='ltr'>ἐλλογίμων</span> <span class='ocrx_word' id='word_1_129' title='bbox 1826 402 1892 428; x_wconf 74' lang='grc' dir='ltr'>συγ-</span> 
     </span>
    </p>
   </div>
   <div class='ocr_carea' id='block_1_24' title="bbox 1069 435 1892 480">
    <p class='ocr_par' dir='ltr' id='par_1_24' title="bbox 1069 435 1892 480">
     <span class='ocr_line' id='line_1_24' title="bbox 1069 435 1892 480; baseline -0.007 -12"><span class='ocrx_word' id='word_1_130' title='bbox 1069 438 1212 477; x_wconf 77' lang='grc' dir='ltr'>χλητινῶν,</span> <span class='ocrx_word' id='word_1_131' title='bbox 1242 440 1442 480; x_wconf 73' lang='grc' dir='ltr'><strong>προκαθημένου</strong></span> <span class='ocrx_word' id='word_1_132' title='bbox 1479 440 1521 467; x_wconf 83' lang='grc' dir='ltr'>καὶ</span> <span class='ocrx_word' id='word_1_133' title='bbox 1550 439 1628 467; x_wconf 75' lang='grc' dir='ltr'><strong>αὒτοῦ</strong></span> <span class='ocrx_word' id='word_1_134' title='bbox 1670 441 1717 465; x_wconf 73' lang='grc' dir='ltr'>τοῦ</span> <span class='ocrx_word' id='word_1_135' title='bbox 1753 435 1892 476; x_wconf 67' lang='grc' dir='ltr'>εἰρημένου</span> 
     </span>
    </p>
   </div>
   <div class='ocr_carea' id='block_1_25' title="bbox 1069 479 1892 524">
    <p class='ocr_par' dir='ltr' id='par_1_25' title="bbox 1069 479 1892 524">
     <span class='ocr_line' id='line_1_25' title="bbox 1069 479 1892 524; baseline -0.005 -13"><span class='ocrx_word' id='word_1_136' title='bbox 1069 484 1245 524; x_wconf 64' lang='grc' dir='ltr'>πατριάρχου.</span> <span class='ocrx_word' id='word_1_137' title='bbox 1271 485 1321 513; x_wconf 73' lang='grc' dir='ltr'>Καὶ</span> <span class='ocrx_word' id='word_1_138' title='bbox 1343 486 1361 518; x_wconf 84' lang='grc' dir='ltr'>ἡ</span> <span class='ocrx_word' id='word_1_139' title='bbox 1391 487 1490 512; x_wconf 86' lang='grc' dir='ltr'>νικῶσα</span> <span class='ocrx_word' id='word_1_140' title='bbox 1511 487 1547 520; x_wconf 78' lang='grc' dir='ltr'>εῷ</span> <span class='ocrx_word' id='word_1_141' title='bbox 1576 480 1760 522; x_wconf 81' lang='grc' dir='ltr'>μητροπολίτῃ</span> <span class='ocrx_word' id='word_1_142' title='bbox 1788 479 1867 512; x_wconf 76' lang='grc' dir='ltr'>ἐδόθη</span> <span class='ocrx_word' id='word_1_143' title='bbox 1884 489 1892 496; x_wconf 92' lang='grc'>·</span> 
     </span>
    </p>
   </div>
   <div class='ocr_carea' id='block_1_26' title="bbox 1069 525 1892 568">
    <p class='ocr_par' dir='ltr' id='par_1_26' title="bbox 1069 525 1892 568">
     <span class='ocr_line' id='line_1_26' title="bbox 1069 525 1892 568; baseline -0.005 -13"><span class='ocrx_word' id='word_1_144' title='bbox 1069 528 1210 567; x_wconf 77' lang='grc' dir='ltr'><strong>παρίστησι</strong></span> <span class='ocrx_word' id='word_1_145' title='bbox 1252 530 1328 557; x_wconf 72' lang='grc' dir='ltr'>τοῦτο</span> <span class='ocrx_word' id='word_1_146' title='bbox 1373 531 1482 568; x_wconf 76' lang='grc' dir='ltr'>τρανῶς,</span> <span class='ocrx_word' id='word_1_147' title='bbox 1526 529 1557 556; x_wconf 80' lang='grc' dir='ltr'>τὸ</span> <span class='ocrx_word' id='word_1_148' title='bbox 1598 530 1650 555; x_wconf 81' lang='grc' dir='ltr'>τῶν</span> <span class='ocrx_word' id='word_1_149' title='bbox 1692 525 1892 553; x_wconf 78' lang='grc' dir='ltr'>δικαιωσάντων</span> 
     </span>
    </p>
   </div>
   <div class='ocr_carea' id='block_1_27' title="bbox 1070 570 1894 611">
    <p class='ocr_par' dir='ltr' id='par_1_27' title="bbox 1070 570 1894 611">
     <span class='ocr_line' id='line_1_27' title="bbox 1070 570 1894 611; baseline -0.006 -10"><span class='ocrx_word' id='word_1_150' title='bbox 1070 573 1223 610; x_wconf 69' lang='grc' dir='ltr'>σημείωμο,</span> <span class='ocrx_word' id='word_1_151' title='bbox 1253 574 1297 601; x_wconf 83' lang='grc' dir='ltr'>καὶ</span> <span class='ocrx_word' id='word_1_152' title='bbox 1322 573 1469 610; x_wconf 77' lang='grc' dir='ltr'>ὑπόμνημα</span> <span class='ocrx_word' id='word_1_153' title='bbox 1489 575 1535 601; x_wconf 83' lang='grc' dir='ltr'>τοῦ</span> <span class='ocrx_word' id='word_1_154' title='bbox 1556 571 1679 611; x_wconf 76' lang='grc' dir='ltr'>ῥηθέντος</span> <span class='ocrx_word' id='word_1_155' title='bbox 1711 570 1894 611; x_wconf 72' lang='grc' dir='ltr'>πατριάρχου,</span> 
     </span>
    </p>
   </div>
   <div class='ocr_carea' id='block_1_28' title="bbox 1069 610 1895 657">
    <p class='ocr_par' dir='ltr' id='par_1_28' title="bbox 1069 610 1895 657">
     <span class='ocr_line' id='line_1_28' title="bbox 1069 610 1895 657; baseline -0.004 -13"><span class='ocrx_word' id='word_1_156' title='bbox 1069 618 1113 645; x_wconf 85' lang='grc' dir='ltr'>καὶ</span> <span class='ocrx_word' id='word_1_157' title='bbox 1147 616 1339 657; x_wconf 77' lang='grc' dir='ltr'>χρυσόϐουλλος</span> <span class='ocrx_word' id='word_1_158' title='bbox 1374 617 1453 656; x_wconf 82' lang='grc' dir='ltr'>λόγος</span> <span class='ocrx_word' id='word_1_159' title='bbox 1484 620 1536 645; x_wconf 79' lang='grc' dir='ltr'>τῶν</span> <span class='ocrx_word' id='word_1_160' title='bbox 1566 615 1705 654; x_wconf 78' lang='grc' dir='ltr'>βαςιλέων,</span> <span class='ocrx_word' id='word_1_161' title='bbox 1744 610 1895 651; x_wconf 74' lang='grc' dir='ltr'>Ῥωμανοῠ,</span> 
     </span>
    </p>
   </div>
   <div class='ocr_carea' id='block_1_29' title="bbox 1071 659 1896 703">
    <p class='ocr_par' dir='ltr' id='par_1_29' title="bbox 1071 659 1896 703">
     <span class='ocr_line' id='line_1_29' title="bbox 1071 659 1896 703; baseline -0.005 -13"><span class='ocrx_word' id='word_1_162' title='bbox 1071 664 1258 703; x_wconf 79' lang='grc' dir='ltr'>Χριστοφόρου,</span> <span class='ocrx_word' id='word_1_163' title='bbox 1299 665 1343 692; x_wconf 83' lang='grc' dir='ltr'><strong>καὶ</strong></span> <span class='ocrx_word' id='word_1_164' title='bbox 1384 662 1590 699; x_wconf 78' lang='grc' dir='ltr'>Κωνσταντίνου,</span> <span class='ocrx_word' id='word_1_165' title='bbox 1633 661 1831 701; x_wconf 77' lang='grc' dir='ltr'>ἒπισφραγίζων</span> <span class='ocrx_word' id='word_1_166' title='bbox 1864 659 1896 686; x_wconf 69' lang='grc' dir='ltr'>τὲ</span> 
     </span>
    </p>
   </div>
   <div class='ocr_carea' id='block_1_30' title="bbox 1069 703 1895 747">
    <p class='ocr_par' dir='ltr' id='par_1_30' title="bbox 1069 703 1895 747">
     <span class='ocr_line' id='line_1_30' title="bbox 1069 703 1895 747; baseline -0.006 -12"><span class='ocrx_word' id='word_1_167' title='bbox 1069 707 1221 747; x_wconf 81' lang='grc' dir='ltr'>κεκριμένα,</span> <span class='ocrx_word' id='word_1_168' title='bbox 1239 709 1287 736; x_wconf 81' lang='grc' dir='ltr'>Καὶ</span> <span class='ocrx_word' id='word_1_169' title='bbox 1309 708 1430 744; x_wconf 81' lang='grc' dir='ltr'>εἰκότως,</span> <span class='ocrx_word' id='word_1_170' title='bbox 1461 706 1587 746; x_wconf 82' lang='grc' dir='ltr'>φιλάγαθε</span> <span class='ocrx_word' id='word_1_171' title='bbox 1617 704 1736 744; x_wconf 80' lang='grc' dir='ltr'>βασιλεῦ.</span> <span class='ocrx_word' id='word_1_172' title='bbox 1775 705 1814 732; x_wconf 79' lang='grc' dir='ltr'><strong>Τὸ</strong></span> <span class='ocrx_word' id='word_1_173' title='bbox 1845 703 1895 741; x_wconf 73' lang='grc' dir='ltr'><strong>γὰρ</strong></span> 
     </span>
    </p>
   </div>
   <div class='ocr_carea' id='block_1_31' title="bbox 1069 747 1896 791">
    <p class='ocr_par' dir='ltr' id='par_1_31' title="bbox 1069 747 1896 791">
     <span class='ocr_line' id='line_1_31' title="bbox 1069 747 1896 791; baseline -0.012 -6"><span class='ocrx_word' id='word_1_174' title='bbox 1069 753 1157 784; x_wconf 73' lang='grc' dir='ltr'>κακῶς</span> <span class='ocrx_word' id='word_1_175' title='bbox 1186 752 1340 791; x_wconf 83' lang='grc' dir='ltr'>γενόμενον,</span> <span class='ocrx_word' id='word_1_176' title='bbox 1377 751 1433 780; x_wconf 81' lang='grc' dir='ltr'>δέον</span> <span class='ocrx_word' id='word_1_177' title='bbox 1466 751 1637 791; x_wconf 79' lang='grc' dir='ltr'>διορθωθῆναι</span> <span class='ocrx_word' id='word_1_178' title='bbox 1679 749 1780 781; x_wconf 84' lang='grc' dir='ltr'>καλῶς,</span> <span class='ocrx_word' id='word_1_179' title='bbox 1821 747 1896 777; x_wconf 78' lang='grc' dir='ltr'>Οὕτω</span> 
     </span>
    </p>
   </div>
   <div class='ocr_carea' id='block_1_32' title="bbox 1069 792 1894 836">
    <p class='ocr_par' dir='ltr' id='par_1_32' title="bbox 1069 792 1894 836">
     <span class='ocr_line' id='line_1_32' title="bbox 1069 792 1894 836; baseline -0.006 -12"><span class='ocrx_word' id='word_1_180' title='bbox 1069 799 1166 836; x_wconf 73' lang='grc' dir='ltr'>φρονῶ.</span> <span class='ocrx_word' id='word_1_181' title='bbox 1203 796 1292 828; x_wconf 65' lang='grc' dir='ltr'>Οὕτως</span> <span class='ocrx_word' id='word_1_182' title='bbox 1335 797 1523 836; x_wconf 65' lang='grc' dir='ltr'>ἇποφαίνομαι,</span> <span class='ocrx_word' id='word_1_183' title='bbox 1553 802 1614 827; x_wconf 70' lang='grc' dir='ltr'>ταῖς</span> <span class='ocrx_word' id='word_1_184' title='bbox 1649 792 1894 833; x_wconf 73' lang='grc' dir='ltr'>πατροπαραδότοις</span> 
     </span>
    </p>
   </div>
   <div class='ocr_carea' id='block_1_33' title="bbox 1069 836 1895 880">
    <p class='ocr_par' dir='ltr' id='par_1_33' title="bbox 1069 836 1895 880">
     <span class='ocr_line' id='line_1_33' title="bbox 1069 836 1895 880; baseline -0.005 -12"><span class='ocrx_word' id='word_1_185' title='bbox 1069 839 1246 873; x_wconf 73' lang='grc' dir='ltr'>διδασκαλίαις</span> <span class='ocrx_word' id='word_1_186' title='bbox 1273 845 1325 869; x_wconf 83' lang='grc' dir='ltr'>τῶν</span> <span class='ocrx_word' id='word_1_187' title='bbox 1353 841 1433 880; x_wconf 82' lang='grc' dir='ltr'>ἁγίων</span> <span class='ocrx_word' id='word_1_188' title='bbox 1471 841 1600 880; x_wconf 71' lang='grc' dir='ltr'>θεοιρόρων</span> <span class='ocrx_word' id='word_1_189' title='bbox 1643 839 1766 878; x_wconf 79' lang='grc' dir='ltr'>Πατέρων</span> <span class='ocrx_word' id='word_1_190' title='bbox 1797 836 1895 875; x_wconf 77' lang='grc' dir='ltr'>ἑπόμε-</span> 
     </span>
    </p>
   </div>
   <div class='ocr_carea' id='block_1_34' title="bbox 207 880 1033 925">
    <p class='ocr_par' dir='ltr' id='par_1_34' title="bbox 207 880 1029 925">
     <span class='ocr_line' id='line_1_34' title="bbox 207 880 1029 925; baseline 0.001 -16"><span class='ocrx_word' id='word_1_191' title='bbox 207 888 310 925; x_wconf 73' lang='lat' dir='ltr'><strong>manus</strong></span> <span class='ocrx_word' id='word_1_192' title='bbox 324 880 456 925; x_wconf 80' lang='lat' dir='ltr'><strong>acceptis</strong></span> <span class='ocrx_word' id='word_1_193' title='bbox 471 885 641 911; x_wconf 87' lang='lat' dir='ltr'><strong>sanctorum</strong></span> <span class='ocrx_word' id='word_1_194' title='bbox 654 881 878 921; x_wconf 80' lang='lat' dir='ltr'><strong>afﬂatorumque</strong></span> <span class='ocrx_word' id='word_1_195' title='bbox 889 880 1029 911; x_wconf 89' lang='lat' dir='ltr'><strong>divinitus</strong></span> 
     </span>
    </p>
   </div>
   <div class='ocr_carea' id='block_1_35' title="bbox 1114 880 1898 925">
    <p class='ocr_par' dir='ltr' id='par_1_35' title="bbox 1118 882 1898 925">
     <span class='ocr_line' id='line_1_35' title="bbox 1118 882 1898 925; baseline -0.006 -11"><span class='ocrx_word' id='word_1_196' title='bbox 1118 908 1126 919; x_wconf 87' lang='lat'><strong>,</strong></span> <span class='ocrx_word' id='word_1_197' title='bbox 1157 886 1199 913; x_wconf 83' lang='grc' dir='ltr'><strong>καὶ</strong></span> <span class='ocrx_word' id='word_1_198' title='bbox 1226 893 1285 917; x_wconf 73' lang='grc' dir='ltr'>τοῖς</span> <span class='ocrx_word' id='word_1_199' title='bbox 1313 887 1394 925; x_wconf 68' lang='grc' dir='ltr'>ἱεροῖς</span> <span class='ocrx_word' id='word_1_200' title='bbox 1423 886 1466 914; x_wconf 85' lang='grc' dir='ltr'><strong>καὶ</strong></span> <span class='ocrx_word' id='word_1_201' title='bbox 1487 885 1565 917; x_wconf 76' lang='grc' dir='ltr'>θείοις</span> <span class='ocrx_word' id='word_1_202' title='bbox 1593 884 1684 913; x_wconf 79' lang='grc' dir='ltr'>κανόσι</span> <span class='ocrx_word' id='word_1_203' title='bbox 1711 885 1844 922; x_wconf 80' lang='grc' dir='ltr'>στοιχῶν.</span> <span class='ocrx_word' id='word_1_204' title='bbox 1863 882 1898 910; x_wconf 73' lang='lat'><strong>0-3</strong></span> 
     </span>
    </p>
   </div>
   <div class='ocr_carea' id='block_1_36' title="bbox 205 923 1027 964">
    <p class='ocr_par' dir='ltr' id='par_1_36' title="bbox 205 923 1027 964">
     <span class='ocr_line' id='line_1_36' title="bbox 205 923 1027 964; baseline 0.002 -11"><span class='ocrx_word' id='word_1_205' title='bbox 205 923 325 954; x_wconf 88' lang='lat' dir='ltr'><strong>Patrum</strong></span> <span class='ocrx_word' id='word_1_206' title='bbox 341 923 530 962; x_wconf 87' lang='lat' dir='ltr'><strong>insistens,et</strong></span> <span class='ocrx_word' id='word_1_207' title='bbox 538 928 742 956; x_wconf 86' lang='lat' dir='ltr'><strong>sacrosanctos</strong></span> <span class='ocrx_word' id='word_1_208' title='bbox 751 934 879 956; x_wconf 83' lang='lat' dir='ltr'><strong>canones</strong></span> <span class='ocrx_word' id='word_1_209' title='bbox 890 934 1027 964; x_wconf 88' lang='lat' dir='ltr'><strong>sequens.</strong></span> 
     </span>
    </p>
   </div>
   <div class='ocr_carea' id='block_1_37' title="bbox 203 965 1030 1010">
    <p class='ocr_par' dir='ltr' id='par_1_37' title="bbox 203 965 1030 1010">
     <span class='ocr_line' id='line_1_37' title="bbox 203 965 1030 1010; baseline 0 -12"><span class='ocrx_word' id='word_1_210' title='bbox 203 967 266 999; x_wconf 86' lang='lat' dir='ltr'><strong>Nec</strong></span> <span class='ocrx_word' id='word_1_211' title='bbox 281 968 361 999; x_wconf 91' lang='lat' dir='ltr'><strong>enim</strong></span> <span class='ocrx_word' id='word_1_212' title='bbox 378 973 525 1008; x_wconf 88' lang='lat' dir='ltr'><strong>sanctum,</strong></span> <span class='ocrx_word' id='word_1_213' title='bbox 543 965 599 1000; x_wconf 74' lang='lat' dir='ltr'><strong>ne&#39;c</strong></span> <span class='ocrx_word' id='word_1_214' title='bbox 615 970 728 1010; x_wconf 90' lang='lat' dir='ltr'><strong>justum</strong></span> <span class='ocrx_word' id='word_1_215' title='bbox 751 970 845 1007; x_wconf 84' lang='lat' dir='ltr'><strong>duco;</strong></span> <span class='ocrx_word' id='word_1_216' title='bbox 861 969 937 1009; x_wconf 91' lang='lat' dir='ltr'><strong>quod</strong></span> <span class='ocrx_word' id='word_1_217' title='bbox 949 969 1030 1008; x_wconf 89' lang='lat' dir='ltr'><strong>juste</strong></span> 
     </span>
    </p>
   </div>
   <div class='ocr_carea' id='block_1_38' title="bbox 206 1013 1029 1052">
    <p class='ocr_par' dir='ltr' id='par_1_38' title="bbox 206 1013 1029 1052">
     <span class='ocr_line' id='line_1_38' title="bbox 206 1013 1029 1052; baseline 0.001 -10"><span class='ocrx_word' id='word_1_218' title='bbox 206 1013 486 1052; x_wconf 82' lang='lat' dir='ltr'><strong>sanctequefactum</strong></span> <span class='ocrx_word' id='word_1_219' title='bbox 505 1024 561 1044; x_wconf 89' lang='lat' dir='ltr'><strong>non</strong></span> <span class='ocrx_word' id='word_1_220' title='bbox 586 1019 641 1046; x_wconf 89' lang='lat' dir='ltr'><strong>est.</strong></span> <span class='ocrx_word' id='word_1_221' title='bbox 669 1014 733 1045; x_wconf 87' lang='lat' dir='ltr'><strong>Non</strong></span> <span class='ocrx_word' id='word_1_222' title='bbox 756 1015 844 1045; x_wconf 86' lang='lat' dir='ltr'><strong>etiam</strong></span> <span class='ocrx_word' id='word_1_223' title='bbox 870 1014 1029 1044; x_wconf 90' lang='lat' dir='ltr'><strong>multorum</strong></span> 
     </span>
    </p>
   </div>
   <div class='ocr_carea' id='block_1_39' title="bbox 208 1056 1031 1099">
    <p class='ocr_par' dir='ltr' id='par_1_39' title="bbox 208 1056 1031 1099">
     <span class='ocr_line' id='line_1_39' title="bbox 208 1056 1031 1099; baseline 0 -12"><span class='ocrx_word' id='word_1_224' title='bbox 208 1056 364 1096; x_wconf 85' lang='lat' dir='ltr'><strong>opiniones</strong></span> <span class='ocrx_word' id='word_1_225' title='bbox 391 1062 503 1096; x_wconf 88' lang='lat' dir='ltr'><strong>metuo,</strong></span> <span class='ocrx_word' id='word_1_226' title='bbox 531 1059 582 1099; x_wconf 91' lang='lat' dir='ltr'><strong>qui</strong></span> <span class='ocrx_word' id='word_1_227' title='bbox 607 1069 654 1090; x_wconf 88' lang='lat' dir='ltr'><strong>me</strong></span> <span class='ocrx_word' id='word_1_228' title='bbox 674 1059 775 1090; x_wconf 87' lang='lat' dir='ltr'><strong>volunt</strong></span> <span class='ocrx_word' id='word_1_229' title='bbox 792 1067 942 1090; x_wconf 74' lang='lat' dir='ltr'><strong>concessze</strong></span> <span class='ocrx_word' id='word_1_230' title='bbox 959 1057 1031 1088; x_wconf 91' lang='lat' dir='ltr'><strong>mihi</strong></span> 
     </span>
    </p>
   </div>
   <div class='ocr_carea' id='block_1_40' title="bbox 207 1100 1028 1144">
    <p class='ocr_par' dir='ltr' id='par_1_40' title="bbox 207 1100 1028 1144">
     <span class='ocr_line' id='line_1_40' title="bbox 207 1100 1028 1144; baseline 0.001 -13"><span class='ocrx_word' id='word_1_231' title='bbox 207 1100 349 1133; x_wconf 87' lang='lat' dir='ltr'><strong>divinitus</strong></span> <span class='ocrx_word' id='word_1_232' title='bbox 358 1101 498 1134; x_wconf 76' lang='lat' dir='ltr'><strong>Ecclesiae</strong></span> <span class='ocrx_word' id='word_1_233' title='bbox 511 1103 734 1144; x_wconf 79' lang='lat' dir='ltr'><strong>privilegiorum</strong></span> <span class='ocrx_word' id='word_1_234' title='bbox 749 1104 893 1135; x_wconf 83' lang='lat' dir='ltr'><strong>rationem</strong></span> <span class='ocrx_word' id='word_1_235' title='bbox 906 1103 1028 1138; x_wconf 80' lang='lat' dir='ltr'><strong>habere,</strong></span> 
     </span>
    </p>
   </div>
   <div class='ocr_carea' id='block_1_41' title="bbox 208 1146 1029 1187">
    <p class='ocr_par' dir='ltr' id='par_1_41' title="bbox 208 1146 1029 1187">
     <span class='ocr_line' id='line_1_41' title="bbox 208 1146 1029 1187; baseline -0.001 -11"><span class='ocrx_word' id='word_1_236' title='bbox 208 1155 264 1177; x_wconf 91' lang='lat' dir='ltr'><strong>nec</strong></span> <span class='ocrx_word' id='word_1_237' title='bbox 280 1155 315 1177; x_wconf 89' lang='lat' dir='ltr'><strong>ea</strong></span> <span class='ocrx_word' id='word_1_238' title='bbox 331 1147 375 1177; x_wconf 91' lang='lat' dir='ltr'><strong>vel</strong></span> <span class='ocrx_word' id='word_1_239' title='bbox 387 1148 597 1187; x_wconf 77' lang='lat' dir='ltr'><strong>negligere,vel</strong></span> <span class='ocrx_word' id='word_1_240' title='bbox 607 1153 718 1179; x_wconf 83' lang='lat' dir='ltr'><strong>temere</strong></span> <span class='ocrx_word' id='word_1_241' title='bbox 735 1146 938 1187; x_wconf 87' lang='lat' dir='ltr'><strong>prodere.Non</strong></span> <span class='ocrx_word' id='word_1_242' title='bbox 951 1146 1029 1177; x_wconf 86' lang='lat' dir='ltr'><strong>enim</strong></span> 
     </span>
    </p>
   </div>
   <div class='ocr_carea' id='block_1_42' title="bbox 204 1190 1032 1232">
    <p class='ocr_par' dir='ltr' id='par_1_42' title="bbox 204 1190 1032 1232">
     <span class='ocr_line' id='line_1_42' title="bbox 204 1190 1032 1232; baseline -0.002 -10"><span class='ocrx_word' id='word_1_243' title='bbox 204 1191 262 1222; x_wconf 90' lang='lat' dir='ltr'><strong>hoc</strong></span> <span class='ocrx_word' id='word_1_244' title='bbox 278 1191 451 1231; x_wconf 87' lang='lat' dir='ltr'><strong>pontiﬁcum</strong></span> <span class='ocrx_word' id='word_1_245' title='bbox 468 1197 522 1228; x_wconf 85' lang='lat' dir='ltr'><strong>est,</strong></span> <span class='ocrx_word' id='word_1_246' title='bbox 546 1197 578 1223; x_wconf 88' lang='lat' dir='ltr'><strong>ut</strong></span> <span class='ocrx_word' id='word_1_247' title='bbox 596 1193 764 1224; x_wconf 87' lang='lat' dir='ltr'><strong>necessario</strong></span> <span class='ocrx_word' id='word_1_248' title='bbox 780 1196 882 1232; x_wconf 88' lang='lat' dir='ltr'><strong>putent</strong></span> <span class='ocrx_word' id='word_1_249' title='bbox 898 1190 1032 1222; x_wconf 56' lang='lat' dir='ltr'><strong>ecclesia</strong></span> 
     </span>
    </p>
   </div>
   <div class='ocr_carea' id='block_1_43' title="bbox 209 1235 1032 1276">
    <p class='ocr_par' dir='ltr' id='par_1_43' title="bbox 209 1235 1032 1276">
     <span class='ocr_line' id='line_1_43' title="bbox 209 1235 1032 1276; baseline -0.002 -10"><span class='ocrx_word' id='word_1_250' title='bbox 209 1244 271 1266; x_wconf 65' lang='lat' dir='ltr'><strong>suae</strong></span> <span class='ocrx_word' id='word_1_251' title='bbox 287 1235 439 1276; x_wconf 84' lang='lat' dir='ltr'><strong>privilegia</strong></span> <span class='ocrx_word' id='word_1_252' title='bbox 465 1237 522 1267; x_wconf 89' lang='lat' dir='ltr'><strong>sibi</strong></span> <span class='ocrx_word' id='word_1_253' title='bbox 548 1237 621 1268; x_wconf 89' lang='lat' dir='ltr'><strong>citra</strong></span> <span class='ocrx_word' id='word_1_254' title='bbox 648 1238 807 1268; x_wconf 87' lang='lat' dir='ltr'><strong>discrimen</strong></span> <span class='ocrx_word' id='word_1_255' title='bbox 832 1235 950 1272; x_wconf 87' lang='lat' dir='ltr'><strong>tuenda,</strong></span> <span class='ocrx_word' id='word_1_256' title='bbox 976 1239 1032 1265; x_wconf 88' lang='lat' dir='ltr'><strong>tam</strong></span> 
     </span>
    </p>
   </div>
   <div class='ocr_carea' id='block_1_44' title="bbox 205 1280 1033 1324">
    <p class='ocr_par' dir='ltr' id='par_1_44' title="bbox 205 1280 1033 1324">
     <span class='ocr_line' id='line_1_44' title="bbox 205 1280 1033 1324; baseline -0.004 -12"><span class='ocrx_word' id='word_1_257' title='bbox 205 1281 300 1321; x_wconf 85' lang='lat' dir='ltr'><strong>justa,</strong></span> <span class='ocrx_word' id='word_1_258' title='bbox 318 1291 405 1323; x_wconf 89' lang='lat' dir='ltr'><strong>quam</strong></span> <span class='ocrx_word' id='word_1_259' title='bbox 434 1283 544 1323; x_wconf 88' lang='lat' dir='ltr'><strong>injusta</strong></span> <span class='ocrx_word' id='word_1_260' title='bbox 562 1294 568 1313; x_wconf 90' lang='lat'>:</span> <span class='ocrx_word' id='word_1_261' title='bbox 585 1283 636 1314; x_wconf 91' lang='lat' dir='ltr'><strong>sed</strong></span> <span class='ocrx_word' id='word_1_262' title='bbox 653 1293 719 1324; x_wconf 78' lang='lat' dir='ltr'><strong>quae</strong></span> <span class='ocrx_word' id='word_1_263' title='bbox 739 1284 820 1323; x_wconf 85' lang='lat' dir='ltr'><strong>justa</strong></span> <span class='ocrx_word' id='word_1_264' title='bbox 834 1287 912 1319; x_wconf 90' lang='lat' dir='ltr'><strong>sunt,</strong></span> <span class='ocrx_word' id='word_1_265' title='bbox 943 1280 1033 1311; x_wconf 86' lang='lat' dir='ltr'><strong>invio-</strong></span> 
     </span>
    </p>
   </div>
   <div class='ocr_carea' id='block_1_45' title="bbox 210 1325 1032 1367">
    <p class='ocr_par' dir='ltr' id='par_1_45' title="bbox 210 1325 1032 1367">
     <span class='ocr_line' id='line_1_45' title="bbox 210 1325 1032 1367; baseline -0.001 -11"><span class='ocrx_word' id='word_1_266' title='bbox 210 1325 310 1357; x_wconf 88' lang='lat' dir='ltr'><strong>labilia</strong></span> <span class='ocrx_word' id='word_1_267' title='bbox 332 1331 470 1367; x_wconf 68' lang='lat' dir='ltr'><strong>praestare</strong></span> <span class='ocrx_word' id='word_1_268' title='bbox 495 1327 625 1365; x_wconf 86' lang='lat' dir='ltr'><strong>debent;</strong></span> <span class='ocrx_word' id='word_1_269' title='bbox 658 1328 776 1367; x_wconf 86' lang='lat' dir='ltr'><strong>injustis</strong></span> <span class='ocrx_word' id='word_1_270' title='bbox 805 1336 873 1358; x_wconf 91' lang='lat' dir='ltr'><strong>vero</strong></span> <span class='ocrx_word' id='word_1_271' title='bbox 913 1326 1032 1356; x_wconf 88' lang='lat' dir='ltr'><strong>cedere.</strong></span> 
     </span>
    </p>
   </div>
   <div class='ocr_carea' id='block_1_46' title="bbox 209 1369 1033 1411">
    <p class='ocr_par' dir='ltr' id='par_1_46' title="bbox 209 1369 1033 1411">
     <span class='ocr_line' id='line_1_46' title="bbox 209 1369 1033 1411; baseline -0.001 -10"><span class='ocrx_word' id='word_1_272' title='bbox 209 1369 282 1401; x_wconf 87' lang='lat' dir='ltr'><strong>Nam</strong></span> <span class='ocrx_word' id='word_1_273' title='bbox 299 1371 349 1411; x_wconf 92' lang='lat' dir='ltr'><strong>qui</strong></span> <span class='ocrx_word' id='word_1_274' title='bbox 364 1380 534 1403; x_wconf 85' lang='lat' dir='ltr'><strong>sermonem</strong></span> <span class='ocrx_word' id='word_1_275' title='bbox 562 1372 693 1403; x_wconf 87' lang='lat' dir='ltr'><strong>veritatis</strong></span> <span class='ocrx_word' id='word_1_276' title='bbox 716 1376 796 1403; x_wconf 81' lang='lat' dir='ltr'><strong>recte</strong></span> <span class='ocrx_word' id='word_1_277' title='bbox 809 1380 910 1403; x_wconf 81' lang='lat' dir='ltr'><strong>secare</strong></span> <span class='ocrx_word' id='word_1_278' title='bbox 925 1370 962 1400; x_wconf 88' lang='lat' dir='ltr'><strong>de</strong></span> <span class='ocrx_word' id='word_1_279' title='bbox 977 1371 1033 1400; x_wconf 89' lang='lat' dir='ltr'><strong>do-</strong></span> 
     </span>
    </p>
   </div>
   <div class='ocr_carea' id='block_1_47' title="bbox 209 1414 1033 1456">
    <p class='ocr_par' dir='ltr' id='par_1_47' title="bbox 209 1414 1033 1456">
     <span class='ocr_line' id='line_1_47' title="bbox 209 1414 1033 1456; baseline -0.001 -11"><span class='ocrx_word' id='word_1_280' title='bbox 209 1415 314 1446; x_wconf 86' lang='lat' dir='ltr'><strong>ctrinis</strong></span> <span class='ocrx_word' id='word_1_281' title='bbox 339 1416 486 1447; x_wconf 87' lang='lat' dir='ltr'><strong>sermonis</strong></span> <span class='ocrx_word' id='word_1_282' title='bbox 516 1417 568 1447; x_wconf 88' lang='lat' dir='ltr'><strong>Dei</strong></span> <span class='ocrx_word' id='word_1_283' title='bbox 599 1416 821 1456; x_wconf 87' lang='lat' dir='ltr'><strong>Servatorisque</strong></span> <span class='ocrx_word' id='word_1_284' title='bbox 846 1415 938 1445; x_wconf 87' lang='lat' dir='ltr'><strong>nostri</strong></span> <span class='ocrx_word' id='word_1_285' title='bbox 962 1414 1033 1446; x_wconf 85' lang='lat' dir='ltr'><strong>Jesu</strong></span> 
     </span>
    </p>
   </div>
   <div class='ocr_carea' id='block_1_48' title="bbox 1071 926 1898 969">
    <p class='ocr_par' dir='ltr' id='par_1_48' title="bbox 1071 926 1898 969">
     <span class='ocr_line' id='line_1_48' title="bbox 1071 926 1898 969; baseline -0.005 -12"><span class='ocrx_word' id='word_1_286' title='bbox 1071 930 1120 969; x_wconf 85' lang='grc' dir='ltr'><strong>γὰρ</strong></span> <span class='ocrx_word' id='word_1_287' title='bbox 1141 929 1224 969; x_wconf 72' lang='grc' dir='ltr'>ὅσιον,</span> <span class='ocrx_word' id='word_1_288' title='bbox 1256 929 1311 958; x_wconf 67' lang='grc' dir='ltr'>οὐδὲ</span> <span class='ocrx_word' id='word_1_289' title='bbox 1340 929 1437 957; x_wconf 72' lang='grc' dir='ltr'>δίκαιοι</span> <span class='ocrx_word' id='word_1_290' title='bbox 1465 928 1581 968; x_wconf 72' lang='grc' dir='ltr'>ἥγημαι,</span> <span class='ocrx_word' id='word_1_291' title='bbox 1611 930 1641 957; x_wconf 70' lang='grc' dir='ltr'>τὸ</span> <span class='ocrx_word' id='word_1_292' title='bbox 1663 928 1703 965; x_wconf 76' lang='grc' dir='ltr'>μὴ</span> <span class='ocrx_word' id='word_1_293' title='bbox 1732 926 1841 958; x_wconf 81' lang='grc' dir='ltr'>δικαίως</span> <span class='ocrx_word' id='word_1_294' title='bbox 1870 936 1898 953; x_wconf 79' lang='grc' dir='ltr'><strong>τε</strong></span> 
     </span>
    </p>
   </div>
   <div class='ocr_carea' id='block_1_49' title="bbox 1071 972 1898 1014">
    <p class='ocr_par' dir='ltr' id='par_1_49' title="bbox 1071 972 1898 1014">
     <span class='ocr_line' id='line_1_49' title="bbox 1071 972 1898 1014; baseline -0.006 -12"><span class='ocrx_word' id='word_1_295' title='bbox 1071 975 1114 1002; x_wconf 78' lang='grc' dir='ltr'>καὶ</span> <span class='ocrx_word' id='word_1_296' title='bbox 1136 975 1213 1006; x_wconf 80' lang='grc' dir='ltr'>ὁσίως</span> <span class='ocrx_word' id='word_1_297' title='bbox 1242 976 1383 1014; x_wconf 78' lang='grc' dir='ltr'>γενόμενον</span> <span class='ocrx_word' id='word_1_298' title='bbox 1400 983 1407 990; x_wconf 91' lang='grc'><strong>·</strong></span> <span class='ocrx_word' id='word_1_299' title='bbox 1439 975 1531 1003; x_wconf 74' lang='grc' dir='ltr'>οὗκοῦν</span> <span class='ocrx_word' id='word_1_300' title='bbox 1553 972 1610 1002; x_wconf 67' lang='grc' dir='ltr'>οὔδε</span> <span class='ocrx_word' id='word_1_301' title='bbox 1635 973 1750 1012; x_wconf 72' lang='grc' dir='ltr'>πέφρικα</span> <span class='ocrx_word' id='word_1_302' title='bbox 1769 972 1818 1003; x_wconf 77' lang='grc' dir='ltr'><strong>τας</strong></span> <span class='ocrx_word' id='word_1_303' title='bbox 1846 974 1898 998; x_wconf 77' lang='grc' dir='ltr'>τῶν</span> 
     </span>
    </p>
   </div>
   <div class='ocr_carea' id='block_1_50' title="bbox 1071 1016 1897 1058">
    <p class='ocr_par' dir='ltr' id='par_1_50' title="bbox 1071 1016 1897 1058">
     <span class='ocr_line' id='line_1_50' title="bbox 1071 1016 1897 1058; baseline -0.006 -11"><span class='ocrx_word' id='word_1_304' title='bbox 1071 1018 1178 1047; x_wconf 77' lang='grc' dir='ltr'>πολλῶν</span> <span class='ocrx_word' id='word_1_305' title='bbox 1198 1019 1357 1058; x_wconf 69' lang='grc' dir='ltr'>ὑπολήψεις,</span> <span class='ocrx_word' id='word_1_306' title='bbox 1388 1018 1526 1051; x_wconf 76' lang='grc' dir='ltr'>ἀξιούντων</span> <span class='ocrx_word' id='word_1_307' title='bbox 1559 1029 1592 1056; x_wconf 89' lang='grc' dir='ltr'><strong>με</strong></span> <span class='ocrx_word' id='word_1_308' title='bbox 1620 1020 1674 1045; x_wconf 84' lang='grc' dir='ltr'>τῶν</span> <span class='ocrx_word' id='word_1_309' title='bbox 1702 1016 1749 1050; x_wconf 70' lang='grc' dir='ltr'><strong>τῆς</strong></span> <span class='ocrx_word' id='word_1_310' title='bbox 1773 1016 1803 1044; x_wconf 77' lang='grc' dir='ltr'>ἐκ</span> <span class='ocrx_word' id='word_1_311' title='bbox 1834 1018 1897 1043; x_wconf 71' lang='grc' dir='ltr'>Θεοῦ</span> 
     </span>
    </p>
   </div>
   <div class='ocr_carea' id='block_1_51' title="bbox 1071 1060 1896 1101">
    <p class='ocr_par' dir='ltr' id='par_1_51' title="bbox 1071 1060 1896 1101">
     <span class='ocr_line' id='line_1_51' title="bbox 1071 1060 1896 1101; baseline -0.004 -11"><span class='ocrx_word' id='word_1_312' title='bbox 1071 1062 1212 1096; x_wconf 71' lang='grc' dir='ltr'>δεδομένης</span> <span class='ocrx_word' id='word_1_313' title='bbox 1241 1075 1287 1101; x_wconf 85' lang='grc' dir='ltr'><strong>μοι</strong></span> <span class='ocrx_word' id='word_1_314' title='bbox 1313 1063 1455 1096; x_wconf 65' lang='grc' dir='ltr'>ἐκκλησίας</span> <span class='ocrx_word' id='word_1_315' title='bbox 1485 1063 1677 1091; x_wconf 74' lang='grc' dir='ltr'>ἀντιποιεῖσθαι</span> <span class='ocrx_word' id='word_1_316' title='bbox 1706 1062 1750 1089; x_wconf 87' lang='grc' dir='ltr'><strong>καὶ</strong></span> <span class='ocrx_word' id='word_1_317' title='bbox 1784 1060 1825 1098; x_wconf 63' lang='grc' dir='ltr'>μὴ</span> <span class='ocrx_word' id='word_1_318' title='bbox 1846 1071 1896 1088; x_wconf 87' lang='grc' dir='ltr'>κα-</span> 
     </span>
    </p>
   </div>
   <div class='ocr_carea' id='block_1_52' title="bbox 1072 1106 1895 1147">
    <p class='ocr_par' dir='ltr' id='par_1_52' title="bbox 1072 1106 1895 1147">
     <span class='ocr_line' id='line_1_52' title="bbox 1072 1106 1895 1147; baseline -0.005 -11"><span class='ocrx_word' id='word_1_319' title='bbox 1072 1107 1197 1144; x_wconf 79' lang='grc' dir='ltr'>ταμελεϊν</span> <span class='ocrx_word' id='word_1_320' title='bbox 1226 1109 1385 1147; x_wconf 82' lang='grc' dir='ltr'>προνομίων,</span> <span class='ocrx_word' id='word_1_321' title='bbox 1416 1109 1459 1136; x_wconf 84' lang='grc' dir='ltr'>καὶ</span> <span class='ocrx_word' id='word_1_322' title='bbox 1488 1107 1604 1139; x_wconf 72' lang='grc' dir='ltr'>εὖκόλως</span> <span class='ocrx_word' id='word_1_323' title='bbox 1631 1112 1714 1136; x_wconf 77' lang='grc' dir='ltr'>ταῦτα</span> <span class='ocrx_word' id='word_1_324' title='bbox 1744 1106 1895 1146; x_wconf 72' lang='grc' dir='ltr'>προίεσθαι,</span> 
     </span>
    </p>
   </div>
   <div class='ocr_carea' id='block_1_53' title="bbox 1073 1149 1895 1192">
    <p class='ocr_par' dir='ltr' id='par_1_53' title="bbox 1073 1149 1895 1192">
     <span class='ocr_line' id='line_1_53' title="bbox 1073 1149 1895 1192; baseline -0.005 -12"><span class='ocrx_word' id='word_1_325' title='bbox 1073 1152 1109 1180; x_wconf 74' lang='grc' dir='ltr'><strong>Οὒ</strong></span> <span class='ocrx_word' id='word_1_326' title='bbox 1143 1152 1192 1191; x_wconf 71' lang='grc' dir='ltr'>γάρ</span> <span class='ocrx_word' id='word_1_327' title='bbox 1220 1153 1275 1180; x_wconf 77' lang='grc' dir='ltr'>ἐστι</span> <span class='ocrx_word' id='word_1_328' title='bbox 1307 1154 1360 1180; x_wconf 80' lang='grc' dir='ltr'>τῶν</span> <span class='ocrx_word' id='word_1_329' title='bbox 1388 1152 1548 1192; x_wconf 79' lang='grc' dir='ltr'>ἀρχιερέων,</span> <span class='ocrx_word' id='word_1_330' title='bbox 1579 1152 1615 1183; x_wconf 79' lang='grc' dir='ltr'>ὡς</span> <span class='ocrx_word' id='word_1_331' title='bbox 1651 1151 1799 1190; x_wconf 60' lang='grc' dir='ltr'>ἐπάναγκες</span> <span class='ocrx_word' id='word_1_332' title='bbox 1823 1149 1895 1177; x_wconf 83' lang='grc' dir='ltr'>εἶναι</span> 
     </span>
    </p>
   </div>
   <div class='ocr_carea' id='block_1_54' title="bbox 1073 1194 1898 1235">
    <p class='ocr_par' dir='ltr' id='par_1_54' title="bbox 1073 1194 1898 1235">
     <span class='ocr_line' id='line_1_54' title="bbox 1073 1194 1898 1235; baseline -0.004 -12"><span class='ocrx_word' id='word_1_333' title='bbox 1073 1197 1125 1224; x_wconf 80' lang='grc' dir='ltr'><strong>τῶν</strong></span> <span class='ocrx_word' id='word_1_334' title='bbox 1152 1198 1201 1230; x_wconf 73' lang='grc' dir='ltr'>τῆς</span> <span class='ocrx_word' id='word_1_335' title='bbox 1237 1198 1333 1228; x_wconf 74' lang='grc' dir='ltr'>οἰκείας</span> <span class='ocrx_word' id='word_1_336' title='bbox 1375 1196 1518 1230; x_wconf 73' lang='grc' dir='ltr'>ἒκκλησίας</span> <span class='ocrx_word' id='word_1_337' title='bbox 1559 1197 1708 1235; x_wconf 85' lang='grc' dir='ltr'>προνομίων</span> <span class='ocrx_word' id='word_1_338' title='bbox 1750 1194 1898 1234; x_wconf 64' lang='grc' dir='ltr'>ἀδιαφόρως</span> 
     </span>
    </p>
   </div>
   <div class='ocr_carea' id='block_1_55' title="bbox 1073 1238 1899 1280">
    <p class='ocr_par' dir='ltr' id='par_1_55' title="bbox 1073 1238 1899 1280">
     <span class='ocr_line' id='line_1_55' title="bbox 1073 1238 1899 1280; baseline -0.002 -13"><span class='ocrx_word' id='word_1_339' title='bbox 1073 1240 1228 1280; x_wconf 70' lang='grc' dir='ltr'><strong>ἀντέχεσθαι</strong></span> <span class='ocrx_word' id='word_1_340' title='bbox 1254 1240 1358 1269; x_wconf 74' lang='grc' dir='ltr'>δικαίων</span> <span class='ocrx_word' id='word_1_341' title='bbox 1387 1251 1415 1269; x_wconf 83' lang='grc' dir='ltr'><strong>τε</strong></span> <span class='ocrx_word' id='word_1_342' title='bbox 1443 1241 1498 1278; x_wconf 72' lang='grc' dir='ltr'><strong>ἅμα</strong></span> <span class='ocrx_word' id='word_1_343' title='bbox 1525 1242 1568 1269; x_wconf 89' lang='grc' dir='ltr'><strong>καὶ</strong></span> <span class='ocrx_word' id='word_1_344' title='bbox 1603 1240 1703 1268; x_wconf 72' lang='grc' dir='ltr'>ἀδίκων</span> <span class='ocrx_word' id='word_1_345' title='bbox 1720 1247 1727 1254; x_wconf 78' lang='grc'><strong><em>⁸</em></strong></span> <span class='ocrx_word' id='word_1_346' title='bbox 1769 1238 1841 1266; x_wconf 78' lang='grc' dir='ltr'>ἀλλὰ</span> <span class='ocrx_word' id='word_1_347' title='bbox 1868 1238 1899 1265; x_wconf 76' lang='grc' dir='ltr'><strong>τὰ</strong></span> 
     </span>
    </p>
   </div>
   <div class='ocr_carea' id='block_1_56' title="bbox 1075 1281 1897 1325">
    <p class='ocr_par' dir='ltr' id='par_1_56' title="bbox 1075 1281 1897 1325">
     <span class='ocr_line' id='line_1_56' title="bbox 1075 1281 1897 1325; baseline -0.004 -13"><span class='ocrx_word' id='word_1_348' title='bbox 1075 1285 1123 1322; x_wconf 76' lang='grc' dir='ltr'>μὲν</span> <span class='ocrx_word' id='word_1_349' title='bbox 1157 1285 1242 1314; x_wconf 81' lang='grc' dir='ltr'>δίκαια</span> <span class='ocrx_word' id='word_1_350' title='bbox 1277 1285 1414 1325; x_wconf 71' lang='grc' dir='ltr'>φυλάττειν</span> <span class='ocrx_word' id='word_1_351' title='bbox 1457 1284 1595 1320; x_wconf 75' lang='grc' dir='ltr'>ἀλώϐητα,</span> <span class='ocrx_word' id='word_1_352' title='bbox 1645 1288 1698 1313; x_wconf 77' lang='grc' dir='ltr'><strong>τῶν</strong></span> <span class='ocrx_word' id='word_1_353' title='bbox 1738 1283 1765 1312; x_wconf 70' lang='grc' dir='ltr'><strong>δὲ</strong></span> <span class='ocrx_word' id='word_1_354' title='bbox 1804 1281 1897 1310; x_wconf 84' lang='grc' dir='ltr'>ὰόίκων</span> 
     </span>
    </p>
   </div>
   <div class='ocr_carea' id='block_1_57' title="bbox 1074 1327 1895 1369">
    <p class='ocr_par' dir='ltr' id='par_1_57' title="bbox 1074 1327 1895 1369">
     <span class='ocr_line' id='line_1_57' title="bbox 1074 1327 1895 1369; baseline -0.004 -12"><span class='ocrx_word' id='word_1_355' title='bbox 1074 1330 1243 1369; x_wconf 78' lang='grc' dir='ltr'>ὒπεκχωρετν</span> <span class='ocrx_word' id='word_1_356' title='bbox 1268 1331 1312 1358; x_wconf 88' lang='grc' dir='ltr'>καὶ</span> <span class='ocrx_word' id='word_1_357' title='bbox 1347 1330 1504 1369; x_wconf 55' lang='grc' dir='ltr'>ἐξξστασθαι.</span> <span class='ocrx_word' id='word_1_358' title='bbox 1541 1331 1578 1359; x_wconf 70' lang='grc' dir='ltr'><strong>Οὔ</strong></span> <span class='ocrx_word' id='word_1_359' title='bbox 1597 1330 1647 1369; x_wconf 76' lang='grc' dir='ltr'><strong>γὰρ</strong></span> <span class='ocrx_word' id='word_1_360' title='bbox 1679 1330 1724 1357; x_wconf 74' lang='grc' dir='ltr'>τὸν</span> <span class='ocrx_word' id='word_1_361' title='bbox 1755 1330 1805 1361; x_wconf 76' lang='grc' dir='ltr'><strong>τῆς</strong></span> <span class='ocrx_word' id='word_1_362' title='bbox 1828 1327 1895 1359; x_wconf 77' lang='grc' dir='ltr'>ἀλη-</span> 
     </span>
    </p>
   </div>
   <div class='ocr_carea' id='block_1_58' title="bbox 1073 1373 1897 1414">
    <p class='ocr_par' dir='ltr' id='par_1_58' title="bbox 1073 1373 1897 1414">
     <span class='ocr_line' id='line_1_58' title="bbox 1073 1373 1897 1414; baseline -0.005 -13"><span class='ocrx_word' id='word_1_363' title='bbox 1073 1374 1143 1406; x_wconf 84' lang='grc' dir='ltr'>θείας</span> <span class='ocrx_word' id='word_1_364' title='bbox 1170 1374 1249 1414; x_wconf 82' lang='grc' dir='ltr'>λόγον</span> <span class='ocrx_word' id='word_1_365' title='bbox 1288 1375 1441 1413; x_wconf 70' lang='grc' dir='ltr'>ὁρθοτομεῖν</span> <span class='ocrx_word' id='word_1_366' title='bbox 1483 1376 1513 1403; x_wconf 67' lang='lat' dir='ltr'><strong>hx</strong></span> <span class='ocrx_word' id='word_1_367' title='bbox 1547 1377 1599 1402; x_wconf 84' lang='grc' dir='ltr'>τῶν</span> <span class='ocrx_word' id='word_1_368' title='bbox 1643 1373 1812 1412; x_wconf 73' lang='grc' dir='ltr'>διόαγμάτων</span> <span class='ocrx_word' id='word_1_369' title='bbox 1853 1374 1897 1403; x_wconf 75' lang='grc' dir='ltr'>τῆς</span> 
     </span>
    </p>
   </div>
   <div class='ocr_carea' id='block_1_59' title="bbox 1073 1417 1898 1457">
    <p class='ocr_par' dir='ltr' id='par_1_59' title="bbox 1073 1417 1898 1457">
     <span class='ocr_line' id='line_1_59' title="bbox 1073 1417 1898 1457; baseline 0.002 -13"><span class='ocrx_word' id='word_1_370' title='bbox 1073 1417 1260 1453; x_wconf 72' lang='grc' dir='ltr'>αὒτοαληθείας</span> <span class='ocrx_word' id='word_1_371' title='bbox 1295 1424 1341 1449; x_wconf 80' lang='grc' dir='ltr'>τοῦ</span> <span class='ocrx_word' id='word_1_372' title='bbox 1370 1420 1454 1457; x_wconf 82' lang='grc' dir='ltr'>Λόγου</span> <span class='ocrx_word' id='word_1_373' title='bbox 1483 1423 1548 1448; x_wconf 82' lang='grc' dir='ltr'>Θεοῦ</span> <span class='ocrx_word' id='word_1_374' title='bbox 1580 1419 1624 1446; x_wconf 75' lang='grc' dir='ltr'><strong>καὶ</strong></span> <span class='ocrx_word' id='word_1_375' title='bbox 1660 1420 1785 1456; x_wconf 73' lang='grc' dir='ltr'>Σωτῆρος</span> <span class='ocrx_word' id='word_1_376' title='bbox 1823 1417 1898 1453; x_wconf 74' lang='grc' dir='ltr'>ἡμῶν</span> 
     </span>
    </p>
   </div>
   <div class='ocr_carea' id='block_1_60' title="bbox 209 1458 1033 1503">
    <p class='ocr_par' dir='ltr' id='par_1_60' title="bbox 209 1458 1029 1501">
     <span class='ocr_line' id='line_1_60' title="bbox 209 1458 1029 1501; baseline -0.002 -11"><span class='ocrx_word' id='word_1_377' title='bbox 209 1458 331 1497; x_wconf 88' lang='lat' dir='ltr'><strong>Christi,</strong></span> <span class='ocrx_word' id='word_1_378' title='bbox 348 1459 398 1500; x_wconf 90' lang='lat' dir='ltr'><strong>qui</strong></span> <span class='ocrx_word' id='word_1_379' title='bbox 413 1460 520 1492; x_wconf 87' lang='lat' dir='ltr'><strong>veritas</strong></span> <span class='ocrx_word' id='word_1_380' title='bbox 535 1461 600 1501; x_wconf 84' lang='lat' dir='ltr'><strong>ipsa</strong></span> <span class='ocrx_word' id='word_1_381' title='bbox 614 1464 670 1497; x_wconf 80' lang='lat' dir='ltr'><strong>est,</strong></span> <span class='ocrx_word' id='word_1_382' title='bbox 687 1461 808 1491; x_wconf 91' lang='lat' dir='ltr'><strong>omnino</strong></span> <span class='ocrx_word' id='word_1_383' title='bbox 821 1459 896 1500; x_wconf 86' lang='lat' dir='ltr'><strong>jussi</strong></span> <span class='ocrx_word' id='word_1_384' title='bbox 918 1468 1029 1496; x_wconf 90' lang='lat' dir='ltr'><strong>sumus,</strong></span> 
     </span>
    </p>
   </div>
   <div class='ocr_carea' id='block_1_61' title="bbox 1114 1458 1894 1503">
    <p class='ocr_par' dir='ltr' id='par_1_61' title="bbox 1116 1460 1894 1503">
     <span class='ocr_line' id='line_1_61' title="bbox 1116 1460 1894 1503; baseline -0.005 -12"><span class='ocrx_word' id='word_1_385' title='bbox 1116 1468 1162 1493; x_wconf 78' lang='grc' dir='ltr'>σοῦ</span> <span class='ocrx_word' id='word_1_386' title='bbox 1197 1468 1308 1503; x_wconf 79' lang='grc' dir='ltr'>Χριστοῦ</span> <span class='ocrx_word' id='word_1_387' title='bbox 1344 1463 1458 1496; x_wconf 76' lang='grc' dir='ltr'>κοθάπαξ</span> <span class='ocrx_word' id='word_1_388' title='bbox 1496 1462 1710 1500; x_wconf 70' lang='grc' dir='ltr'>κεκελευσμένοι,</span> <span class='ocrx_word' id='word_1_389' title='bbox 1740 1463 1789 1490; x_wconf 67' lang='grc' dir='ltr'><strong>οὒκ</strong></span> <span class='ocrx_word' id='word_1_390' title='bbox 1818 1460 1894 1487; x_wconf 78' lang='grc' dir='ltr'>ἆναί-</span> 
     </span>
    </p>
   </div>
   <div class='ocr_carea' id='block_1_62' title="bbox 209 1503 1033 1546">
    <p class='ocr_par' dir='ltr' id='par_1_62' title="bbox 209 1503 1030 1545">
     <span class='ocr_line' id='line_1_62' title="bbox 209 1503 1030 1545; baseline -0.002 -11"><span class='ocrx_word' id='word_1_391' title='bbox 209 1512 269 1534; x_wconf 93' lang='lat' dir='ltr'><strong>non</strong></span> <span class='ocrx_word' id='word_1_392' title='bbox 295 1504 382 1544; x_wconf 87' lang='lat' dir='ltr'><strong>plane</strong></span> <span class='ocrx_word' id='word_1_393' title='bbox 405 1505 482 1544; x_wconf 89' lang='lat' dir='ltr'><strong>apud</strong></span> <span class='ocrx_word' id='word_1_394' title='bbox 512 1505 604 1536; x_wconf 88' lang='lat' dir='ltr'><strong>Deum</strong></span> <span class='ocrx_word' id='word_1_395' title='bbox 634 1509 770 1545; x_wconf 85' lang='lat' dir='ltr'><strong>expertes</strong></span> <span class='ocrx_word' id='word_1_396' title='bbox 795 1505 906 1535; x_wconf 84' lang='lat' dir='ltr'><strong>erimus</strong></span> <span class='ocrx_word' id='word_1_397' title='bbox 927 1503 1030 1543; x_wconf 74' lang='lat' dir='ltr'><strong>culpae.</strong></span> 
     </span>
    </p>
   </div>
   <div class='ocr_carea' id='block_1_63' title="bbox 1114 1503 1895 1546">
    <p class='ocr_par' dir='ltr' id='par_1_63' title="bbox 1114 1507 1895 1546">
     <span class='ocr_line' id='line_1_63' title="bbox 1114 1507 1895 1546; baseline -0.004 -11"><span class='ocrx_word' id='word_1_398' title='bbox 1114 1519 1125 1535; x_wconf 59' lang='grc' dir='ltr'>ηι</span> <span class='ocrx_word' id='word_1_399' title='bbox 1148 1509 1252 1540; x_wconf 72' lang='grc' dir='ltr'>πάντως</span> <span class='ocrx_word' id='word_1_400' title='bbox 1282 1508 1395 1546; x_wconf 78' lang='grc' dir='ltr'>ἐσόμεθα</span> <span class='ocrx_word' id='word_1_401' title='bbox 1429 1511 1465 1545; x_wconf 74' lang='grc' dir='ltr'>τῷ</span> <span class='ocrx_word' id='word_1_402' title='bbox 1499 1511 1567 1545; x_wconf 81' lang='grc' dir='ltr'>Θεῷ,</span> <span class='ocrx_word' id='word_1_403' title='bbox 1598 1509 1619 1534; x_wconf 73' lang='grc' dir='ltr'>εἱ</span> <span class='ocrx_word' id='word_1_404' title='bbox 1647 1507 1778 1546; x_wconf 74' lang='grc' dir='ltr'>προῦργου</span> <span class='ocrx_word' id='word_1_405' title='bbox 1816 1511 1895 1535; x_wconf 76' lang='grc' dir='ltr'>ταῦτα</span> 
     </span>
    </p>
   </div>
   <div class='ocr_carea' id='block_1_64' title="bbox 209 1547 1031 1580">
    <p class='ocr_par' dir='ltr' id='par_1_64' title="bbox 209 1547 1031 1580">
     <span class='ocr_line' id='line_1_64' title="bbox 209 1547 1031 1580; baseline -0.001 -2"><span class='ocrx_word' id='word_1_406' title='bbox 209 1547 235 1578; x_wconf 88' lang='lat' dir='ltr'><strong>si</strong></span> <span class='ocrx_word' id='word_1_407' title='bbox 247 1548 284 1579; x_wconf 92' lang='lat' dir='ltr'><strong>ob</strong></span> <span class='ocrx_word' id='word_1_408' title='bbox 293 1549 386 1580; x_wconf 84' lang='lat' dir='ltr'><strong>animi</strong></span> <span class='ocrx_word' id='word_1_409' title='bbox 398 1551 489 1580; x_wconf 85' lang='lat' dir='ltr'><strong>nostri</strong></span> <span class='ocrx_word' id='word_1_410' title='bbox 515 1550 651 1580; x_wconf 82' lang='lat' dir='ltr'><strong>atIectum</strong></span> <span class='ocrx_word' id='word_1_411' title='bbox 669 1549 731 1579; x_wconf 70' lang='lat' dir='ltr'><strong>haec</strong></span> <span class='ocrx_word' id='word_1_412' title='bbox 744 1549 826 1579; x_wconf 89' lang='lat' dir='ltr'><strong>lucra</strong></span> <span class='ocrx_word' id='word_1_413' title='bbox 842 1548 1031 1579; x_wconf 87' lang='lat' dir='ltr'><strong>sectabimur.</strong></span> 
     </span>
    </p>
   </div>
   <div class='ocr_carea' id='block_1_65' title="bbox 208 1592 1031 1634">
    <p class='ocr_par' dir='ltr' id='par_1_65' title="bbox 208 1592 1031 1634">
     <span class='ocr_line' id='line_1_65' title="bbox 208 1592 1031 1634; baseline -0.005 -10"><span class='ocrx_word' id='word_1_414' title='bbox 208 1592 250 1624; x_wconf 85' lang='lat' dir='ltr'><strong>Ac</strong></span> <span class='ocrx_word' id='word_1_415' title='bbox 279 1602 333 1624; x_wconf 88' lang='lat' dir='ltr'><strong>nos</strong></span> <span class='ocrx_word' id='word_1_416' title='bbox 358 1593 492 1634; x_wconf 87' lang='lat' dir='ltr'><strong>quidem,</strong></span> <span class='ocrx_word' id='word_1_417' title='bbox 518 1603 535 1624; x_wconf 91' lang='lat' dir='ltr'><strong>a</strong></span> <span class='ocrx_word' id='word_1_418' title='bbox 559 1593 668 1634; x_wconf 87' lang='lat' dir='ltr'><strong>quibus</strong></span> <span class='ocrx_word' id='word_1_419' title='bbox 691 1594 859 1624; x_wconf 88' lang='lat' dir='ltr'><strong>necessario</strong></span> <span class='ocrx_word' id='word_1_420' title='bbox 875 1592 1031 1631; x_wconf 81' lang='lat' dir='ltr'><strong>ﬂagitatur,</strong></span> 
     </span>
    </p>
   </div>
   <div class='ocr_carea' id='block_1_66' title="bbox 210 1635 1033 1679">
    <p class='ocr_par' dir='ltr' id='par_1_66' title="bbox 210 1635 1033 1679">
     <span class='ocr_line' id='line_1_66' title="bbox 210 1635 1033 1679; baseline -0.004 -11"><span class='ocrx_word' id='word_1_421' title='bbox 210 1641 242 1668; x_wconf 92' lang='lat' dir='ltr'><strong>ut</strong></span> <span class='ocrx_word' id='word_1_422' title='bbox 255 1637 362 1669; x_wconf 83' lang='lat' dir='ltr'><strong>divinis</strong></span> <span class='ocrx_word' id='word_1_423' title='bbox 377 1638 532 1679; x_wconf 83' lang='lat' dir='ltr'><strong>praeceptis</strong></span> <span class='ocrx_word' id='word_1_424' title='bbox 543 1642 573 1669; x_wconf 90' lang='lat' dir='ltr'><strong>et</strong></span> <span class='ocrx_word' id='word_1_425' title='bbox 589 1637 798 1669; x_wconf 88' lang='lat' dir='ltr'><strong>traditionibus</strong></span> <span class='ocrx_word' id='word_1_426' title='bbox 812 1637 942 1673; x_wconf 88' lang='lat' dir='ltr'><strong>Patrum,</strong></span> <span class='ocrx_word' id='word_1_427' title='bbox 961 1635 1033 1666; x_wconf 85' lang='lat' dir='ltr'><strong>nihil</strong></span> 
     </span>
    </p>
   </div>
   <div class='ocr_carea' id='block_1_67' title="bbox 210 1680 1034 1723">
    <p class='ocr_par' dir='ltr' id='par_1_67' title="bbox 210 1680 1034 1723">
     <span class='ocr_line' id='line_1_67' title="bbox 210 1680 1034 1723; baseline -0.002 -11"><span class='ocrx_word' id='word_1_428' title='bbox 210 1681 353 1713; x_wconf 89' lang='lat' dir='ltr'><strong>ducamus</strong></span> <span class='ocrx_word' id='word_1_429' title='bbox 376 1683 538 1723; x_wconf 85' lang='lat' dir='ltr'><strong>antiquius,</strong></span> <span class='ocrx_word' id='word_1_430' title='bbox 570 1682 623 1713; x_wconf 89' lang='lat' dir='ltr'><strong>sed</strong></span> <span class='ocrx_word' id='word_1_431' title='bbox 651 1691 686 1713; x_wconf 92' lang='lat' dir='ltr'><strong>ea</strong></span> <span class='ocrx_word' id='word_1_432' title='bbox 713 1691 765 1721; x_wconf 88' lang='lat' dir='ltr'><strong>pro</strong></span> <span class='ocrx_word' id='word_1_433' title='bbox 786 1680 897 1711; x_wconf 90' lang='lat' dir='ltr'><strong>viribus</strong></span> <span class='ocrx_word' id='word_1_434' title='bbox 926 1680 1034 1710; x_wconf 80' lang='lat' dir='ltr'><strong>nostris</strong></span> 
     </span>
    </p>
   </div>
   <div class='ocr_carea' id='block_1_68' title="bbox 208 1725 1031 1765">
    <p class='ocr_par' dir='ltr' id='par_1_68' title="bbox 208 1725 1031 1765">
     <span class='ocr_line' id='line_1_68' title="bbox 208 1725 1031 1765; baseline -0.002 -9"><span class='ocrx_word' id='word_1_435' title='bbox 208 1725 323 1758; x_wconf 85' lang='lat' dir='ltr'><strong>illibata</strong></span> <span class='ocrx_word' id='word_1_436' title='bbox 339 1736 513 1765; x_wconf 86' lang='lat' dir='ltr'><strong>servemus;</strong></span> <span class='ocrx_word' id='word_1_437' title='bbox 529 1726 571 1758; x_wconf 91' lang='lat' dir='ltr'><strong>sic</strong></span> <span class='ocrx_word' id='word_1_438' title='bbox 587 1730 616 1757; x_wconf 90' lang='lat' dir='ltr'><strong>et</strong></span> <span class='ocrx_word' id='word_1_439' title='bbox 630 1726 822 1764; x_wconf 86' lang='lat' dir='ltr'><strong>sentimus,et</strong></span> <span class='ocrx_word' id='word_1_440' title='bbox 832 1725 1031 1756; x_wconf 85' lang='lat' dir='ltr'><strong>decernimus.</strong></span> 
     </span>
    </p>
   </div>
   <div class='ocr_carea' id='block_1_69' title="bbox 207 1771 1033 1812">
    <p class='ocr_par' dir='ltr' id='par_1_69' title="bbox 207 1771 1033 1812">
     <span class='ocr_line' id='line_1_69' title="bbox 207 1771 1033 1812; baseline -0.006 -8"><span class='ocrx_word' id='word_1_441' title='bbox 207 1771 305 1804; x_wconf 87' lang='lat' dir='ltr'><strong>Velim</strong></span> <span class='ocrx_word' id='word_1_442' title='bbox 330 1781 410 1812; x_wconf 86' lang='lat' dir='ltr'><strong>vero,</strong></span> <span class='ocrx_word' id='word_1_443' title='bbox 428 1775 478 1803; x_wconf 88' lang='lat' dir='ltr'><strong>tua</strong></span> <span class='ocrx_word' id='word_1_444' title='bbox 493 1780 611 1812; x_wconf 91' lang='lat' dir='ltr'><strong>quoque</strong></span> <span class='ocrx_word' id='word_1_445' title='bbox 627 1771 675 1811; x_wconf 91' lang='lat' dir='ltr'><strong>pia</strong></span> <span class='ocrx_word' id='word_1_446' title='bbox 702 1771 953 1810; x_wconf 89' lang='lat' dir='ltr'><strong>serenissimaque</strong></span> <span class='ocrx_word' id='word_1_447' title='bbox 969 1778 1033 1800; x_wconf 89' lang='lat' dir='ltr'><strong>ma-</strong></span> 
     </span>
    </p>
   </div>
   <div class='ocr_carea' id='block_1_70' title="bbox 205 1815 1032 1856">
    <p class='ocr_par' dir='ltr' id='par_1_70' title="bbox 205 1815 1032 1856">
     <span class='ocr_line' id='line_1_70' title="bbox 205 1815 1032 1856; baseline -0.005 -9"><span class='ocrx_word' id='word_1_448' title='bbox 205 1815 299 1855; x_wconf 83' lang='lat' dir='ltr'><strong>jestas</strong></span> <span class='ocrx_word' id='word_1_449' title='bbox 313 1825 377 1847; x_wconf 90' lang='lat' dir='ltr'><strong>rem</strong></span> <span class='ocrx_word' id='word_1_450' title='bbox 395 1815 575 1852; x_wconf 81' lang='lat' dir='ltr'><strong>consideret,</strong></span> <span class='ocrx_word' id='word_1_451' title='bbox 592 1815 731 1856; x_wconf 87' lang='lat' dir='ltr'><strong>quodque</strong></span> <span class='ocrx_word' id='word_1_452' title='bbox 747 1815 822 1846; x_wconf 81' lang='lat' dir='ltr'><strong>facto</strong></span> <span class='ocrx_word' id='word_1_453' title='bbox 847 1815 935 1845; x_wconf 82' lang='lat' dir='ltr'><strong>fuerit</strong></span> <span class='ocrx_word' id='word_1_454' title='bbox 947 1823 1032 1853; x_wconf 92' lang='lat' dir='ltr'><strong>opus,</strong></span> 
     </span>
    </p>
   </div>
   <div class='ocr_carea' id='block_1_71' title="bbox 208 1858 1034 1901">
    <p class='ocr_par' dir='ltr' id='par_1_71' title="bbox 208 1858 1034 1901">
     <span class='ocr_line' id='line_1_71' title="bbox 208 1858 1034 1901; baseline -0.004 -10"><span class='ocrx_word' id='word_1_455' title='bbox 208 1859 316 1892; x_wconf 82' lang='lat' dir='ltr'><strong>faciat:</strong></span> <span class='ocrx_word' id='word_1_456' title='bbox 345 1864 437 1901; x_wconf 90' lang='lat' dir='ltr'><strong>atque</strong></span> <span class='ocrx_word' id='word_1_457' title='bbox 462 1860 519 1891; x_wconf 91' lang='lat' dir='ltr'><strong>hoc</strong></span> <span class='ocrx_word' id='word_1_458' title='bbox 546 1860 634 1891; x_wconf 91' lang='lat' dir='ltr'><strong>modo</strong></span> <span class='ocrx_word' id='word_1_459' title='bbox 660 1860 799 1900; x_wconf 86' lang='lat' dir='ltr'><strong>majestas</strong></span> <span class='ocrx_word' id='word_1_460' title='bbox 819 1864 867 1891; x_wconf 86' lang='lat' dir='ltr'><strong>tua</strong></span> <span class='ocrx_word' id='word_1_461' title='bbox 887 1859 928 1899; x_wconf 88' lang='lat' dir='ltr'><strong>id,</strong></span> <span class='ocrx_word' id='word_1_462' title='bbox 955 1858 1034 1899; x_wconf 87' lang='lat' dir='ltr'><strong>quod</strong></span> 
     </span>
    </p>
   </div>
   <div class='ocr_carea' id='block_1_72' title="bbox 210 1903 1032 1944">
    <p class='ocr_par' dir='ltr' id='par_1_72' title="bbox 210 1903 1032 1944">
     <span class='ocr_line' id='line_1_72' title="bbox 210 1903 1032 1944; baseline -0.004 -8"><span class='ocrx_word' id='word_1_463' title='bbox 210 1904 332 1936; x_wconf 87' lang='lat' dir='ltr'><strong>omnino</strong></span> <span class='ocrx_word' id='word_1_464' title='bbox 347 1909 376 1936; x_wconf 90' lang='lat' dir='ltr'><strong>et</strong></span> <span class='ocrx_word' id='word_1_465' title='bbox 390 1905 634 1944; x_wconf 87' lang='lat' dir='ltr'><strong>reprehensionis</strong></span> <span class='ocrx_word' id='word_1_466' title='bbox 649 1909 678 1935; x_wconf 89' lang='lat' dir='ltr'><strong>et</strong></span> <span class='ocrx_word' id='word_1_467' title='bbox 701 1904 831 1935; x_wconf 79' lang='lat' dir='ltr'><strong>scandali</strong></span> <span class='ocrx_word' id='word_1_468' title='bbox 845 1913 951 1944; x_wconf 86' lang='lat' dir='ltr'><strong>expers</strong></span> <span class='ocrx_word' id='word_1_469' title='bbox 966 1903 1032 1940; x_wconf 87' lang='lat' dir='ltr'><strong>erit,</strong></span> 
     </span>
    </p>
   </div>
   <div class='ocr_carea' id='block_1_73' title="bbox 208 1948 1033 1990">
    <p class='ocr_par' dir='ltr' id='par_1_73' title="bbox 208 1948 1033 1990">
     <span class='ocr_line' id='line_1_73' title="bbox 208 1948 1033 1990; baseline -0.001 -11"><span class='ocrx_word' id='word_1_470' title='bbox 208 1952 268 1980; x_wconf 91' lang='lat' dir='ltr'><strong>tam</strong></span> <span class='ocrx_word' id='word_1_471' title='bbox 284 1949 378 1990; x_wconf 90' lang='lat' dir='ltr'><strong>ipsius</strong></span> <span class='ocrx_word' id='word_1_472' title='bbox 403 1948 469 1987; x_wconf 87' lang='lat' dir='ltr'><strong>Dei,</strong></span> <span class='ocrx_word' id='word_1_473' title='bbox 487 1958 575 1989; x_wconf 90' lang='lat' dir='ltr'><strong>quam</strong></span> <span class='ocrx_word' id='word_1_474' title='bbox 590 1958 741 1981; x_wconf 87' lang='lat' dir='ltr'><strong>sacrorum</strong></span> <span class='ocrx_word' id='word_1_475' title='bbox 768 1957 914 1979; x_wconf 90' lang='lat' dir='ltr'><strong>canonum</strong></span> <span class='ocrx_word' id='word_1_476' title='bbox 928 1957 1033 1987; x_wconf 90' lang='lat' dir='ltr'><strong>respe-</strong></span> 
     </span>
    </p>
   </div>
   <div class='ocr_carea' id='block_1_74' title="bbox 210 1997 391 2035">
    <p class='ocr_par' dir='ltr' id='par_1_74' title="bbox 210 1997 391 2035">
     <span class='ocr_line' id='line_1_74' title="bbox 210 1997 391 2035; baseline -0.006 -10"><span class='ocrx_word' id='word_1_477' title='bbox 210 1998 270 2035; x_wconf 88' lang='lat' dir='ltr'><strong>ctu,</strong></span> <span class='ocrx_word' id='word_1_478' title='bbox 284 1997 391 2025; x_wconf 84' lang='lat' dir='ltr'><strong>servet.</strong></span> 
     </span>
    </p>
   </div>
   <div class='ocr_carea' id='block_1_75' title="bbox 517 2050 723 2090">
    <p class='ocr_par' dir='ltr' id='par_1_75' title="bbox 517 2050 723 2090">
     <span class='ocr_line' id='line_1_75' title="bbox 517 2050 723 2090; baseline -0.005 -7"><span class='ocrx_word' id='word_1_479' title='bbox 517 2050 626 2083; x_wconf 70' lang='lat' dir='ltr'><strong>LUCAE</strong></span> <span class='ocrx_word' id='word_1_480' title='bbox 648 2050 723 2090; x_wconf 68' lang='grc' dir='ltr'><strong>(εδ).</strong></span> 
     </span>
    </p>
   </div>
   <div class='ocr_carea' id='block_1_76' title="bbox 205 2107 1031 2148">
    <p class='ocr_par' dir='ltr' id='par_1_76' title="bbox 205 2107 1031 2148">
     <span class='ocr_line' id='line_1_76' title="bbox 205 2107 1031 2148; baseline -0.005 -6"><span class='ocrx_word' id='word_1_481' title='bbox 205 2110 252 2143; x_wconf 82' lang='lat' dir='ltr'><strong>Ne</strong></span> <span class='ocrx_word' id='word_1_482' title='bbox 266 2110 372 2142; x_wconf 79' lang='lat' dir='ltr'><strong>clerici</strong></span> <span class='ocrx_word' id='word_1_483' title='bbox 386 2108 526 2148; x_wconf 77' lang='lat' dir='ltr'><strong>auferant</strong></span> <span class='ocrx_word' id='word_1_484' title='bbox 540 2117 588 2148; x_wconf 86' lang='lat' dir='ltr'><strong>ea,</strong></span> <span class='ocrx_word' id='word_1_485' title='bbox 613 2116 680 2148; x_wconf 72' lang='lat' dir='ltr'><strong>quas</strong></span> <span class='ocrx_word' id='word_1_486' title='bbox 694 2108 733 2138; x_wconf 90' lang='lat' dir='ltr'><strong>ad</strong></span> <span class='ocrx_word' id='word_1_487' title='bbox 748 2108 887 2139; x_wconf 75' lang='lat' dir='ltr'><strong>ecclesias</strong></span> <span class='ocrx_word' id='word_1_488' title='bbox 902 2107 949 2139; x_wconf 86' lang='lat' dir='ltr'><strong>vel</strong></span> <span class='ocrx_word' id='word_1_489' title='bbox 964 2108 1031 2147; x_wconf 71' lang='lat' dir='ltr'><strong>ept-</strong></span> 
     </span>
    </p>
   </div>
   <div class='ocr_carea' id='block_1_77' title="bbox 389 2149 842 2190">
    <p class='ocr_par' dir='ltr' id='par_1_77' title="bbox 389 2149 842 2190">
     <span class='ocr_line' id='line_1_77' title="bbox 389 2149 842 2190; baseline -0.007 -9"><span class='ocrx_word' id='word_1_490' title='bbox 389 2158 492 2190; x_wconf 77' lang='lat' dir='ltr'><strong>scopos</strong></span> <span class='ocrx_word' id='word_1_491' title='bbox 506 2149 667 2180; x_wconf 80' lang='lat' dir='ltr'><strong>morientes</strong></span> <span class='ocrx_word' id='word_1_492' title='bbox 681 2149 842 2188; x_wconf 72' lang='lat' dir='ltr'><strong>pertinent.</strong></span> 
     </span>
    </p>
   </div>
   <div class='ocr_carea' id='block_1_78' title="bbox 244 2247 1033 2289">
    <p class='ocr_par' dir='ltr' id='par_1_78' title="bbox 244 2247 1033 2289">
     <span class='ocr_line' id='line_1_78' title="bbox 244 2247 1033 2289; baseline -0.005 -7"><span class='ocrx_word' id='word_1_493' title='bbox 244 2249 336 2282; x_wconf 82' lang='lat' dir='ltr'><strong>Mensi</strong></span> <span class='ocrx_word' id='word_1_494' title='bbox 363 2249 462 2281; x_wconf 85' lang='lat' dir='ltr'><strong>Martii</strong></span> <span class='ocrx_word' id='word_1_495' title='bbox 489 2248 538 2280; x_wconf 90' lang='lat' dir='ltr'><strong>die</strong></span> <span class='ocrx_word' id='word_1_496' title='bbox 566 2256 596 2285; x_wconf 86' lang='lat' dir='ltr'><strong>x,</strong></span> <span class='ocrx_word' id='word_1_497' title='bbox 621 2247 695 2279; x_wconf 81' lang='lat' dir='ltr'><strong>feria</strong></span> <span class='ocrx_word' id='word_1_498' title='bbox 723 2257 744 2286; x_wconf 80' lang='grc' dir='ltr'><strong>ι,</strong></span> <span class='ocrx_word' id='word_1_499' title='bbox 772 2248 952 2289; x_wconf 64' lang='lat' dir='ltr'><strong>prmsidente</strong></span> <span class='ocrx_word' id='word_1_500' title='bbox 968 2257 1033 2279; x_wconf 87' lang='lat' dir='ltr'><strong>san-</strong></span> 
     </span>
    </p>
   </div>
   <div class='ocr_carea' id='block_1_79' title="bbox 209 2292 1031 2333">
    <p class='ocr_par' dir='ltr' id='par_1_79' title="bbox 209 2292 1031 2333">
     <span class='ocr_line' id='line_1_79' title="bbox 209 2292 1031 2333; baseline -0.004 -7"><span class='ocrx_word' id='word_1_501' title='bbox 209 2294 341 2326; x_wconf 88' lang='lat' dir='ltr'><strong>ctissimo</strong></span> <span class='ocrx_word' id='word_1_502' title='bbox 358 2293 480 2325; x_wconf 90' lang='lat' dir='ltr'><strong>domino</strong></span> <span class='ocrx_word' id='word_1_503' title='bbox 508 2297 610 2324; x_wconf 84' lang='lat' dir='ltr'><strong>nostro</strong></span> <span class='ocrx_word' id='word_1_504' title='bbox 627 2296 656 2323; x_wconf 92' lang='lat' dir='ltr'><strong>et</strong></span> <span class='ocrx_word' id='word_1_505' title='bbox 679 2292 838 2324; x_wconf 84' lang='lat' dir='ltr'><strong>universali</strong></span> <span class='ocrx_word' id='word_1_506' title='bbox 855 2293 1031 2333; x_wconf 86' lang='lat' dir='ltr'><strong>patriarcha,</strong></span> 
     </span>
    </p>
   </div>
   <div class='ocr_carea' id='block_1_80' title="bbox 207 2336 1029 2375">
    <p class='ocr_par' dir='ltr' id='par_1_80' title="bbox 207 2336 1029 2375">
     <span class='ocr_line' id='line_1_80' title="bbox 207 2336 1029 2375; baseline -0.004 -4"><span class='ocrx_word' id='word_1_507' title='bbox 207 2339 327 2371; x_wconf 92' lang='lat' dir='ltr'><strong>domino</strong></span> <span class='ocrx_word' id='word_1_508' title='bbox 344 2338 472 2375; x_wconf 90' lang='lat' dir='ltr'><strong>Luca,in</strong></span> <span class='ocrx_word' id='word_1_509' title='bbox 492 2337 606 2369; x_wconf 78' lang='lat' dir='ltr'><strong>dextris</strong></span> <span class='ocrx_word' id='word_1_510' title='bbox 624 2336 771 2368; x_wconf 84' lang='lat' dir='ltr'><strong>Alexiacis</strong></span> <span class='ocrx_word' id='word_1_511' title='bbox 784 2337 1029 2374; x_wconf 86' lang='lat' dir='ltr'><strong>catechumeniis,</strong></span> 
     </span>
    </p>
   </div>
   <div class='ocr_carea' id='block_1_81' title="bbox 205 2382 1031 2422">
    <p class='ocr_par' dir='ltr' id='par_1_81' title="bbox 205 2382 1031 2422">
     <span class='ocr_line' id='line_1_81' title="bbox 205 2382 1031 2422; baseline -0.004 -7"><span class='ocrx_word' id='word_1_512' title='bbox 205 2383 407 2416; x_wconf 87' lang='lat' dir='ltr'><strong>assidentibus</strong></span> <span class='ocrx_word' id='word_1_513' title='bbox 431 2383 462 2413; x_wconf 92' lang='lat' dir='ltr'><strong>in</strong></span> <span class='ocrx_word' id='word_1_514' title='bbox 488 2382 616 2413; x_wconf 88' lang='lat' dir='ltr'><strong>concilio</strong></span> <span class='ocrx_word' id='word_1_515' title='bbox 647 2382 869 2422; x_wconf 68' lang='lat' dir='ltr'><strong>magnaaipsius</strong></span> <span class='ocrx_word' id='word_1_516' title='bbox 885 2382 1031 2413; x_wconf 81' lang='lat' dir='ltr'><strong>sanctitati</strong></span> 
     </span>
    </p>
   </div>
   <div class='ocr_carea' id='block_1_82' title="bbox 204 2425 1030 2468">
    <p class='ocr_par' dir='ltr' id='par_1_82' title="bbox 204 2425 1030 2468">
     <span class='ocr_line' id='line_1_82' title="bbox 204 2425 1030 2468; baseline -0.004 -8"><span class='ocrx_word' id='word_1_517' title='bbox 204 2427 412 2460; x_wconf 89' lang='lat' dir='ltr'><strong>sacratissimis</strong></span> <span class='ocrx_word' id='word_1_518' title='bbox 428 2426 618 2468; x_wconf 85' lang='lat' dir='ltr'><strong>pontiﬁcibus</strong></span> <span class='ocrx_word' id='word_1_519' title='bbox 633 2425 820 2467; x_wconf 67' lang='lat' dir='ltr'><strong>Caesariensi,</strong></span> <span class='ocrx_word' id='word_1_520' title='bbox 833 2426 1030 2464; x_wconf 83' lang='lat' dir='ltr'><strong>Heracliensi,</strong></span> 
     </span>
    </p>
   </div>
   <div class='ocr_carea' id='block_1_83' title="bbox 205 2471 1030 2510">
    <p class='ocr_par' dir='ltr' id='par_1_83' title="bbox 205 2471 1030 2510">
     <span class='ocr_line' id='line_1_83' title="bbox 205 2471 1030 2510; baseline -0.004 -6"><span class='ocrx_word' id='word_1_521' title='bbox 205 2473 387 2510; x_wconf 86' lang='lat' dir='ltr'><strong>Amasiensi,</strong></span> <span class='ocrx_word' id='word_1_522' title='bbox 401 2472 558 2509; x_wconf 74' lang='lat' dir='ltr'><strong>Melitenaa,</strong></span> <span class='ocrx_word' id='word_1_523' title='bbox 584 2471 857 2509; x_wconf 88' lang='lat' dir='ltr'><strong>Thessalonicensi,</strong></span> <span class='ocrx_word' id='word_1_524' title='bbox 874 2471 1030 2502; x_wconf 80' lang='lat' dir='ltr'><strong>Neocaesa-</strong></span> 
     </span>
    </p>
   </div>
   <div class='ocr_carea' id='block_1_84' title="bbox 204 2515 1031 2558">
    <p class='ocr_par' dir='ltr' id='par_1_84' title="bbox 204 2515 1031 2558">
     <span class='ocr_line' id='line_1_84' title="bbox 204 2515 1031 2558; baseline -0.002 -10"><span class='ocrx_word' id='word_1_525' title='bbox 204 2517 308 2555; x_wconf 89' lang='lat' dir='ltr'><strong>riensi,</strong></span> <span class='ocrx_word' id='word_1_526' title='bbox 326 2517 464 2558; x_wconf 76' lang='lat' dir='ltr'><strong>Myrensi,</strong></span> <span class='ocrx_word' id='word_1_527' title='bbox 481 2516 622 2553; x_wconf 87' lang='lat' dir='ltr'><strong>Mocisso,</strong></span> <span class='ocrx_word' id='word_1_528' title='bbox 647 2515 796 2554; x_wconf 87' lang='lat' dir='ltr'><strong>Cretensi,</strong></span> <span class='ocrx_word' id='word_1_529' title='bbox 821 2515 1031 2556; x_wconf 83' lang='lat' dir='ltr'><strong>Trajanopoli-</strong></span> 
     </span>
    </p>
   </div>
   <div class='ocr_carea' id='block_1_85' title="bbox 205 2559 1029 2603">
    <p class='ocr_par' dir='ltr' id='par_1_85' title="bbox 205 2559 1029 2603">
     <span class='ocr_line' id='line_1_85' title="bbox 205 2559 1029 2603; baseline -0.001 -10"><span class='ocrx_word' id='word_1_530' title='bbox 205 2565 285 2600; x_wconf 89' lang='lat' dir='ltr'><strong>tano,</strong></span> <span class='ocrx_word' id='word_1_531' title='bbox 313 2561 545 2603; x_wconf 84' lang='lat' dir='ltr'><strong>Hierapolitano,</strong></span> <span class='ocrx_word' id='word_1_532' title='bbox 577 2559 658 2597; x_wconf 68' lang='lat' dir='ltr'><strong>IEni,</strong></span> <span class='ocrx_word' id='word_1_533' title='bbox 684 2559 818 2600; x_wconf 67' lang='lat' dir='ltr'><strong>Dristraa,</strong></span> <span class='ocrx_word' id='word_1_534' title='bbox 834 2560 1029 2599; x_wconf 86' lang='lat' dir='ltr'><strong>Nazianzeno,</strong></span> 
     </span>
    </p>
   </div>
   <div class='ocr_carea' id='block_1_86' title="bbox 203 2604 1028 2647">
    <p class='ocr_par' dir='ltr' id='par_1_86' title="bbox 203 2604 1028 2647">
     <span class='ocr_line' id='line_1_86' title="bbox 203 2604 1028 2647; baseline -0.001 -10"><span class='ocrx_word' id='word_1_535' title='bbox 203 2605 357 2647; x_wconf 77' lang='lat' dir='ltr'><strong>Abydeno,</strong></span> <span class='ocrx_word' id='word_1_536' title='bbox 385 2606 511 2644; x_wconf 89' lang='lat' dir='ltr'><strong>Milesio,</strong></span> <span class='ocrx_word' id='word_1_537' title='bbox 552 2604 704 2646; x_wconf 62' lang='lat' dir='ltr'><strong>Selybriw,</strong></span> <span class='ocrx_word' id='word_1_538' title='bbox 732 2604 837 2645; x_wconf 62' lang='lat' dir='ltr'><strong>Bizyas,</strong></span> <span class='ocrx_word' id='word_1_539' title='bbox 869 2607 1028 2644; x_wconf 66' lang='lat' dir='ltr'><strong>Maronem,</strong></span> 
     </span>
    </p>
   </div>
   <div class='ocr_carea' id='block_1_87' title="bbox 203 2649 1028 2693">
    <p class='ocr_par' dir='ltr' id='par_1_87' title="bbox 203 2649 1028 2693">
     <span class='ocr_line' id='line_1_87' title="bbox 203 2649 1028 2693; baseline -0.001 -11"><span class='ocrx_word' id='word_1_540' title='bbox 203 2651 295 2690; x_wconf 88' lang='lat' dir='ltr'><strong>Parii,</strong></span> <span class='ocrx_word' id='word_1_541' title='bbox 319 2651 375 2691; x_wconf 86' lang='lat' dir='ltr'><strong>Gii,</strong></span> <span class='ocrx_word' id='word_1_542' title='bbox 397 2654 488 2693; x_wconf 83' lang='lat' dir='ltr'><strong>Apro,</strong></span> <span class='ocrx_word' id='word_1_543' title='bbox 514 2649 606 2687; x_wconf 63' lang='lat' dir='ltr'><strong>Nicaa,</strong></span> <span class='ocrx_word' id='word_1_544' title='bbox 635 2649 772 2687; x_wconf 81' lang='lat' dir='ltr'><strong>Gotthiae,</strong></span> <span class='ocrx_word' id='word_1_545' title='bbox 801 2649 1028 2689; x_wconf 85' lang='lat' dir='ltr'><strong>Matrachorum,</strong></span> 
     </span>
    </p>
   </div>
   <div class='ocr_carea' id='block_1_88' title="bbox 1075 1551 1898 1592">
    <p class='ocr_par' dir='ltr' id='par_1_88' title="bbox 1075 1551 1898 1592">
     <span class='ocr_line' id='line_1_88' title="bbox 1075 1551 1898 1592; baseline -0.002 -13"><span class='ocrx_word' id='word_1_546' title='bbox 1075 1551 1116 1580; x_wconf 76' lang='grc' dir='ltr'><strong>διὰ</strong></span> <span class='ocrx_word' id='word_1_547' title='bbox 1137 1553 1218 1585; x_wconf 76' lang='grc' dir='ltr'>πάθος</span> <span class='ocrx_word' id='word_1_548' title='bbox 1239 1554 1272 1581; x_wconf 82' lang='grc' dir='ltr'><strong>τὰ</strong></span> <span class='ocrx_word' id='word_1_549' title='bbox 1298 1552 1377 1592; x_wconf 75' lang='grc' dir='ltr'>κέρδη</span> <span class='ocrx_word' id='word_1_550' title='bbox 1402 1553 1560 1589; x_wconf 65' lang='grc' dir='ltr'>ποιήσομεν.</span> <span class='ocrx_word' id='word_1_551' title='bbox 1587 1552 1636 1580; x_wconf 83' lang='grc' dir='ltr'><strong>Καὶ</strong></span> <span class='ocrx_word' id='word_1_552' title='bbox 1656 1553 1738 1588; x_wconf 77' lang='grc' dir='ltr'>ἡμεῖς</span> <span class='ocrx_word' id='word_1_553' title='bbox 1769 1551 1820 1587; x_wconf 75' lang='grc' dir='ltr'>μὲν</span> <span class='ocrx_word' id='word_1_554' title='bbox 1843 1562 1898 1588; x_wconf 88' lang='grc' dir='ltr'>μη-</span> 
     </span>
    </p>
   </div>
   <div class='ocr_carea' id='block_1_89' title="bbox 1075 1594 1897 1636">
    <p class='ocr_par' dir='ltr' id='par_1_89' title="bbox 1075 1594 1897 1636">
     <span class='ocr_line' id='line_1_89' title="bbox 1075 1594 1897 1636; baseline -0.004 -11"><span class='ocrx_word' id='word_1_555' title='bbox 1075 1595 1116 1624; x_wconf 71' lang='grc' dir='ltr'><strong>δὲν</strong></span> <span class='ocrx_word' id='word_1_556' title='bbox 1131 1598 1318 1636; x_wconf 82' lang='grc' dir='ltr'>προτιμότερον</span> <span class='ocrx_word' id='word_1_557' title='bbox 1333 1599 1385 1624; x_wconf 84' lang='grc' dir='ltr'>τῶν</span> <span class='ocrx_word' id='word_1_558' title='bbox 1412 1597 1487 1624; x_wconf 84' lang='grc' dir='ltr'>θείων</span> <span class='ocrx_word' id='word_1_559' title='bbox 1509 1595 1622 1624; x_wconf 73' lang='grc' dir='ltr'>ἐντολῶν</span> <span class='ocrx_word' id='word_1_560' title='bbox 1650 1595 1694 1623; x_wconf 79' lang='grc' dir='ltr'>καὶ</span> <span class='ocrx_word' id='word_1_561' title='bbox 1715 1594 1768 1622; x_wconf 79' lang='grc' dir='ltr'><strong>τῶν</strong></span> <span class='ocrx_word' id='word_1_562' title='bbox 1799 1597 1897 1634; x_wconf 84' lang='grc' dir='ltr'>Πατρι-</span> 
     </span>
    </p>
   </div>
   <div class='ocr_carea' id='block_1_90' title="bbox 1074 1637 1897 1681">
    <p class='ocr_par' dir='ltr' id='par_1_90' title="bbox 1074 1637 1897 1681">
     <span class='ocr_line' id='line_1_90' title="bbox 1074 1637 1897 1681; baseline -0.005 -11"><span class='ocrx_word' id='word_1_563' title='bbox 1074 1644 1127 1669; x_wconf 85' lang='grc' dir='ltr'>κῶν</span> <span class='ocrx_word' id='word_1_564' title='bbox 1162 1641 1330 1681; x_wconf 71' lang='grc' dir='ltr'>παραδόσεων</span> <span class='ocrx_word' id='word_1_565' title='bbox 1366 1647 1453 1669; x_wconf 67' lang='grc' dir='ltr'>ποιεῖν</span> <span class='ocrx_word' id='word_1_566' title='bbox 1482 1640 1621 1679; x_wconf 77' lang='grc' dir='ltr'>ἐξανάγκες</span> <span class='ocrx_word' id='word_1_567' title='bbox 1650 1638 1812 1679; x_wconf 70' lang='grc' dir='ltr'>ὀφείλοντες,</span> <span class='ocrx_word' id='word_1_568' title='bbox 1842 1637 1897 1667; x_wconf 77' lang='grc' dir='ltr'>ἀλλ’</span> 
     </span>
    </p>
   </div>
   <div class='ocr_carea' id='block_1_91' title="bbox 1075 1683 1897 1724">
    <p class='ocr_par' dir='ltr' id='par_1_91' title="bbox 1075 1683 1897 1724">
     <span class='ocr_line' id='line_1_91' title="bbox 1075 1683 1897 1724; baseline -0.005 -10"><span class='ocrx_word' id='word_1_569' title='bbox 1075 1685 1252 1722; x_wconf 77' lang='grc' dir='ltr'>ἆμενάπτωτα</span> <span class='ocrx_word' id='word_1_570' title='bbox 1268 1689 1349 1714; x_wconf 75' lang='grc' dir='ltr'>ταῦτα</span> <span class='ocrx_word' id='word_1_571' title='bbox 1369 1684 1519 1724; x_wconf 73' lang='grc' dir='ltr'>φυλάττειν,</span> <span class='ocrx_word' id='word_1_572' title='bbox 1549 1686 1586 1716; x_wconf 83' lang='grc' dir='ltr'>ὠς</span> <span class='ocrx_word' id='word_1_573' title='bbox 1615 1683 1736 1721; x_wconf 82' lang='grc' dir='ltr'>δύναμις,</span> <span class='ocrx_word' id='word_1_574' title='bbox 1759 1683 1831 1711; x_wconf 62' lang='grc' dir='ltr'>οἾτω</span> <span class='ocrx_word' id='word_1_575' title='bbox 1858 1683 1897 1710; x_wconf 76' lang='grc' dir='ltr'>καὶ</span> 
     </span>
    </p>
   </div>
   <div class='ocr_carea' id='block_1_92' title="bbox 1075 1726 1896 1769">
    <p class='ocr_par' dir='ltr' id='par_1_92' title="bbox 1075 1726 1896 1769">
     <span class='ocr_line' id='line_1_92' title="bbox 1075 1726 1896 1769; baseline -0.002 -12"><span class='ocrx_word' id='word_1_576' title='bbox 1075 1741 1185 1767; x_wconf 85' lang='grc' dir='ltr'>νοουμεν</span> <span class='ocrx_word' id='word_1_577' title='bbox 1199 1731 1243 1758; x_wconf 76' lang='grc' dir='ltr'>ναὶ</span> <span class='ocrx_word' id='word_1_578' title='bbox 1258 1730 1406 1769; x_wconf 78' lang='grc' dir='ltr'>ὁριζόμεθα.</span> <span class='ocrx_word' id='word_1_579' title='bbox 1431 1729 1599 1762; x_wconf 77' lang='grc' dir='ltr'>Σκοπησάτω</span> <span class='ocrx_word' id='word_1_580' title='bbox 1627 1727 1654 1756; x_wconf 77' lang='grc' dir='ltr'>δὲ</span> <span class='ocrx_word' id='word_1_581' title='bbox 1675 1729 1719 1756; x_wconf 82' lang='grc' dir='ltr'>καὶ</span> <span class='ocrx_word' id='word_1_582' title='bbox 1740 1729 1770 1756; x_wconf 81' lang='grc' dir='ltr'>τὸ</span> <span class='ocrx_word' id='word_1_583' title='bbox 1795 1726 1896 1758; x_wconf 66' lang='grc' dir='ltr'>εὔςεϐὲς</span> 
     </span>
    </p>
   </div>
   <div class='ocr_carea' id='block_1_93' title="bbox 1074 1771 1896 1814">
    <p class='ocr_par' dir='ltr' id='par_1_93' title="bbox 1074 1771 1896 1814">
     <span class='ocr_line' id='line_1_93' title="bbox 1074 1771 1896 1814; baseline -0.004 -12"><span class='ocrx_word' id='word_1_584' title='bbox 1074 1775 1117 1802; x_wconf 83' lang='grc' dir='ltr'><strong>καὶ</strong></span> <span class='ocrx_word' id='word_1_585' title='bbox 1139 1774 1311 1814; x_wconf 77' lang='grc' dir='ltr'>παγγάληνον</span> <span class='ocrx_word' id='word_1_586' title='bbox 1325 1774 1420 1813; x_wconf 76' lang='grc' dir='ltr'>κράτος</span> <span class='ocrx_word' id='word_1_587' title='bbox 1435 1785 1492 1810; x_wconf 75' lang='grc' dir='ltr'>σου,</span> <span class='ocrx_word' id='word_1_588' title='bbox 1508 1774 1552 1801; x_wconf 79' lang='grc' dir='ltr'><strong>καὶ</strong></span> <span class='ocrx_word' id='word_1_589' title='bbox 1565 1773 1767 1810; x_wconf 83' lang='grc' dir='ltr'>οἷκονομησάτω</span> <span class='ocrx_word' id='word_1_590' title='bbox 1783 1774 1814 1800; x_wconf 80' lang='grc' dir='ltr'>τὸ</span> <span class='ocrx_word' id='word_1_591' title='bbox 1829 1771 1896 1800; x_wconf 79' lang='grc' dir='ltr'>δέον·</span> 
     </span>
    </p>
   </div>
   <div class='ocr_carea' id='block_1_94' title="bbox 1075 1817 1896 1857">
    <p class='ocr_par' dir='ltr' id='par_1_94' title="bbox 1075 1817 1896 1857">
     <span class='ocr_line' id='line_1_94' title="bbox 1075 1817 1896 1857; baseline -0.004 -11"><span class='ocrx_word' id='word_1_592' title='bbox 1075 1819 1119 1847; x_wconf 84' lang='grc' dir='ltr'><strong>καὶ</strong></span> <span class='ocrx_word' id='word_1_593' title='bbox 1135 1819 1148 1847; x_wconf 85' lang='grc' dir='ltr'><strong>ὃ</strong></span> <span class='ocrx_word' id='word_1_594' title='bbox 1163 1820 1268 1850; x_wconf 75' lang='grc' dir='ltr'>πάντως</span> <span class='ocrx_word' id='word_1_595' title='bbox 1284 1818 1434 1856; x_wconf 74' lang='grc' dir='ltr'>ἄμεμπτον,</span> <span class='ocrx_word' id='word_1_596' title='bbox 1451 1819 1495 1846; x_wconf 84' lang='grc' dir='ltr'><strong>καὶ</strong></span> <span class='ocrx_word' id='word_1_597' title='bbox 1510 1818 1690 1857; x_wconf 79' lang='grc' dir='ltr'>ἀπρόσκοπον,</span> <span class='ocrx_word' id='word_1_598' title='bbox 1701 1817 1745 1845; x_wconf 84' lang='grc' dir='ltr'><strong>καὶ</strong></span> <span class='ocrx_word' id='word_1_599' title='bbox 1761 1818 1827 1856; x_wconf 82' lang='grc' dir='ltr'>πρὸς</span> <span class='ocrx_word' id='word_1_600' title='bbox 1836 1817 1896 1844; x_wconf 72' lang='grc' dir='ltr'>Θεὸν</span> 
     </span>
    </p>
   </div>
   <div class='ocr_carea' id='block_1_95' title="bbox 1077 1860 1896 1903">
    <p class='ocr_par' dir='ltr' id='par_1_95' title="bbox 1077 1860 1896 1903">
     <span class='ocr_line' id='line_1_95' title="bbox 1077 1860 1896 1903; baseline -0.005 -12"><span class='ocrx_word' id='word_1_601' title='bbox 1077 1864 1166 1901; x_wconf 73' lang='grc' dir='ltr'>αὐτὸν,</span> <span class='ocrx_word' id='word_1_602' title='bbox 1183 1864 1226 1891; x_wconf 89' lang='grc' dir='ltr'><strong>καὶ</strong></span> <span class='ocrx_word' id='word_1_603' title='bbox 1242 1864 1306 1903; x_wconf 81' lang='grc' dir='ltr'>πρὸς</span> <span class='ocrx_word' id='word_1_604' title='bbox 1322 1863 1382 1894; x_wconf 72' lang='grc' dir='ltr'>τοὺς</span> <span class='ocrx_word' id='word_1_605' title='bbox 1397 1863 1481 1902; x_wconf 77' lang='grc' dir='ltr'>ἱεροὺς</span> <span class='ocrx_word' id='word_1_606' title='bbox 1496 1862 1608 1894; x_wconf 84' lang='grc' dir='ltr'>κανόνας</span> <span class='ocrx_word' id='word_1_607' title='bbox 1624 1860 1776 1901; x_wconf 76' lang='grc' dir='ltr'>ὂιαφυλόξοι</span> <span class='ocrx_word' id='word_1_608' title='bbox 1792 1862 1810 1895; x_wconf 79' lang='grc' dir='ltr'><strong>ἡ</strong></span> <span class='ocrx_word' id='word_1_609' title='bbox 1821 1862 1896 1899; x_wconf 81' lang='grc' dir='ltr'>βασι-</span> 
     </span>
    </p>
   </div>
   <div class='ocr_carea' id='block_1_96' title="bbox 1076 1907 1204 1938">
    <p class='ocr_par' dir='ltr' id='par_1_96' title="bbox 1076 1907 1204 1938">
     <span class='ocr_line' id='line_1_96' title="bbox 1076 1907 1204 1938; baseline 0.008 -3"><span class='ocrx_word' id='word_1_610' title='bbox 1076 1907 1134 1935; x_wconf 80' lang='grc' dir='ltr'>λεία</span> <span class='ocrx_word' id='word_1_611' title='bbox 1147 1919 1204 1938; x_wconf 87' lang='grc' dir='ltr'>σου.</span> 
     </span>
    </p>
   </div>
   <div class='ocr_carea' id='block_1_97' title="bbox 1422 2050 1546 2078">
    <p class='ocr_par' dir='ltr' id='par_1_97' title="bbox 1422 2050 1546 2078">
     <span class='ocr_line' id='line_1_97' title="bbox 1422 2050 1546 2078; baseline 0.016 -2"><span class='ocrx_word' id='word_1_612' title='bbox 1422 2050 1546 2078; x_wconf 78' lang='grc' dir='ltr'><strong>ΛΟΥΚΑ.</strong></span> 
     </span>
    </p>
   </div>
   <div class='ocr_carea' id='block_1_98' title="bbox 1078 2108 1893 2150">
    <p class='ocr_par' dir='ltr' id='par_1_98' title="bbox 1078 2108 1893 2150">
     <span class='ocr_line' id='line_1_98' title="bbox 1078 2108 1893 2150; baseline -0.002 -12"><span class='ocrx_word' id='word_1_613' title='bbox 1078 2121 1089 2138; x_wconf 79' lang='grc' dir='ltr'><strong>ιι</strong></span> <span class='ocrx_word' id='word_1_614' title='bbox 1121 2111 1182 2150; x_wconf 85' lang='grc' dir='ltr'>Περὶ</span> <span class='ocrx_word' id='word_1_615' title='bbox 1209 2115 1256 2140; x_wconf 81' lang='grc' dir='ltr'><strong>τοῦ</strong></span> <span class='ocrx_word' id='word_1_616' title='bbox 1291 2111 1330 2148; x_wconf 78' lang='grc' dir='ltr'><strong>μὴ</strong></span> <span class='ocrx_word' id='word_1_617' title='bbox 1365 2110 1560 2150; x_wconf 68' lang='grc' dir='ltr'>ὰιραρπάζεσθαι</span> <span class='ocrx_word' id='word_1_618' title='bbox 1590 2110 1650 2142; x_wconf 80' lang='grc' dir='ltr'>τοὺς</span> <span class='ocrx_word' id='word_1_619' title='bbox 1686 2109 1830 2150; x_wconf 79' lang='grc' dir='ltr'>κληρικοὺς</span> <span class='ocrx_word' id='word_1_620' title='bbox 1864 2108 1893 2136; x_wconf 76' lang='grc' dir='ltr'><strong>τὰ</strong></span> 
     </span>
    </p>
   </div>
   <div class='ocr_carea' id='block_1_99' title="bbox 1113 2149 1893 2187">
    <p class='ocr_par' dir='ltr' id='par_1_99' title="bbox 1113 2149 1893 2187">
     <span class='ocr_line' id='line_1_99' title="bbox 1113 2149 1893 2187; baseline -0.003 -9"><span class='ocrx_word' id='word_1_621' title='bbox 1113 2157 1174 2182; x_wconf 71' lang='grc' dir='ltr'>ταῖς</span> <span class='ocrx_word' id='word_1_622' title='bbox 1235 2149 1398 2187; x_wconf 72' lang='grc' dir='ltr'>ἐκκληαίαις,</span> <span class='ocrx_word' id='word_1_623' title='bbox 1455 2149 1473 2184; x_wconf 77' lang='grc' dir='ltr'>ἢ</span> <span class='ocrx_word' id='word_1_624' title='bbox 1529 2149 1684 2182; x_wconf 79' lang='grc' dir='ltr'>ἐπισκόποις</span> <span class='ocrx_word' id='word_1_625' title='bbox 1739 2149 1893 2178; x_wconf 66' lang='grc' dir='ltr'>-Ωλευτῶσιν</span> 
     </span>
    </p>
   </div>
   <div class='ocr_carea' id='block_1_100' title="bbox 1115 2191 1294 2226">
    <p class='ocr_par' dir='ltr' id='par_1_100' title="bbox 1115 2191 1294 2226">
     <span class='ocr_line' id='line_1_100' title="bbox 1115 2191 1294 2226; baseline 0.011 -8"><span class='ocrx_word' id='word_1_626' title='bbox 1115 2191 1244 2226; x_wconf 80' lang='grc' dir='ltr'>ἀνήκοντα</span> <span class='ocrx_word' id='word_1_627' title='bbox 1250 2215 1256 2221; x_wconf 93' lang='grc'>.</span> <span class='ocrx_word' id='word_1_628' title='bbox 1281 2201 1294 2220; x_wconf 74' lang='grc' dir='ltr'><strong><em>ι</em></strong></span> 
     </span>
    </p>
   </div>
   <div class='ocr_carea' id='block_1_101' title="bbox 1115 2243 1892 2288">
    <p class='ocr_par' dir='ltr' id='par_1_101' title="bbox 1115 2243 1892 2288">
     <span class='ocr_line' id='line_1_101' title="bbox 1115 2243 1892 2288; baseline -0.003 -12"><span class='ocrx_word' id='word_1_629' title='bbox 1115 2249 1183 2282; x_wconf 81' lang='grc' dir='ltr'>Μηνὶ</span> <span class='ocrx_word' id='word_1_630' title='bbox 1219 2250 1325 2287; x_wconf 75' lang='grc' dir='ltr'>Ματρίῳ</span> <span class='ocrx_word' id='word_1_631' title='bbox 1361 2243 1391 2283; x_wconf 67' lang='grc' dir='ltr'>ι’,</span> <span class='ocrx_word' id='word_1_632' title='bbox 1427 2248 1513 2288; x_wconf 72' lang='grc' dir='ltr'>ἡμέρᾳ</span> <span class='ocrx_word' id='word_1_633' title='bbox 1536 2243 1573 2286; x_wconf 76' lang='grc' dir='ltr'><strong>β’,</strong></span> <span class='ocrx_word' id='word_1_634' title='bbox 1611 2248 1825 2288; x_wconf 74' lang='grc' dir='ltr'>προκαθημένου,</span> <span class='ocrx_word' id='word_1_635' title='bbox 1852 2251 1892 2274; x_wconf 73' lang='grc' dir='ltr'>τοῦ</span> 
     </span>
    </p>
   </div>
   <div class='ocr_carea' id='block_1_102' title="bbox 1074 2291 1891 2333">
    <p class='ocr_par' dir='ltr' id='par_1_102' title="bbox 1074 2291 1891 2333">
     <span class='ocr_line' id='line_1_102' title="bbox 1074 2291 1891 2333; baseline -0.004 -12"><span class='ocrx_word' id='word_1_636' title='bbox 1074 2293 1220 2333; x_wconf 68' lang='grc' dir='ltr'>ἀγιωτάτου</span> <span class='ocrx_word' id='word_1_637' title='bbox 1235 2295 1311 2331; x_wconf 80' lang='grc' dir='ltr'>ἡμῶν</span> <span class='ocrx_word' id='word_1_638' title='bbox 1339 2293 1466 2322; x_wconf 76' lang='grc' dir='ltr'>δεσπότου</span> <span class='ocrx_word' id='word_1_639' title='bbox 1493 2293 1536 2321; x_wconf 84' lang='grc' dir='ltr'><strong>καὶ</strong></span> <span class='ocrx_word' id='word_1_640' title='bbox 1558 2293 1739 2330; x_wconf 79' lang='grc' dir='ltr'>οἷκουμενικοῦ</span> <span class='ocrx_word' id='word_1_641' title='bbox 1766 2291 1891 2330; x_wconf 79' lang='grc' dir='ltr'>πατριάρ-</span> 
     </span>
    </p>
   </div>
   <div class='ocr_carea' id='block_1_103' title="bbox 1073 2336 1891 2378">
    <p class='ocr_par' dir='ltr' id='par_1_103' title="bbox 1073 2336 1891 2378">
     <span class='ocr_line' id='line_1_103' title="bbox 1073 2336 1891 2378; baseline -0.006 -11"><span class='ocrx_word' id='word_1_642' title='bbox 1073 2350 1126 2378; x_wconf 83' lang='grc' dir='ltr'><strong>χου</strong></span> <span class='ocrx_word' id='word_1_643' title='bbox 1153 2338 1230 2377; x_wconf 79' lang='grc' dir='ltr'><strong>κυροῦ</strong></span> <span class='ocrx_word' id='word_1_644' title='bbox 1258 2341 1355 2374; x_wconf 77' lang='grc' dir='ltr'>Λουκᾶ,</span> <span class='ocrx_word' id='word_1_645' title='bbox 1385 2338 1411 2366; x_wconf 82' lang='grc' dir='ltr'>ἐν</span> <span class='ocrx_word' id='word_1_646' title='bbox 1439 2345 1496 2369; x_wconf 72' lang='grc' dir='ltr'>τοῖς</span> <span class='ocrx_word' id='word_1_647' title='bbox 1527 2336 1622 2370; x_wconf 72' lang='grc' dir='ltr'>δεξιοῖς</span> <span class='ocrx_word' id='word_1_648' title='bbox 1644 2337 1810 2370; x_wconf 78' lang='grc' dir='ltr'>Ἀλεξιακοῒς</span> <span class='ocrx_word' id='word_1_649' title='bbox 1829 2346 1891 2363; x_wconf 81' lang='grc' dir='ltr'>κατ-</span> 
     </span>
    </p>
   </div>
   <div class='ocr_carea' id='block_1_104' title="bbox 1073 2381 1890 2422">
    <p class='ocr_par' dir='ltr' id='par_1_104' title="bbox 1073 2381 1890 2422">
     <span class='ocr_line' id='line_1_104' title="bbox 1073 2381 1890 2422; baseline -0.002 -12"><span class='ocrx_word' id='word_1_650' title='bbox 1073 2382 1257 2422; x_wconf 82' lang='grc' dir='ltr'>ηχουμενίοις,</span> <span class='ocrx_word' id='word_1_651' title='bbox 1288 2381 1502 2421; x_wconf 74' lang='grc' dir='ltr'>συνεδριαζόντων</span> <span class='ocrx_word' id='word_1_652' title='bbox 1538 2384 1573 2419; x_wconf 80' lang='grc' dir='ltr'><strong>τῇ</strong></span> <span class='ocrx_word' id='word_1_653' title='bbox 1614 2381 1719 2420; x_wconf 73' lang='grc' dir='ltr'>μεγάλῃ</span> <span class='ocrx_word' id='word_1_654' title='bbox 1761 2381 1890 2420; x_wconf 78' lang='grc' dir='ltr'>ἁγιωσύνῃ</span> 
     </span>
    </p>
   </div>
   <div class='ocr_carea' id='block_1_105' title="bbox 1073 2426 1891 2466">
    <p class='ocr_par' dir='ltr' id='par_1_105' title="bbox 1073 2426 1891 2466">
     <span class='ocr_line' id='line_1_105' title="bbox 1073 2426 1891 2466; baseline -0.005 -11"><span class='ocrx_word' id='word_1_655' title='bbox 1073 2430 1149 2457; x_wconf 66' lang='grc' dir='ltr'>αὐτοῦ</span> <span class='ocrx_word' id='word_1_656' title='bbox 1192 2427 1338 2466; x_wconf 72' lang='grc' dir='ltr'>ίερωτάτων</span> <span class='ocrx_word' id='word_1_657' title='bbox 1378 2426 1537 2465; x_wconf 74' lang='grc' dir='ltr'>ἀρχιερέων,</span> <span class='ocrx_word' id='word_1_658' title='bbox 1579 2429 1626 2454; x_wconf 74' lang='grc' dir='ltr'>τοῦ</span> <span class='ocrx_word' id='word_1_659' title='bbox 1655 2426 1821 2465; x_wconf 78' lang='grc' dir='ltr'>Καισαρείας,</span> <span class='ocrx_word' id='word_1_660' title='bbox 1849 2427 1891 2451; x_wconf 75' lang='grc' dir='ltr'>τοῦ</span> 
     </span>
    </p>
   </div>
   <div class='ocr_carea' id='block_1_106' title="bbox 1076 2468 1888 2511">
    <p class='ocr_par' dir='ltr' id='par_1_106' title="bbox 1076 2468 1888 2511">
     <span class='ocr_line' id='line_1_106' title="bbox 1076 2468 1888 2511; baseline -0.006 -11"><span class='ocrx_word' id='word_1_661' title='bbox 1076 2468 1242 2511; x_wconf 72' lang='grc' dir='ltr'>Ἡρακλείας,</span> <span class='ocrx_word' id='word_1_662' title='bbox 1281 2472 1326 2499; x_wconf 74' lang='grc' dir='ltr'>τοῦ</span> <span class='ocrx_word' id='word_1_663' title='bbox 1364 2471 1518 2508; x_wconf 80' lang='grc' dir='ltr'>’Λμασείας,</span> <span class='ocrx_word' id='word_1_664' title='bbox 1560 2475 1606 2500; x_wconf 84' lang='grc' dir='ltr'>τοῦ</span> <span class='ocrx_word' id='word_1_665' title='bbox 1651 2469 1814 2504; x_wconf 72' lang='grc' dir='ltr'>Μελιτηνῆς,</span> <span class='ocrx_word' id='word_1_666' title='bbox 1847 2471 1888 2495; x_wconf 75' lang='grc' dir='ltr'>τοῦ</span> 
     </span>
    </p>
   </div>
   <div class='ocr_carea' id='block_1_107' title="bbox 1074 2515 1889 2555">
    <p class='ocr_par' dir='ltr' id='par_1_107' title="bbox 1074 2515 1889 2555">
     <span class='ocr_line' id='line_1_107' title="bbox 1074 2515 1889 2555; baseline -0.005 -10"><span class='ocrx_word' id='word_1_667' title='bbox 1074 2517 1281 2553; x_wconf 80' lang='grc' dir='ltr'>Θεσσαλονίκης,</span> <span class='ocrx_word' id='word_1_668' title='bbox 1317 2518 1362 2544; x_wconf 82' lang='grc' dir='ltr'>τοῦ</span> <span class='ocrx_word' id='word_1_669' title='bbox 1392 2515 1605 2555; x_wconf 81' lang='grc' dir='ltr'>Νεοκαισαρείας,</span> <span class='ocrx_word' id='word_1_670' title='bbox 1633 2517 1679 2542; x_wconf 78' lang='grc' dir='ltr'>τοῦ</span> <span class='ocrx_word' id='word_1_671' title='bbox 1716 2516 1820 2554; x_wconf 79' lang='grc' dir='ltr'>Μύρων,</span> <span class='ocrx_word' id='word_1_672' title='bbox 1848 2517 1889 2540; x_wconf 77' lang='grc' dir='ltr'>τοῦ</span> 
     </span>
    </p>
   </div>
   <div class='ocr_carea' id='block_1_108' title="bbox 1074 2558 1888 2600">
    <p class='ocr_par' dir='ltr' id='par_1_108' title="bbox 1074 2558 1888 2600">
     <span class='ocr_line' id='line_1_108' title="bbox 1074 2558 1888 2600; baseline -0.002 -11"><span class='ocrx_word' id='word_1_673' title='bbox 1074 2565 1226 2596; x_wconf 79' lang='grc' dir='ltr'>Μωκισσοῡ,</span> <span class='ocrx_word' id='word_1_674' title='bbox 1258 2566 1303 2590; x_wconf 81' lang='grc' dir='ltr'>τοῦ</span> <span class='ocrx_word' id='word_1_675' title='bbox 1338 2561 1457 2600; x_wconf 71' lang='grc' dir='ltr'>Κρήτης,</span> <span class='ocrx_word' id='word_1_676' title='bbox 1493 2563 1539 2588; x_wconf 78' lang='grc' dir='ltr'>τοὺ</span> <span class='ocrx_word' id='word_1_677' title='bbox 1567 2558 1815 2599; x_wconf 76' lang='grc' dir='ltr'>Τραϊανουπόλεως,</span> <span class='ocrx_word' id='word_1_678' title='bbox 1847 2569 1888 2586; x_wconf 75' lang='grc' dir='ltr'><strong>του</strong></span> 
     </span>
    </p>
   </div>
   <div class='ocr_carea' id='block_1_109' title="bbox 1074 2602 1888 2646">
    <p class='ocr_par' dir='ltr' id='par_1_109' title="bbox 1074 2602 1888 2646">
     <span class='ocr_line' id='line_1_109' title="bbox 1074 2602 1888 2646; baseline -0.005 -12"><span class='ocrx_word' id='word_1_679' title='bbox 1074 2602 1256 2646; x_wconf 74' lang='grc' dir='ltr'>Ἱεραπόλεως,</span> <span class='ocrx_word' id='word_1_680' title='bbox 1284 2608 1328 2633; x_wconf 78' lang='grc' dir='ltr'><strong>τοῦ</strong></span> <span class='ocrx_word' id='word_1_681' title='bbox 1357 2604 1448 2640; x_wconf 78' lang='grc' dir='ltr'>Αἴνου,</span> <span class='ocrx_word' id='word_1_682' title='bbox 1478 2607 1524 2633; x_wconf 79' lang='grc' dir='ltr'>τοῦ</span> <span class='ocrx_word' id='word_1_683' title='bbox 1547 2605 1682 2643; x_wconf 82' lang='grc' dir='ltr'>Δρίστρας,</span> <span class='ocrx_word' id='word_1_684' title='bbox 1706 2603 1752 2631; x_wconf 82' lang='grc' dir='ltr'>τοῦ</span> <span class='ocrx_word' id='word_1_685' title='bbox 1780 2607 1888 2639; x_wconf 75' lang='grc' dir='ltr'>Ναζιαν-</span> 
     </span>
    </p>
   </div>
   <div class='ocr_carea' id='block_1_110' title="bbox 1071 2646 1890 2691">
    <p class='ocr_par' dir='ltr' id='par_1_110' title="bbox 1071 2646 1890 2691">
     <span class='ocr_line' id='line_1_110' title="bbox 1071 2646 1890 2691; baseline -0.006 -13"><span class='ocrx_word' id='word_1_686' title='bbox 1071 2654 1127 2691; x_wconf 83' lang='grc' dir='ltr'>ζοῦ,</span> <span class='ocrx_word' id='word_1_687' title='bbox 1151 2651 1197 2678; x_wconf 71' lang='grc' dir='ltr'>τοῦ</span> <span class='ocrx_word' id='word_1_688' title='bbox 1218 2649 1337 2678; x_wconf 78' lang='grc' dir='ltr'>Ἀϐύδου¹</span> <span class='ocrx_word' id='word_1_689' title='bbox 1368 2653 1413 2678; x_wconf 79' lang='grc' dir='ltr'>τοῦ</span> <span class='ocrx_word' id='word_1_690' title='bbox 1441 2648 1572 2688; x_wconf 72' lang='grc' dir='ltr'>Μιλήτου,</span> <span class='ocrx_word' id='word_1_691' title='bbox 1594 2649 1641 2677; x_wconf 74' lang='grc' dir='ltr'>τοῦ</span> <span class='ocrx_word' id='word_1_692' title='bbox 1663 2646 1821 2687; x_wconf 77' lang='grc' dir='ltr'>Σηλυϐρίας,</span> <span class='ocrx_word' id='word_1_693' title='bbox 1849 2647 1890 2674; x_wconf 69' lang='grc' dir='ltr'>τοῦ</span> 
     </span>
    </p>
   </div>
   <div class='ocr_carea' id='block_1_111' title="bbox 980 2729 1106 2763">
    <p class='ocr_par' dir='ltr' id='par_1_111' title="bbox 980 2729 1106 2763">
     <span class='ocr_line' id='line_1_111' title="bbox 980 2729 1106 2763; baseline 0.008 -1"><span class='ocrx_word' id='word_1_694' title='bbox 980 2729 1106 2763; x_wconf 69' lang='lat' dir='ltr'><strong>NOTAE.</strong></span> 
     </span>
    </p>
   </div>
   <div class='ocr_carea' id='block_1_112' title="bbox 241 2794 1621 2844">
    <p class='ocr_par' dir='ltr' id='par_1_112' title="bbox 241 2794 1621 2844">
     <span class='ocr_line' id='line_1_112' title="bbox 241 2794 1621 2844; baseline -0.007 -9"><span class='ocrx_word' id='word_1_695' title='bbox 241 2803 306 2844; x_wconf 77' lang='lat'><strong>(25)</strong></span> <span class='ocrx_word' id='word_1_696' title='bbox 320 2800 521 2843; x_wconf 75' lang='lat' dir='ltr'><strong>Cognomeuto</strong></span> <span class='ocrx_word' id='word_1_697' title='bbox 539 2799 773 2840; x_wconf 74' lang='lat' dir='ltr'><strong>Chrysobergis,</strong></span> <span class='ocrx_word' id='word_1_698' title='bbox 790 2798 827 2830; x_wconf 89' lang='lat' dir='ltr'><strong>de</strong></span> <span class='ocrx_word' id='word_1_699' title='bbox 845 2798 930 2840; x_wconf 86' lang='lat' dir='ltr'><strong>cujus</strong></span> <span class='ocrx_word' id='word_1_700' title='bbox 946 2801 1032 2830; x_wconf 56' lang='lat' dir='ltr'><strong>astate</strong></span> <span class='ocrx_word' id='word_1_701' title='bbox 1047 2796 1103 2833; x_wconf 87' lang='lat' dir='ltr'><strong>lib.</strong></span> <span class='ocrx_word' id='word_1_702' title='bbox 1117 2795 1306 2838; x_wconf 66' lang='lat' dir='ltr'><strong>praecedente</strong></span> <span class='ocrx_word' id='word_1_703' title='bbox 1319 2794 1430 2827; x_wconf 88' lang='lat' dir='ltr'><strong>dictum</strong></span> <span class='ocrx_word' id='word_1_704' title='bbox 1447 2794 1517 2836; x_wconf 82' lang='grc' dir='ltr'><strong>(σοι.</strong></span> <span class='ocrx_word' id='word_1_705' title='bbox 1533 2794 1621 2835; x_wconf 84' lang='lat'><strong>769).</strong></span> 
     </span>
    </p>
   </div>
  </div>
