1942 3081
86 105 145 140 885

86 211 195 258 ἰἋττρω,
212 221 258 246 τοῦ
275 219 369 258 Νίκης,
387 222 432 247 τοῦ
455 220 573 255 ΓοτΘίας,
603 222 648 247 τοῦ
676 218 839 258 Ματράχων,
864 220 911 248 τοῦ

83 261 315 302 Σωγδοφούλλων,
339 265 382 291 καὶ
396 265 439 291 τοῖ
455 264 506 291 τῶν
524 258 665 303 Ἡρακλέος
683 271 690 279 ’
707 263 908 302 παρισταμένων

81 307 131 348 καὶ.
146 306 355 346 θεοφιλεστάτων
370 307 532 336 ὃεσποτικῶν
553 308 706 348 ἀρχόντων.

124 346 152 380 Ι0
194 352 334 390 ίερώτατος
372 346 606 392 ἀρχιεπίσκοποςη
625 355 674 386 τῆς
715 352 905 392 μηιροπόλεως

82 395 278 430 Θεσσαλονίκης
299 402 497 428 Κωνσταντῖνος
525 398 692 437 περιηχήθη,
719 396 759 425 ὅτι
794 398 826 425 τὰ
855 401 904 432 τῆς

79 439 219 479 λαχούσης
263 442 341 470 αὐτὸν
378 441 570 480 μητροπόλεως
606 441 716 481 διάφορα
749 441 903 482 πράγματα,

79 485 132 524 αδχ
160 485 240 518 ἧττον
269 484 295 513 δὲ
323 487 366 514 καὶ
394 487 426 514 τὰ
460 486 500 524 τῷ
536 487 586 525 πρὸ
614 488 693 515 αὐτοῦ
721 486 904 525 μητροπολίτῃ

78 528 223 565 ἀνήκοντα,
257 529 415 570 ἆφήρπασάν
444 541 512 563 τινες
540 531 593 558 τνῦν
625 529 670 558 ὑπ’
700 531 779 559 αὑτὸν
809 530 904 570 κληρι-

77 576 144 604 κῶν.
162 574 213 603 Καὶ
240 573 318 613 ἤρετο
346 574 486 608 συνοδικῶς
516 575 720 614 προκαθημένης
751 577 799 608 τῆς
827 576 904 612 ἡμῶν

78 619 265 658 μετριότητος,
296 619 320 647 τί
353 618 401 659 Ξίρα
431 618 522 657 μέλλει
559 619 739 658 διαπράξεσθαι
777 619 820 648 ἐπὶ
848 627 905 653 τοῖς

79 662 151 690 οὕτω
180 662 338 702 παραλόγως
379 665 415 695 εἷς
450 664 500 697 τὴν
531 664 656 697 τοιαύτην
690 663 781 699 πρᾶξιν
818 664 904 697 ἐξενε-

78 708 179 746 χθεῖσι.
201 707 253 736 Καὶ
267 707 390 745 ἤκουσεν,
413 711 450 740 ὡς
472 709 529 737 ἐπεὶ
558 709 609 736 ἐπὸ
636 707 767 748 διαφόρων
789 709 906 737 κανόνων

77 752 122 778 καὶ
135 751 236 791 νόμων,
252 753 288 779 ὧν
303 753 346 780 καὶ
371 754 385 780 ὁ
412 753 491 792 λόγος
507 752 650 792 κατωτέρω
671 753 867 791 μνησθήσεται,
883 753 906 781 οἱ

763 106 1114 140 GR/ECO-ROMANUM

84 173 190 215 _B_t§tim,
213 179 262 204 τοῦ
283 174 447 214 Μαρωνείας,
471 176 516 202 τοῦ
547 174 655 214 Παρίου,
691 175 738 202 τοῦ
766 175 839 215 Κίου,
868 172 1237 215 τοῦΛδυεόοριιυιιοηιηι,
1266 178 1340 205 et'”
1359 175 1496 208 Herculis
1529 186 1534 207 2

1720 111 1779 144 886

1566 177 1733 209 astantibus
1748 181 1778 210 et

952 218 1184 258 religiosissimis
1196 219 1354 250 dominicis
1367 221 1585 260 magistratibus
1597 228 1619 253 γ.

989 349 1202 382 ὃδῐιόίίεείηιυε
1213 352 1456 393 archiepiscopus
1466 355 1638 394 metropolis
1648 354 1772 386 Thessa-

948 394 1108 426 lonicensis
1124 395 1335 427 Constantinus
1348 397 1471 436 indigne
1485 407 1517 428 se
1528 398 1606 429 ferre
1617 398 1773 437 clamabat,

947 439 1024 478 quod
1038 439 1169 471 diversas
1191 441 1364 480 metropolis
1380 450 1442 471 sua;
1460 441 1685 483 res,itidemque
1702 453 1772 483 per-

947 484 1076 515 tinentes
1085 484 1120 514 ad
1134 484 1393 524 metropolitanum
1407 485 1598 516 decessorem
1609 487 1774 526 suum,cle-

948 527 1000 558 rici
1017 528 1135 568 quidam
1151 528 1206 559 sibi
1233 529 1346 560 subditi
1372 529 1578 570 diripuissent.
1595 530 1630 562 Et
1645 531 1774 563 interro-

947 571 1032 610 gabat
1048 572 1077 603 in
1095 573 1223 613 synodo,
1241 574 1417 614 praesidente
1441 575 1648 606 mediocritate
1662 580 1774 614 nostra,

947 616 1016 656 quid
1030 617 1176 656 agendum
1193 622 1271 648 esset
1295 619 1324 648 in
1355 627 1417 658 eos,
1433 619 1483 659 qui
1513 623 1571 650 tam
1587 620 1724 660 nequiter
1738 622 1775 651 ad

950 661 1014 701 ejus
1030 661 1110 692 modi
1137 662 1250 692 facinus
1274 662 1503 695 exorbitassent.
1531 665 1718 704 Responsum
1731 669 1776 696 est

949 705 1038 746 quod,
1056 715 1123 736 cum
1139 716 1173 736 ex
1189 706 1314 737 diversis
1329 707 1496 738 canonibus
1508 712 1536 738 et
1551 708 1678 748 legibus,
1696 719 1773 749 qua-

949 759 1013 780 rum
1026 750 1149 781 inferius
1163 751 1192 781 in
1211 751 1266 782 hoc
1281 751 1391 792 scripto
1407 753 1456 782 lict
1479 753 1676 790 mentio,talia
1690 763 1775 784 com-

77 799 189 824 τοιαῦτα
203 797 359 836 πράττοντες
381 798 495 829 εὐθύναις
525 797 721 837 προσηκούσαις
739 798 900 834 ὑπόκεινται,

983 793 1101 826 ittentes
1110 795 1355 826 convenientibus
1367 796 1462 836 poenis
1473 796 1592 828 obnoxii
1601 797 1672 833 sint;
1686 798 1773 829 etiam

78 841 124 867 καὶ
140 841 164 868 οἱ
179 843 228 873 τῆς
244 839 304 869 κατ’
327 842 405 870 αὺτὸν
427 841 593 875 Ἐκκλησίας
617 841 749 881 κληρικοὶ,
767 842 834 879 μετὰ
846 841 900 874 ἒξὲ-

983 840 1221 870 Iessalonicensis
1249 839 1390 871 Ecclesia:
1405 840 1518 877 clerici,
1536 846 1672 872 accurato
1690 841 1772 882 prius

78 895 156 912 τασιν
171 884 276 924 ἀκριϐῆ,
305 886 348 914 καὶ
373 888 422 919 τῆς
451 886 574 920 ἀληθείας
604 885 756 926 διάγνωσιν,
771 888 900 918 τοιυύταις

984 883 1083 913 amine
1111 883 1222 920 habito,
1253 890 1282 915 et
1310 884 1433 915 veritate
1455 885 1582 924 cognita,
1610 885 1635 916 si
1664 885 1773 917 talibus

77 928 201 967 πράξεσιν
217 930 417 968 εὖρεθησόμενοι
432 930 536 970 ἔνοχοι,
559 931 626 959 κατὰ
651 931 698 964 τὴν
713 932 766 959 τῶν
780 932 900 960 τοιούτων

983 927 1127 958 :inoribus
1158 927 1277 958 obnoxii
1306 928 1505 975 reperiantur.
1525 934 1611 969 prout
1626 930 1773 969 ejusmodi

75 973 167 1010 νόμων
189 975 233 1002 καὶ
254 974 371 1003 κανόνων
399 975 554 1014 περίληψιν,
580 976 787 1010 εὗθανθήσονται.
820 977 849 1005 ΟΣ
877 975 900 1003 δὲ

983 972 1060 1011 gibus
1086 977 1114 1002 et
1137 972 1301 1003 canonibus
1329 972 1528 1012 coh'ineatur,
1555 974 1599 1005 rei
1617 974 1775 1014 paragendi

74 1017 187 1050 κανόνες
208 1019 252 1046 καὶ
269 1020 291 1047 οἳ
307 1019 392 1057 νόμοι,
409 1021 432 1048 οἱ
447 1020 506 1052 τοὺς
521 1024 629 1049 τοιαῦτα
651 1020 811 1059 πράττοντας
828 1021 900 1048 εὐθύ-

983 1021 1006 1046 it
1017 1027 1024 1054 ;
1036 1026 1182 1047 canonum
1197 1017 1556 1058 vero,etlegum,quarum
1564 1028 1666 1058 poenas
1676 1019 1778 1050 incur-

75 1073 179 1100 νοντες,
196 1062 304 1103 ἔχουσιν
323 1063 406 1096 οὕτως
428 1072 436 1080 ⁸

119 1152 212 1180 Κανὼν
233 1147 275 1190 οβ’
294 1153 348 1180 τῶτ
363 1152 444 1191 ἁγίων
459 1152 614 1181 ἀποστόλων
634 1162 640 1168 ·
669 1152 701 1181 Εἴ
722 1164 763 1185 τις
777 1152 903 1193 κληρικὸς

73 1195 92 1229 ἢ
107 1195 204 1228 λα’ίκὸς
219 1196 272 1224 ἀπὸ
285 1199 336 1229 τῆς
351 1197 427 1235 ἁγίας
453 1197 593 1231 ἐκκλησίας
616 1197 745 1236 ἀφέληται
773 1199 855 1236 κηρὸν
884 1198 902 1232 ἣ

74 1239 176 1276 ἔλαιον,
198 1240 359 1280 ἆφοριζέσθω
376 1249 383 1256 '
414 1242 458 1270 καὶ
487 1243 517 1270 τὸ
539 1242 702 1279 ὶπίπεμπτον
726 1242 902 1281 προπιθέσθω

73 1283 135 1322 μεθ⁹
151 1285 182 1312 οὗ
195 1284 298 1314 ἔλαϐεν.

116 1331 173 1362 Τῆς
199 1329 226 1356 ἐν
248 1330 351 1370 Γάγγρα
381 1329 487 1360 συνόδου
509 1330 595 1358 κανὼν
608 1325 644 1365 ζ’.
663 1330 694 1358 Εἴ
716 1341 755 1362 τις
771 1331 817 1363 τὰς
839 1343 901 1371 καρ-

73 1373 205 1413 ποφορίας
240 1374 286 1406 τὰς
322 1374 544 1408 ἐκκλησιαστικας
579 1374 662 1403 ἐθέλοι
699 1374 852 1412 λαμϐάνειν,
882 1376 900 1410 ἢ

73 1417 175 1446 διδόναι
197 1418 248 1451 ’ἐξω
268 1421 317 1452 τῆς
345 1418 496 1456 ἐκκλησίας,
528 1419 599 1458 παρᾶ
626 1419 736 1458 γνώμην
765 1423 810 1448 τοῦ
837 1420 899 1448 ἔπι-

73 1463 189 1502 σκόπιιυ,
213 1463 230 1497 ἢ
251 1467 296 1492 τοῦ
332 1463 564 1503 ἐγκεχειρισμένα»
590 1464 622 1491 τὰ
648 1464 768 1500 τοιαύτα,
790 1465 833 1492 καὶ
861 1465 898 1502 μὴ

74 1507 143 1544 μετὰ
187 1507 296 1546 γνώμης
345 1508 424 1537 αὐτοῦ
472 1507 554 1536 ἐθέλοι
605 1507 738 1548 πράττειν,
783 1508 900 1547 ἀνάθεμα

73 1550 157 1581 ἔστω.

117 1597 172 1629 Τῆς
189 1595 216 1623 ἐν
232 1595 382 1629 Χαλκηδόνι
412 1595 517 1625 συνόδου
535 1596 623 1624 γανὼν
651 1591 679 1634 β’
696 1606 703 1613 '
732 1598 776 1630 Μὴ
805 1597 901 1630 ἐξεῖναι

74 1639 209 1679 κληρικῳ.
236 1641 303 1677 μετὰ
334 1640 445 1668 θάνατον
476 1645 522 1670 τοῦ
549 1639 613 1668 ἰδίου
642 1640 796 1679 ἐπισκόπου,
827 1641 902 1682 διαρ-

73 1685 168 1720 πάζειν
182 1685 215 1712 τὰ
229 1683 386 1724 διαφέροντα
409 1687 480 1723 αὐτῴ
503 1685 656 1725 πραγματα,
684 1687 770 1718 καθὼς
785 1687 828 1715 καὶ
843 1694 902 1720 τοῖς

74 1729 159 1758 πάλαι
187 1730 295 1758 κανόσιν
317 1729 508 1768 ἀπηγόρευται.
539 1720 568 1759 Ἦ
583 1731 644 1762 τοὺς
659 1734 735 1759 τοῦτο
750 1736 900 1770 ποιοῦντας,

73 1773 231 1802 κινδυνεύειν
246 1775 282 1807 εἷς
298 1775 358 1805 τοὺς
373 1774 450 1806 ἰδίους
466 1775 592 1812 βαθμούς.

115 1819 169 1852 Ti:
197 1818 224 1846 ἐν
262 1818 535 1860 Κωνσταντινουπόλει
564 1819 591 1847 ἐν
619 1823 657 1857 τῷ
693 1820 816 1860 Τρούλλῳ
856 1825 900 1849 τοῦ

73 1862 206 1891 παλατῖου
235 1862 341 1891 συνόδου
363 1863 449 1891 κανὼν
478 1858 538 1891 λε’·
571 1866 615 1897 Μῆ
644 1863 740 1896 ἐξέστω
774 1867 823 1893 τινὶ
847 1869 900 1894 τῶν

73 1907 292 1947 μητροπολιτῶν,
343 1907 518 1939 τελευτῶντος
565 1909 710 1937 επισκόπου
763 1909 899 1942 τελοῦντος

71 1952 125 1979 ὑπὸ
140 1953 184 1980 τὸν
213 1951 272 1979 κατ’
299 1951 378 1980 αὐτὸν
407 1951 509 1990 θρόνον,
541 1953 574 1980 τὰ
600 1954 678 1982 αὖτοῦ
704 1954 847 1993 πράγματα
882 1955 900 1988 ἢ

71 1998 124 2030 τῆς
160 1995 218 2024 κατ’
254 1997 330 2026 αὒτὸν
359 1995 535 2036 Ἐκκλησίας,
565 1997 734 2036 ἀφαιρεῖσθαι
762 1999 780 2032 ἢ
809 2009 900 2039 eam“.

72 2042 188 2080 ρίζεσθαι
205 2048 215 2059 '
245 2040 306 2068 ἀλλ’
323 2041 374 2069 ὑπὸ
396 2039 586 2080 παραφυλακὴν
609 2041 724 2070 ἔστωσαν
754 2043 799 2071 τοῦ
827 2043 898 2078 κλή-

71 2096 118 2124 ρου
132 2087 182 2118 τῆς
198 2083 372 2124 Ἐκκλησίας,
387 2095 421 2118 ης
449 2087 463 2113 ὁ
491 2086 650 2120 τελευτήσας
673 2086 801 2127 ἐτύγχανε
830 2089 897 2127 πρό-

70 2129 158 2167 εδρος,
181 2129 263 2169 μέχρι
278 2129 326 2163 τῆς
347 2129 436 2167 ἑτέρου
451 2129 596 2158 ἐπισκόπου
617 2129 750 2169 προϐολῆς
769 2139 775 2146 ·

72 2175 94 2202 εἰ
123 2175 162 2211 μὴ
184 2173 305 2213 κληρικοὶ
333 2173 360 2201 ἐν
389 2177 422 2212 τῇ
454 2173 580 2210 ἐκκλησίᾳ
610 2175 662 2214 οὐχ
689 2175 895 2216 ὑπελείφθησαν.

70 2222 222 2252 Τηνικαῦτα
263 2219 312 2257 γὰρ
354 2219 368 2246 ὁ
421 2218 619 2258 μητροπολίτης
671 2223 751 2248 ταῦτα
793 2220 898 2260 φυλάξει

70 2264 203 2300 ἆμείωτα,
240 2267 279 2300 τῷ
313 2263 596 2303 χειροτονηθησομένῳ
642 2263 779 2300 ἐπισκόπῳ
812 2265 898 2292 πάντα

70 2307 186 2339 ἁποδοῦς
191 2329 199 2336 .

113 2351 218 2381 Βιϐλίου
234 2347 268 2390 5',
281 2351 368 2384 τίτλος
391 2347 446 2390 με’,
463 2351 606 2391 κεφάλαιον
632 2346 670 2390 α’,
697 2353 820 2390 θεμάτιον
847 2348 874 2391 β’
890 2361 898 2370 ·

70 2398 109 2427 Τὸ
130 2396 156 2425 δὲ
180 2396 357 2429 πεκουλάτους
392 2404 505 2425 κινεῖται
532 2397 600 2424 κατὰ
621 2400 667 2424 τοῦ
688 2397 848 2437 ἀφελομένου
870 2397 900 2426 ἐκ

70 2442 124 2470 τῶν
139 2442 228 2481 ίεριῦν,
258 2441 276 2475 ἢ
305 2441 455 2481 μνημείων,
477 2441 495 2475 ἢ
526 2440 659 2478 δημοσίων
690 2442 850 2481 χρημάτων,
880 2442 898 2476 ἢ

72 2486 237 2526 στρέψαντος
253 2487 288 2526 εἷς
310 2485 374 2519 ἰδίας
390 2487 494 2526 χρείας.

115 2531 163 2560 Καὶ
184 2540 246 2570 κενρ.
262 2525 297 2567 δ’,
312 2535 359 2560 τοῦ
376 2530 453 2559 αὐτοῦ
473 2529 561 2558 τίτλου
581 2531 625 2558 καὶ
651 2528 751 2568 βιϐλίου
768 2539 775 2547 '
799 2534 842 2568 Τῷ
870 2529 897 2558 δὲ

72 2574 252 2607 πεκουλάτους
274 2575 421 2614 ὁπόκειται,
457 2575 500 2603 καὶ
528 2576 541 2602 ὁ
567 2575 634 2614 ἱερὰ,
667 2575 685 2608 ἢ
709 2574 738 2602 ἐκ
770 2575 898 2612 μνημείου

74 2620 204 2659 χρήματα
219 2617 374 2659 λαμϐάνων,
395 2618 413 2653 ἣ
429 2619 459 2647 τὸ
474 2618 588 2658 δωρηθὲν
604 2622 672 2656 Θεῷ.

946 1065 1015 1091 runt
1030 1060 1200 1101 hujusmodi
1217 1061 1383 1093 facinorum
1401 1066 1549 1099 auctores.
1568 1063 1630 1094 haec
1647 1067 1691 1094 est
1703 1072 1774 1094 sen-

947 1105 1048 1136 tentia.

986 1151 1085 1182 Canon
1101 1159 1181 1181 Lxxu
1212 1154 1381 1181 sanctorum
1410 1150 1612 1191 apostolorum
1631 1159 1638 1180 :
1655 1151 1686 1182 Si
1703 1151 1769 1192 quis

944 1195 1071 1226 clericus
1086 1199 1136 1225 aut
1163 1195 1254 1226 laicus
1279 1204 1312 1224 ex
1329 1199 1428 1226 sancta
1446 1194 1572 1225 ecclesia
1582 1204 1680 1226 ceram
1696 1195 1769 1227 abs-

945 1239 1056 1276 tulerit,
1074 1240 1117 1270 vel
1139 1240 1236 1270 oleum
1256 1243 1444 1279 segregator;
1462 1243 1491 1270 et
1508 1242 1613 1280 praeter
1630 1239 1674 1277 id,
1690 1241 1769 1280 quod

943 1283 1068 1324 accepit,
1088 1283 1322 1324 sesquiquintum
1339 1283 1471 1322 adjiciat.

984 1329 1083 1360 Canon
1100 1337 1138 1360 vn
1164 1327 1269 1368 synodi
1298 1327 1476 1366 Gangrensis
1494 1337 1500 1357 :
1520 1326 1551 1358 Si
1576 1327 1643 1368 quis
1657 1327 1772 1359 fructus

941 1372 1159 1404 ecclesiasticos
1169 1372 1307 1412 accipere
1322 1371 1458 1408 voluerit,
1472 1374 1521 1402 aut
1537 1371 1607 1402 dare
1619 1375 1700 1403 extra
1715 1381 1767 1404 ec-

941 1417 1074 1453 clesiam,
1093 1422 1199 1457 praeter
1214 1415 1391 1447 sententiam
1409 1415 1552 1456 episcopi,
1563 1416 1609 1446 vel
1625 1416 1701 1456 ejus,
1721 1417 1771 1457 qui

942 1461 1010 1492 talia
1026 1461 1186 1491 commi:sa
1197 1464 1336 1498 sunt,uec
1348 1467 1436 1499 agere
1449 1469 1515 1490 cum
1528 1459 1609 1490 illius
1619 1460 1768 1492 voluntate

943 1505 1012 1536 velit
1028 1515 1034 1536 :
1053 1506 1210 1536 anathema
1225 1505 1272 1536 sit.

983 1595 1084 1625 Canon
1100 1602 1120 1625 ιι
1136 1593 1244 1635 synodi
1260 1592 1591 1625 Chalcedonensis.Non
1608 1593 1695 1624 liceat
1709 1593 1772 1624 cle-

943 1639 1017 1677 rico,
1036 1644 1101 1680 post
1120 1643 1243 1670 mortem
1261 1638 1392 1678 episcopi
1407 1637 1462 1674 sui,
1480 1647 1528 1668 res
1544 1638 1579 1669 ad
1596 1646 1661 1668 eum
1679 1638 1773 1678 perti-

945 1687 1049 1714 nentes
1065 1683 1203 1724 deripere
1221 1692 1226 1714 :
1256 1682 1507 1723 quemadmodum
1530 1681 1636 1722 priscis
1656 1691 1772 1722 quoque

944 1728 1108 1758 canonibus
1120 1732 1164 1758 est
1179 1727 1372 1767 prohibitum.
1389 1725 1442 1756 Vel
1461 1726 1512 1766 qui
1523 1727 1578 1757 hoc
1593 1726 1716 1766 faciunt,
1733 1726 1771 1758 de

943 1773 1037 1812 gradu
1052 1781 1104 1802 suo
1125 1772 1342 1812 periclitentur.

983 1816 1082 1848 Canon
1106 1824 1187 1846 xxxv
1217 1815 1320 1856 synodi
1361 1813 1706 1855 Constantinopolitanae,
1738 1814 1770 1845 in

943 1861 1046 1892 Trullo
1063 1861 1164 1902 palatii
1185 1859 1352 1890 celebratae.
1369 1859 1433 1889 Non
1451 1859 1538 1890 liceat
1552 1858 1640 1889 alicui
1656 1862 1769 1889 metro-

944 1905 1083 1946 politano,
1105 1914 1170 1936 cum
1191 1904 1349 1945 episcopus
1365 1904 1471 1934 throno
1485 1912 1538 1933 suo
1551 1902 1686 1933 subditus
1703 1912 1770 1933 mo-

943 1950 1028 1990 ritur,
1057 1950 1121 1990 ejus
1149 1959 1197 1980 res
1221 1953 1308 1988 atque
1334 1947 1423 1988 bona,
1454 1947 1499 1978 vel
1524 1946 1612 1978 etiam
1634 1946 1771 1978 ecclesia

943 1995 1046 2035 ipsius,
1076 1995 1205 2034 auferre,
1235 1993 1327 2024 sibive
1357 1992 1528 2023 vindicare:
1561 1991 1614 2022 sed
1632 1991 1686 2022 sub
1703 1991 1769 2031 ejus

941 2039 1075 2070 ecclesia:
1091 2039 1164 2070 cleri
1181 2038 1314 2069 custodia
1330 2037 1491 2077 sint,cujus
1514 2036 1543 2066 in
1559 2045 1668 2076 praeses
1692 2039 1767 2073 erat,

941 2084 991 2124 qui
1008 2083 1085 2114 diem
1103 2083 1195 2123 obiit;
1225 2082 1321 2113 donec
1343 2082 1418 2112 alius
1447 2081 1605 2121 episcopus
1620 2080 1767 2120 prmlicia-

808 2124 894 2172 ἐκτὸς,
909 2137 1008 2162 mur:
1027 2131 1162 2168 excepto,
1194 2127 1218 2157 si
1244 2127 1317 2158 nulli
1346 2127 1404 2157 sint
1428 2126 1458 2156 in
1476 2125 1652 2172 eaecclesia
1666 2124 1769 2155 clerici

940 2172 1127 2212 superstites.
1155 2171 1239 2202 Tunc
1269 2172 1349 2202 enim
1380 2170 1628 2210 metropolitanus
1644 2178 1678 2200 ea
1708 2178 1766 2200 non

940 2216 1092 2247 deminuta
1108 2216 1286 2253 servabit,ac
1301 2215 1467 2247 ordinando
1483 2215 1622 2255 episcopo
1632 2213 1768 2245 universa

940 2261 1088 2293 restituet.

982 2349 1071 2380 Liber
1086 2348 1280 2380 Basilicorum
1297 2356 1348 2387 1.x,
1362 2347 1446 2378 titulo
1462 2355 1531 2384 XLV,
1549 2346 1645 2387 capite
1660 2354 1680 2384 ι,
1697 2346 1765 2378 the-

941 2394 1031 2424 matio
1047 2402 1078 2424 ll.
1096 2395 1216 2423 Crimen
1232 2392 1386 2432 peculatus
1401 2392 1564 2422 intentatur
1578 2391 1616 2428 ei,
1632 2391 1682 2431 qui
1697 2399 1765 2421 sur-

940 2439 1010 2479 ripit
1025 2448 1040 2469 e
1055 2437 1238 2477 templis,aut
1252 2436 1608 2477 sepulcris,autpecuniis
1624 2434 1764 2476 publicis,

941 2484 984 2514 vel
999 2492 1048 2514 eas
1063 2483 1092 2512 in
1112 2491 1181 2512 usus
1196 2491 1264 2512 suos
1280 2481 1436 2511 convertit.

979 2527 1050 2558 Item
1067 2536 1131 2567 cap.
1156 2535 1195 2561 Iv.
1222 2526 1359 2566 ejusdem
1377 2525 1453 2556 tituli
1482 2529 1510 2556 et
1525 2524 1594 2556 libri
1612 2535 1619 2554 :
1634 2523 1765 2556 Crimine

941 2573 1095 2612 peculatus
1112 2574 1240 2608 tenetur,
1264 2575 1292 2600 et
1322 2569 1371 2610 qui
1387 2579 1497 2608 sacras,
1514 2570 1559 2600 vel
1574 2579 1608 2601 ex
1625 2569 1762 2610 sepulcro

941 2616 1094 2657 pecunias,
1111 2615 1156 2646 Vel
1175 2616 1235 2646 Deo
1252 2615 1380 2646 dicatum
1397 2614 1466 2655 quid
1480 2614 1598 2654 accipit.

748 2701 880 2735 VARIZE
891 2700 1106 2735 LEGTIONES.

115 2771 127 2792 ι
142 2763 338 2805 οηίσίαιίῡιιε.
