1942 3081
100 133 164 166 893
780 110 867 166 (ΞΜ

1026 133 1125 164 LNUM
1736 126 1793 160 804

98 212 155 230 των
177 200 241 241 παρ’
270 201 356 230 αὐτῶν
382 200 545 241 λεγομένων,
576 201 619 229 καὶ
654 199 796 232 συνοδικῶς
825 201 865 241 ἀφ·

1026 200 1211 231 πῖθὴθηᾱειυι·
1237 209 1243 232 ;
1271 201 1334 231 haec
1359 208 1440 240 vero,
1465 208 1529 240 quae
1561 201 1681 239 propter
1705 196 1793 237 bujus

96 246 200 274 θέντων
224 254 231 261 '
249 247 292 274 καὶ
320 245 347 274 ἑν
376 245 427 282 οἵῳ
453 246 550 274 τούτων
578 245 700 284 εὑρήσετε
724 245 773 278 τὴν
802 244 863 280 ἆλήε

1023 245 1047 275 ii
1073 254 1176 276 causas
1191 244 1227 276 ab
1245 254 1279 276 eo
1294 245 1425 283 divertit,
1443 244 1558 275 nullum
1587 241 1790 284 praejudicium

96 291 301 331 ἐπιφαίνουσαν,
338 294 448 324 ποιῆσαι
483 291 551 318 κατὰ
584 290 633 331 ¹τὴν
663 289 704 318 ἐπὶ
733 290 816 326 τούτῳ
839 289 863 323 ἐξ

1021 289 1136 320 tinebit.
1153 289 1352 326 Quamobrem
1369 288 1452 320 vobis
1465 288 1553 319 etiam
1575 287 1788 326 signiﬁcamus,

95 328 216 376 χθεὶσαν
250 333 390 369 συνοδικὴν
426 334 569 375 ἀπόφασιν,
586 328 735 373 νεῤῥωσθε,
766 334 836 368 Μηνὶ

1022 343 1121 375 imque
1151 338 1264 375 partem
1287 333 1458 371 arcessatis,
1476 337 1504 363 et
1524 331 1668 364 a'nbobus
1691 339 1789 361 coram

94 379 229 420 ϐρουαρίῳ
250 387 259 397 ⁸
276 380 430 418 ἔπινεμήσει
444 379 562 419 δευτέρᾳ.

1024 378 1144 417 stitutis,
1171 383 1342 410 accuratum
1368 387 1492 409 examen
1517 376 1651 408 habeatis
1674 384 1787 420 eorum,

95 419 167 464 quas
190 424 227 455 ab
254 422 297 455 eis
320 423 472 458 dicuntur.
497 426 528 454 et
550 422 682 464 exposita
697 426 765 453 sunt
788 421 818 453 in
842 423 953 463 synodo
973 434 979 454 :
1004 431 1038 453 ac
1066 426 1131 454 utra
1152 423 1271 454 tandem
1298 423 1328 454 in
1345 427 1426 463 parte
1441 421 1592 452 veritatem
1619 419 1788 464 evidentem

94 463 288 506 inveneritis,
304 467 470 500 secundum
485 463 705 508 pronuntiatam
732 465 770 497 de
793 475 828 498 ea
852 467 1020 508 synodalem
1039 467 1214 500 sententiam
1241 467 1344 507 agetis.
1365 467 1476 498 Valete.
1494 467 1596 497 Mense
1611 463 1789 501 Eebruario,

94 512 279 544 indicatione
293 521 325 544 ιι.

293 521 325 544 II.

91 517 279 545 indicatione
293 521 325 544 II.

220 570 378 596 ΨΗΦΙΣΜΛ
412 569 596 596 ΠΟΔΙἸῚΚΩΝ
620 569 802 598 ΔΙΚΑΣΤΩΝ.

1083 564 1285 598 DECRETUM
1306 563 1479 597 JUDICIUM
1496 561 1677 595 CIVILIUM.

101 631 116 647 α
156 619 218 659 Περὶ
253 618 431 659 συγγενείας,
446 617 490 646 ὅτε
517 618 560 647 δύο
587 617 768 659 ὃισεξαδέλφας
803 619 839 650 εἷς

1022 618 1212 659 cognatione,
1225 617 1373 659 cumduas
1399 615 1523 659 quidam
1533 614 1674 659 sgbrjnas
1689 613 1723 659 in
1732 620 1785 659 so-

138 652 200 697 μον¹
217 652 354 688 κοινωνίαν
381 652 497 698 ἠγάγετο
523 670 574 690 τις.
616 659 664 687 Καὶ
692 652 741 686 ὧδε
767 659 816 695 μὲν
833 652 905 698 Δἰιὸιρ

1018 652 1139 688 {etatem
1154 652 1346 698 matrimonii
1359 652 1524 687 aséivisset.
1542 654 1580 686 Et
1602 654 1656 698 (ioc
1667 652 1785 698 quidem

136 692 238 728 τούτων
273 692 478 738 συγκεχώρηται
512 699 543 727 τὸ
567 701 696 736 τοιοῦτον,
726 692 797 738 παρὰ
830 696 857 726 δὲ
871 692 903 732 τῆ

1017 698 1054 727 sis
1067 701 1248 737 permissum
1267 697 1338 736 fuit,
1359 705 1462 728 verum
1477 706 1495 726 α
1516 694 1631 735 synodo
1645 692 1784 734 prohibi-

137 739 245 768 συνόδου
259 739 405 768 κεκώλυται
410 762 417 770 .
444 750 456 767 ι
1003 744 1077 773 tum.

137 792 175 821 Τὸ
190 790 269 830 μέρος
291 793 337 819 τοῦ
364 789 658 830 μεγαλεπιφανεστάτου
693 793 771 829 κυροῦ
805 789 904 822 Ἀλεξίο

1017 796 1044 826 ix
1054 798 1135 835 parte
1151 804 1204 826 sua
1219 795 1436 826 illustrissimus
1446 794 1589 835 dominus
1600 791 1723 824 Alexius
1731 791 1784 822 Ca-

93 839 144 864 τοῦ
173 834 352 874 Καπανδρίτου
380 834 445 874 ἔσχε
487 838 591 874 πρῶτον
633 834 744 873 νόμιμον
794 845 858 873 γυνα

1014 834 1114 871 ιάτίιθε
1129 840 1232 871 habuit
1251 841 1346 881 primo
1361 834 1522 880 legitimam
1539 846 1674 873 uxorem,
1692 836 1781 867 ﬁliam

92 881 147 914 τὴν
168 879 296 920 θυγατέρα
309 884 355 909 τοῦ
377 878 496 919 Προϐατᾶ
523 879 622 908 ὶκείνου
653 883 742 918 κυριοῦ
758 879 858 918 Θεοφάν

1016 884 1075 914 nini
1112 878 1300 925 Theophanis
1336 878 1405 914 illus
1435 883 1576 914 Provataa.
1615 883 1682 912 Post
1719 881 1783 920 ejus

93 925 172 953 Μετὰ
185 923 213 952 δὲ
233 924 343 954 θάνατον
369 924 483 963 ἐκείνης,
513 923 593 963 ἐμίγη
629 923 686 962 μεθ’
714 923 858 963 ἱερολογίας

1014 939 1030 959 ο
1046 923 1267 968 ηιονιεπιξςθεε
1289 929 1486 966 commiscuit,
1512 925 1728 958 interveniente
1741 925 1781 955 le-

93 969 179 1007 μίμου
274 968 379 1008 δευτέρᾳ
395 968 543 1014 ,ἐξαδέλφῃν
576 968 692 1014 ἕκείνης,
729 969 779 1014 Καί
805 968 860 1004 ἐζήι

1014 981 1061 1003 ma
1089 982 1210 1014 precum
1242 975 1447 1014 conceptione,
1465 982 1531 1003 cum
1558 972 1623 1012 ejus
1648 969 1779 1000 sobrina.

93 1015 193 1051 μαθεῖν
208 1013 234 1046 ἐξ
261 1014 351 1058 ἡμῶν,
381 1013 457 1050 εἴπερ
491 1014 506 1041 ὃ
533 1013 618 1052 ῥηθεὶς
661 1013 745 1058 γάμος
772 1013 806 1058 ἐκ
829 1013 858 1058 νό

1013 1027 1043 1048 re
1058 1018 1139 1058 cupit
1153 1028 1188 1050 ex
1207 1018 1307 1057 nobis,
1323 1013 1360 1049 an
1375 1019 1486 1048 dictum
1503 1015 1724 1047 matrimonium
1744 1023 1780 1045 ex

93 1058 156 1098 ἔχει
183 1059 215 1086 τὸ
244 1056 348 1096 βέϐαιον
370 1059 414 1086 καὶ
441 1058 559 1098 ἰσχυρόν,
589 1058 689 1102 ’ῌωετς
711 1057 754 1086 οὖν
783 1056 860 1102 ἐξείη(

1012 1072 1024 1093 e
1039 1056 1134 1093 ratum
1149 1063 1187 1093 sit
1204 1072 1238 1094 ac
1254 1063 1382 1093 ﬁrmum.
1394 1062 1493 1102 itaque
1509 1070 1562 1092 nos
1577 1060 1604 1090 ei
1620 1058 1779 1100 respondi-

92 1103 161 1143 πρὸς
176 1103 267 1142 αὐτὸν,
282 1103 333 1147 ¹ὼς
363 1103 377 1130 δ
404 1102 484 1136 νόμος
509 1102 536 1130 ἐν
569 1101 661 1140 βιϐλίῳ
688 1104 740 1147 τῷν
769 1101 859 1147 Βασιλι

1012 1116 1037 1143 s,
1054 1107 1132 1147 quod
1155 1107 1200 1138 lex
1217 1107 1246 1137 in
1263 1107 1338 1138 libro
1366 1101 1555 1137 Basilicorum
1571 1113 1671 1141 xxvru,
1689 1104 1733 1134 tit.
1750 1113 1777 1140 ν,

92 1148 154 1185 κη’,
177 1147 246 1178 τίτλ.
264 1142 300 1187 ε’,
315 1158 376 1187 κεφ.
392 1147 430 1186 β’,
455 1148 534 1187 φησὶν
555 1156 561 1162 ·
593 1148 623 1176 Οἱ
640 1146 817 1185 κεκωλυμένοι
835 1159 859 1186 γε

1016 1142 1034 1179 ,ν
1058 1142 1104 1182 fl.
1131 1151 1210 1182 dicat
1235 1161 1241 1183 :
1268 1152 1382 1192 Nuptias
1413 1151 1570 1192 prohibitus
1600 1150 1642 1179 sic
1668 1157 1779 1186 cogno-

92 1193 273 1232 γινώσκονται
294 1191 374 1225 οὕτως
391 1200 398 1207 ·
416 1191 476 1221 Ἐπὶ
499 1195 552 1221 τῶν
581 1192 720 1232 ἀνιόντων,
735 1192 778 1220 καὶ
806 1191 915 1220 κατιόν-

90 1248 160 1274 των,
176 1237 213 1268 εἰς
242 1236 385 1273 ἀπέραντον
400 1238 414 1266 ὁ
444 1237 529 1276 γάμος
558 1236 716 1274 κεκώλυται,
741 1236 790 1265 κᾶν
819 1237 858 1274 μὴ
886 1235 916 1264 ἐκ

91 1286 214 1319 νομίμων
242 1281 292 1310 ὦσι
318 1282 422 1321 γάμων.
452 1284 488 1311 Οὒ
523 1281 627 1310 δύναται
656 1282 705 1320 γὰρ
726 1292 766 1313 τις
787 1281 836 1315 τήν
851 1280 915 1309 ἰδίαν

91 1325 238 1363 λαμϐάνειν
251 1326 388 1364 θυγατέρα,
409 1326 428 1360 ἢ
457 1326 581 1365 ἐγγόνην,
611 1326 629 1360 ἢ
661 1325 775 1365 μητέρα,
792 1326 810 1358 ἢ
839 1326 915 1363 μάμ-

91 1382 159 1411 μην,
191 1375 248 1400 εὖτε
277 1371 385 1410 φυσικαὶ
406 1371 471 1399 ὦσιν
499 1372 525 1399 αἱ
560 1371 709 1411 θυγατέρες,
748 1370 804 1399 εἴτε
831 1371 912 1399 θεταί·

91 1416 143 1444 Καὶ
159 1414 257 1453 μεταξὺ
283 1414 309 1442 δὲ
343 1418 396 1443 τῶν
423 1415 454 1443 ἐκ
487 1414 599 1454 πλαγίου
620 1416 770 1455 προσώπων
794 1415 848 1443 ’ἐστι
874 1427 914 1448 τις

88 1459 220 1501 κῴλυσις,
236 1459 290 1492 Τὴν
311 1460 361 1498 γὰρ
375 1464 422 1489 τοῦ
436 1458 548 1499 ἀδελφοῦ
577 1471 637 1499 μου,
674 1460 692 1494 ἢ
721 1462 770 1493 τῆς
799 1459 913 1500 ἀδελφῆς

89 1515 141 1541 μω
157 1502 285 1543 θυγατέρα
299 1502 443 1541 λαμϐάνειν
465 1505 530 1543 πρὸς
558 1504 644 1543 γάμον
665 1505 695 1532 οὗ
721 1504 806 1542 θέμις.
838 1503 912 1533 Ἀλλ’

88 1547 149 1578 οὐδὲ
163 1548 213 1581 τὴν
227 1548 326 1600 τοιὲτων
341 1548 466 1588 ἐγγόνην,
485 1544 596 1587 Ὀμοίως
624 1548 682 1577 οὒδὲ
707 1549 756 1600 την
785 1549 912 1589 θυγατέρα
921 1575 940 1600 C

88 1597 135 1622 τοῦ
157 1593 237 1628 θείου,
260 1592 277 1627 ἢ
291 1595 339 1626 τῆς
364 1593 444 1631 θείας,
467 1594 586 1623 τουτέστι
613 1594 662 1627 τὴν
686 1592 832 1635 ὲξαδὲλφην,
848 1606 908 1631 μου.

89 1635 166 1665 Ἀλλ’
181 1636 239 1665 οὐδὲ
255 1638 268 1665 ὃ
282 1637 336 1669 υἱός
365 1649 416 1675 μου
456 1639 504 1672 τὴν
526 1639 638 1678 ἑγγόνην
674 1640 770 1675 αὐτῶν,
808 1637 909 1670 οἵτινες

86 1681 210 1720 λέγονται
232 1680 418 1722 δισεξὰδελφοι,
438 1683 487 1712 Καὶ
499 1677 598 1722 βιϐλίον
614 1677 646 1719 ξ’,
668 1681 736 1719 τίτλ,
768 1681 819 1720 λζ’,
846 1693 908 1722 κεφ,

88 1723 130 1765 ογ¹
143 1729 227 1754 ταῦτα
248 1725 431 1766 διαγόρεύοντα
448 1737 455 1743 ”
472 1729 501 1756 Οἱ
535 1728 600 1767 πρὸς
629 1728 716 1766 γάμον
740 1728 908 1764 συναπτόμε-

88 1782 140 1808 νοι⁷
169 1770 188 1804 ἢ
217 1774 350 1810 σαρκικῶς
392 1771 479 1805 ἄλλως
521 1772 732 1810 συμπλεκόμενοι
761 1771 908 1812 ἐξάδελφοι,

85 1816 130 1844 καὶ
147 1817 170 1844 οἱ
185 1815 211 1848 ἐξ
227 1816 310 1845 αὐτῶν
333 1817 483 1854 τικτόμενοι
499 1816 594 1850 παῖδες
622 1818 667 1846 καὶ
702 1817 794 1855 μόνον,
810 1817 828 1851 ἢ
858 1829 907 1846 πα-

84 1861 136 1899 τὴρ
150 1860 195 1888 καὶ
207 1860 261 1891 υἱὸς
277 1861 342 1900 πρὸς
354 1861 456 1900 μητέρα
471 1862 514 1890 καὶ
542 1861 680 1900 θυγατέρα,
697 1861 715 1895 ἢ
747 1860 790 1888 δύο
826 1860 906 1890 ἀδελ-

85 1916 129 1944 ςροι
151 1905 188 1937 εἷς
203 1904 246 1933 δύο
261 1904 383 1945 ἀδελφὰς,
419 1906 438 1940 ἢ
463 1905 508 1935 δύο
536 1905 642 1944 ἀδελφοὶ
667 1907 703 1938 εἷς
738 1905 839 1945 μητέρα
864 1906 908 1934 καὶ

84 1949 224 1988 θυγατέρα,
266 1949 284 1983 ἢ
304 1949 424 1990 ’ἑνεχιὸς
473 1951 509 1982 εἷς
544 1951 729 1990 γιγαμηνένην
765 1953 804 1987 τῷ
847 1951 908 1987 θείῷ

85 2000 210 2034 γυναῖκα,
247 1993 302 2022 ε’ίτε
327 1995 399 2027 θεῖος
435 1995 471 2028 εἷς
510 1994 701 2034 γεγαμημένην
741 1998 779 2031 τῷ
806 1994 907 2032 ἀνεψιῷ

85 2045 211 2077 γυναῖκα,
252 2040 317 2078 πρὸς
338 2043 376 2076 τῷ
405 2044 536 2080 χωρισμῷ
563 2041 607 2068 καὶ
640 2039 836 2068 τυπτέσθωσαν.
859 2042 907 2070 Καὶ

84 2082 111 2110 ἰν
127 2082 200 2122 μέρει
222 2081 249 2110 δὲ
263 2088 309 2113 τοῦ
319 2083 401 2122 τόμου
427 2087 473 2112 τοῦ
504 2085 654 2123 ἁγιωτάτου
682 2083 780 2111 ἑκείνου
815 2093 908 2122 πατριι

84 2128 168 2168 άρχου
184 2127 326 2164 Σισιννίου,
363 2128 540 2166 κεκωλυμένοι
568 2129 632 2156 εὶσὶν
664 2129 687 2156 οἱ
713 2128 793 2167 γάμοι
823 2128 902 2156 οὗτοι.

83 2174 162 2209 οἷον,
177 2172 241 2200 ὅταν
274 2171 379 2212 ἀδελφοὶ
401 2172 541 2214 ὲξαόἐλφας
556 2173 694 2212 ἀλλοτρίας
722 2171 904 2210 λαμϐάνωσιν,

957 1199 1081 1226 scuntur
1100 1205 1106 1227 ε
1125 1197 1155 1227 in
1169 1196 1410 1233 ascendentibus,
1428 1199 1458 1226 et
1480 1192 1735 1226 descendentibus
1752 1192 1782 1222 in

957 1239 1106 1271 inﬁnitum
1121 1240 1231 1280 nuptiaa
1246 1245 1314 1271 sunt
1334 1240 1500 1281 probibitaa,
1524 1239 1594 1270 licet
1616 1238 1689 1278 ipsa;
1710 1246 1780 1277 per-

957 1293 1037 1315 sonae
1064 1293 1123 1315 non
1149 1285 1207 1315 sint
1230 1294 1264 1316 ex
1282 1285 1421 1324 legitimis
1438 1284 1548 1324 nuptiis
1564 1287 1646 1314 ortas.
1663 1281 1777 1322 Quippe

957 1337 1016 1359 non
1033 1333 1127 1369 potest
1152 1329 1258 1370 aliquis
1288 1339 1370 1361 suam
1398 1330 1499 1361 dicere
1515 1328 1618 1364 ﬁliam,
1636 1327 1681 1358 vel
1699 1335 1776 1366 nep-

957 1377 1027 1413 tem,
1042 1374 1086 1404 vel
1103 1378 1238 1411 matrem,
1255 1374 1300 1405 vel
1328 1374 1423 1405 aviam
1442 1384 1449 1404 :
1467 1374 1528 1404 sive
1551 1372 1697 1403 naturales
1719 1371 1780 1402 sint

956 1417 1100 1458 ﬁliaa,sive
1115 1418 1378 1459 adoptivathidem
1394 1419 1473 1449 inter
1483 1425 1625 1458 personas
1640 1425 1674 1447 ex
1685 1420 1778 1447 trans-

956 1472 1040 1493 verso
1053 1463 1214 1504 prohibitio
1231 1463 1364 1504 quaedam
1381 1468 1435 1495 est.
1449 1462 1514 1494 Non
1526 1461 1625 1493 fratris
1641 1460 1711 1498 mei,
1728 1459 1777 1491 vel

954 1507 1066 1538 sororis
1094 1517 1167 1538 meae
1197 1508 1298 1544 ﬁliam,
1330 1518 1388 1539 non
1420 1507 1463 1539 fas
1492 1512 1536 1538 est
1564 1505 1637 1536 mihi
1667 1505 1776 1536 ducere

954 1561 1088 1583 uxorem.
1104 1551 1165 1583 Nec
1177 1554 1264 1583 etiam
1291 1553 1396 1585 horum
1412 1557 1542 1592 neptem.
1562 1550 1707 1582 Similiter
1723 1558 1778 1580 nec

952 1596 1045 1628 ﬁliam
1071 1597 1166 1637 patrui
1191 1597 1234 1628 vel
1250 1598 1397 1633 avunculi,
1426 1602 1474 1628 aut
1489 1597 1586 1628 amita)
1602 1595 1646 1626 vel
1663 1599 1776 1625 mater-

952 1646 1034 1681 term,
1047 1642 1102 1672 hoc
1116 1646 1170 1679 est,
1188 1642 1396 1673 consobrinam
1424 1651 1532 1672 meam.
1562 1642 1625 1672 Nec
1650 1639 1721 1670 item
1737 1639 1776 1670 ﬁ-

951 1685 1007 1716 lius
1024 1695 1107 1717 meus
1122 1695 1225 1717 eorum
1255 1694 1374 1726 neptem
1401 1688 1449 1726 qui
1479 1685 1594 1717 sobrini
1620 1687 1774 1714 vocantur.

950 1729 1021 1760 Item
1039 1730 1089 1761 lib.
1116 1739 1166 1767 Lx.
1189 1733 1232 1762 tit.
1250 1740 1360 1769 xxxv",
1381 1741 1446 1772 cap.
1470 1731 1509 1763 73
1534 1731 1597 1761 haec
1623 1728 1712 1760 verba
1728 1728 1774 1758 le-

951 1779 1058 1814 guntur
1075 1783 1082 1806 :
1100 1775 1155 1811 Qui
1180 1776 1326 1816 jugunlur
1350 1771 1559 1813 matrimonio,
1589 1773 1634 1804 vel
1665 1771 1774 1812 alioqui

951 1819 1109 1850 carnaliter
1134 1821 1309 1861 copulantur
1337 1819 1521 1860 consobrini,
1549 1823 1578 1850 et
1606 1817 1656 1859 qui
1681 1826 1715 1848 ex
1731 1817 1774 1847 eis

950 1863 1090 1895 duntaxat
1105 1868 1268 1895 nascuntur
1282 1865 1380 1902 liberi,
1397 1865 1442 1896 vel
1457 1869 1538 1906 pater
1561 1867 1591 1894 et
1612 1862 1691 1893 ﬁlius
1705 1869 1772 1891 cum

950 1913 1043 1939 matre
1058 1918 1091 1939 ac
1106 1909 1176 1946 ﬁlia,
1199 1909 1242 1940 vel
1259 1909 1317 1940 duo
1333 1909 1438 1940 fratres
1460 1919 1526 1940 cum
1553 1907 1668 1939 duabus
1684 1914 1770 1935 soro-

948 1952 1032 1983 ribus
1047 1953 1091 1984 vel
1115 1953 1173 1984 duo
1188 1953 1294 1985 fratres
1310 1963 1377 1984 cum
1394 1958 1488 1985 matre
1510 1963 1545 1984 ac
1566 1953 1636 1990 ﬁlia,
1653 1951 1698 1981 vel
1710 1950 1770 1980 fra-

949 1997 1002 2027 tris
1017 1997 1162 2029 sororisve
1180 1998 1258 2029 ﬁlius
1286 2008 1353 2029 cum
1378 1999 1503 2030 muliere
1520 2002 1623 2038 patruo
1638 2004 1771 2028 avuncu-

949 2040 1014 2072 love
1030 2046 1141 2082 nupta,
1170 2042 1217 2074 vel
1240 2047 1360 2084 patruus
1387 2043 1584 2075 avunculusve
1608 2051 1674 2073 cum
1703 2049 1769 2070 mu-

948 2085 1022 2131 liere
1049 2090 1138 2126 nupta
1155 2087 1330 2131 _sui__fratris
1350 2088 1582 2131 sororisvejﬁlio.
1600 2091 1705 2131 printer
1719 2085 1769 2116 di-

947 2127 1073 2156 vortium
1103 2127 1277 2158 verberibus
1302 2138 1420 2169 quoque
1446 2129 1607 2159 caeduntor.
1626 2127 1769 2158 Praeterea

948 2170 976 2200 in
991 2174 1072 2210 parte
1092 2171 1206 2212 scripti,
1229 2173 1307 2212 quod
1330 2179 1377 2203 est
1392 2173 1570 2204 sanctissimi
1596 2171 1769 2213 patriarcha;

82 2218 102 2252 ἢ
123 2217 166 2247 δύο
181 2217 307 2259 ἀδελφοὺς
333 2218 468 2259 ἔξάδελφαι
499 2213 558 2254 νδῦο,
576 2219 593 2253 ἢ
621 2221 694 2251 θεῖος
729 2218 772 2246 καὶ
800 2218 849 2245 ἆνει

1000 2215 1086 2251 innii,
1098 2216 1143 2246 ha:
1155 2222 1226 2248 sunt
1242 2217 1397 2257 prohibita;
1412 2218 1532 2258 nuptiw,
1549 2217 1687 2247 videlicet
1702 2225 1767 2246 cum

82 2261 195 2303 ἀδελφὰς
217 2262 273 2298 δύο,
289 2263 306 2296 ἣ
321 2261 447 2302 ἀδελφοὺς
483 2263 526 2291 δύο
547 2263 603 2292 θεία
630 2264 674 2291 καὶ
702 2262 808 2300 ὰνεψιά.
825 2261 908 2290 Ἀλλά

82 2308 126 2335 καὶ
141 2307 193 2335 ἀπὸ
221 2306 363 2336 συναδικῶν
403 2307 521 2348 πράξεων
550 2309 594 2336 καὶ
656 2307 822 2347 διαγνώσεων
862 2311 907 2336 τοῦ

81 2352 230 2391 ἁγιωντὼτου
260 2351 436 2392 πατριάρχου,
467 2352 555 2392 κτρίου
593 2354 692 2389 Λουκᾶ,
719 2352 763 2380 καὶ
793 2361 906 2390 προστα-

80 2396 190 2435 γμάτων
204 2395 361 2434 βασιλικῶν,
384 2397 427 2424 ἐπὶ
443 2397 490 2434 μὲν
516 2401 569 2425 τῶν
585 2396 614 2425 ἐκ
650 2396 774 2436 πλαγίου,
798 2397 818 2439 ξ
827 2395 904 2423 ἕϐδο-

80 2451 130 2479 μος
145 2441 239 2479 βαθνὸς
273 2440 419 2469 κεκώλυται
438 2449 445 2456 ·
473 2442 515 2470 ἐπὶ
541 2441 569 2470 δὲ
601 2444 654 2470 τῶν
682 2440 707 2474 ἐξ
736 2441 902 2480 ἀγχιστείας,

80 2486 144 2514 ποτὲ
166 2485 214 2523 μὲν
236 2492 416 2525 συγχωρεῐται
444 2487 459 2514 ὸ
485 2486 572 2525 ἕκτος,
597 2487 662 2515 ποτὲ
691 2485 718 2514 δὲ
744 2485 902 2516 κεκώλυται,

84 2525 150 2559 ’Ὅτε
165 2530 215 2568 γὰρ
241 2530 305 2558 εἰσιν
341 2531 372 2558 ἒκ
395 2535 441 2560 τοῦ
463 2530 520 2563 ἐνὸς
551 2531 646 2571 μέρους
674 2530 768 2569 βαθμοὶ
802 2529 857 2566 δύο,
874 2529 904 2556 ἐκ

80 2574 106 2603 δὲ
121 2578 166 2602 τοῦ
182 2574 271 2613 ἑτέρου
285 2574 409 2614 τέσσαρες
427 2585 434 2593 ·
452 2576 500 2615 ὥς,
516 2575 578 2603 ὅταν
602 2575 646 2603 δύο
675 2574 780 2614 ἀδελφοὶ
808 2573 902 2602 θέλωσι

79 2621 241 2660 συναφθῆναι
266 2619 331 2657 πρὸς
369 2620 456 2658 γάμον
483 2619 538 2648 δυσὶ
564 2619 680 2659 πρώταις
723 2618 875 2658 ἒζαδέλφαις
892 2627 900 2634 '

79 2664 150 2692 ἔστιν
165 2663 276 2702 ὃγάμος
301 2663 496 2702 κεκωλυμένος.
512 2663 575 2693 Ἐὰν
600 2663 627 2692 δὲ
655 2666 726 2696 θεῖος
766 2664 809 2692 καὶ
837 2663 901 2690 ἆνε-

81 2709 142 2746 ψιὸς
155 2707 236 2737 ἕλωσι
262 2705 295 2733 53
321 2709 483 2748 συναφθῆναι
507 2710 562 2746 θείᾳ
591 2709 634 2738 καὶ
657 2708 755 2747 ἀνεψιᾷ
781 2707 807 2740 ἒξ
822 2706 902 2737 ἄλλου

949 2259 1055 2291 fratres
1081 2260 1275 2292 consobrinas
1291 2267 1443 2293 extraneas
1460 2263 1580 2302 ducunt,
1594 2261 1639 2292 vel
1653 2260 1770 2292 duobus

947 2303 1088 2336 fratribus
1104 2305 1291 2336 consobrina:
1305 2306 1504 2341 dumnubunt;
1514 2306 1557 2337 vel
1568 2315 1634 2337 cum
1649 2310 1769 2346 patruus

948 2353 979 2379 et
1007 2349 1105 2380 fratris
1131 2351 1195 2390 ejus
1224 2351 1302 2381 ﬁlius
1329 2351 1441 2382 ducunt
1468 2360 1586 2381 sorores
1614 2351 1698 2385 duas,
1720 2353 1770 2380 aut

947 2392 1061 2424 duobus
1089 2394 1228 2425 fratribus
1246 2395 1334 2425 amita
1365 2395 1521 2436 fratrisque
1550 2395 1610 2426 ﬁlia
1642 2394 1767 2425 nubunt.

946 2437 1115 2474 Quinetiam
1132 2448 1166 2469 ex
1183 2439 1372 2479 synodalibus
1389 2440 1462 2471 actis
1489 2444 1518 2471 et
1542 2439 1769 2480 cogitationibus

945 2483 1123 2513 sanctissimi
1141 2483 1326 2523 patriarchas,
1343 2484 1457 2515 domini
1474 2485 1572 2524 Luca),
1601 2490 1689 2525 atque
1715 2487 1768 2515 im-

946 2527 1100 2567 peratoriis
1129 2527 1246 2563 edvctis,
1259 2527 1289 2558 in
1318 2528 1367 2565 iis,
1383 2529 1433 2569 qui
1462 2533 1532 2560 sunt
1555 2538 1591 2560 ex
1616 2533 1767 2561 tranverso

944 2572 1053 2611 gradus
1068 2573 1212 2612 septimus
1227 2576 1271 2603 est
1285 2573 1452 2612 prohibitus
1468 2583 1474 2606 :
1493 2574 1523 2604 in
1538 2574 1679 2606 afﬁnitate
1691 2574 1766 2614 jun-

945 2617 1010 2653 ctis,
1023 2616 1183 2657 aliquando
1195 2621 1294 2648 sextus
1307 2618 1496 2658 permittitur,
1511 2619 1670 2659 aliquando
1695 2628 1766 2659 pro-

944 2661 1055 2692 hibitus
1070 2665 1124 2692 est.
1143 2661 1256 2702 Quippe
1276 2672 1342 2693 cum
1369 2671 1403 2693 ex
1428 2672 1485 2694 una
1516 2668 1598 2704 parte
1623 2668 1693 2694 sunt
1707 2664 1765 2695 duo

943 2706 1062 2747 gradus,
1079 2715 1114 2738 ex
1129 2706 1224 2738 altera
1239 2711 1387 2748 quatuor;
1402 2707 1492 2739 veluti
1503 2717 1570 2739 cum
1587 2708 1646 2739 duo
1660 2708 1767 2741 fratres

740 2790 871 2825 VARLE
893 2789 1114 2824 LECTIONES.

117 2852 148 2880 5°
160 2853 268 2886 θέλωσι.
