1942 3081
95 111 166 145 89η,

767 114 1114 149 ὒΒιΕΟΟ-ΒΟΜΑΝΗΜ

1737 121 1796 154 898

143 175 173 226 Ὀ
209 181 294 226 τοίνυν
328 181 485 221 πρηῤῥηθεὶς.
518 183 691 223 πατριάρχης
720 182 886 223 Ἀντιοχείας
913 184 927 211 ὁ

1010 182 1172 215 Praedictus
1200 183 1290 224 igitur
1317 185 1522 216 Antiochenus
1548 186 1728 226 patriarcha,
1745 197 1796 218 sa-

100 225 187 264 σοφὸς
201 225 350 263 Βαλσαμὼν
378 226 438 259 τοὺς
478 227 561 266 ἱεροὺς
604 226 778 266 ἐξηγούμενος
806 227 929 262 κανόνας,

99 267 165 296 τάδε
187 270 267 310 φησὶν
282 270 309 298 ἐν
324 273 362 307 τῷ
383 271 516 310 προοιμίῳ
539 274 589 305 τῆς
618 271 769 310 ἐξηγήσεως
798 274 849 300 τῶν
877 283 930 300 κα-

100 313 187 355 νόνων
201 315 251 348 τῆς
266 314 293 343 ἐν
307 316 414 355 Γάγγρᾳ
429 315 538 346 συνόδου
556 325 563 334 ³

145 353 178 386 Ἠ
205 359 254 397 μὲν
278 371 398 399 παρουσα
433 360 540 393 σύνοδος
569 361 698 401 προφάσει
732 361 784 389 τῶν
813 360 928 399 γενομὲ-

101 414 148 430 νον
183 404 255 443 παρὰ
283 408 329 432 τοῦ
352 405 492 435 Εὐσταθίου
533 409 634 441 κακῶν,
676 405 834 438 ὑπεναντίως
869 412 928 437 τοῖς

100 445 319 486 ὃογματισοετσιν
362 451 444 490 ὀρθῶς
469 451 540 490 παρὰ
567 452 616 484 τῆς
645 449 786 484 καθολικῆς
810 449 928 483 Ἐκκλη-

100 491 174 532 σίας,
203 493 433 532 ἀναθεματίζεσθαι
458 495 519 527 τοὺς
548 495 695 535 ὁμόφρονας
736 495 827 531 ἐκείνῳ
849 493 929 534 διορί-

100 539 190 571 cam.

376 594 389 612 ι
409 586 457 613 Καὶ
471 585 539 622 μετά
553 595 622 616 τινα.
641 594 656 614 ι

148 621 177 654 Ὀ
207 625 234 654 δὲ
256 634 371 667 χρυσοῦς
392 629 441 662 τὴν
463 621 584 668 γλῶτταν
616 631 660 657 καὶ
687 632 736 663 τῆς
772 630 928 667 οἰκουμένης

101 669 271 707 διδάσκαλος,
317 673 575 713 παρακελευόμενος,
624 675 662 712 μὴ
697 674 927 711 ἀναοεματίζεσθαι

101 714 239 753 ἄνθρωπον
254 714 439 758 πιστὸν,γφησὶ
453 722 534 746 ταῦτα
556 719 642 757 ῥητῶς
660 727 668 734 ⁸
707 731 720 746 σ
735 719 764 748 Τί
794 721 837 747 οὖν
873 719 928 747 ἐστι

107 767 121 788 ι
137 764 226 797 τοῦτο,
243 761 256 788 ὃ
271 759 369 801 λέγεις,
388 763 418 790 τὸ
441 762 558 800 ἀνάθεμα
581 773 589 802 ;
614 763 688 792 Ἀλλ’
705 763 744 791 ὅτι
770 764 928 792 ἆνατιθέσθω

108 814 122 830 ε
148 805 222 837 οὗτος
252 809 290 842 τῷ
318 805 443 844 διαϐόλῳ,
476 808 519 836 καὶ
547 808 642 845 μηκέτι
673 809 803 848 αωτηρίας
837 808 928 848 χώραν

974 227 1057 266 piens
1072 227 1122 258 ille
1138 228 1285 267 Balsamo,
1302 229 1372 260 dum
1396 239 1497 261 sacros
1512 231 1632 270 exponit
1652 240 1793 267 canones.

972 272 1034 316 haec
1049 271 1078 302 in
1109 273 1277 312 praefatione
1305 273 1487 313 expositione
1514 284 1660 306 canonum
1689 276 1794 316 synodi

972 315 1152 355 Gangrensis
1170 318 1240 349 dicit
1256 328 1262 348 :

1011 362 1142 392 Praesens
1167 362 1222 392 ista
1245 363 1373 402 synodus
1398 372 1450 403 pro
1477 365 1631 396 occasione
1645 365 1794 397 illatorum

969 405 1006 436 ab
1035 405 1185 436 Eustathio
1217 408 1384 448 malorum,
1415 408 1528 439 ratione
1564 410 1689 450 quadam
1719 420 1794 441 con-

971 449 1060 480 traria
1088 454 1169 481 recte
1195 451 1298 481 salutis
1322 451 1359 482 ab
1388 451 1522 483 Ecclesia
1546 454 1704 492 catholica,
1727 464 1794 485 cum

969 493 1122 526 Eustathio
1159 496 1322 527 sentientes
1341 497 1527 528 anathemate
1557 498 1708 529 feriendus
1737 499 1793 530 de-

972 539 1079 569 cernit.

1265 585 1304 616 Et
1321 585 1413 625 paulo
1428 590 1505 624 post.

1011 629 1046 658 At
1060 637 1148 659 aurea
1165 629 1306 669 praeditus
1321 630 1370 660 ille
1383 630 1637 670 lingua,orbisque
1648 635 1792 663 terrarum

970 672 1084 710 doctor,
1101 675 1170 704 dum
1187 675 1372 705 anathemate
1401 675 1513 714 perculi
1537 680 1614 706 vetat
1641 675 1791 707 hominem

971 717 1100 753 fidelem,
1117 718 1216 748 verbis
1229 718 1348 748 disertis
1365 719 1426 749 hinc
1442 719 1480 749 ait
1495 729 1502 749 :
1526 731 1536 747 tt
1556 719 1631 755 Quid
1648 720 1734 760 igitur
1750 726 1794 751 est

972 774 986 789 σι
1004 761 1088 802 illud,
1105 763 1183 801 quod
1200 762 1274 792 dicis
1289 763 1469 794 anathema?
1484 764 1631 794 Nimirum
1648 769 1680 794 ut
1701 765 1792 795 devo-

974 817 984 832 σι
1004 812 1107 836 vealur
1122 806 1176 837 istc
1193 806 1384 843 diabolo,nec
1399 807 1502 837 salutis
1517 807 1646 848 amplius
1659 809 1792 849 sitparti-

107 860 120 876 ιι
138 849 239 888 ἐχέτω,
277 850 393 879 Γενέσθω
419 851 557 891 ἀλλότριος
584 857 630 882 τοῦ
659 857 781 892 Χριστοῦ.
813 854 861 882 Καὶ
889 853 927 884 τίς

1008 859 1084 890 ceps.
1093 850 1154 881 l’iat
1168 850 1282 881 alienus
1291 860 1307 881 a
1318 851 1435 882 Christo
1446 851 1629 892 denique.Et
1644 852 1790 892 quisnam,

107 903 119 920 α
138 894 166 922 εἶ
182 894 213 922 σύ
231 900 334 931 ;ταῠτα
348 899 397 930 τῆς
411 897 526 930 ἔξουσίας
555 898 599 926 καὶ
623 900 673 931 τῆς
701 897 821 936 μεγάλης
850 897 928 925 δυνά-

109 949 121 965 a
141 949 226 975 μεως.
257 941 322 968 Τότε
357 941 406 980 γὰρ
434 942 532 970 καθίσει
559 944 573 970 ὁ
601 942 735 980 βασιλεὺς,
764 943 807 970 καὶ
836 943 928 976 στήσει

107 993 120 1009 α
137 983 170 1010 τὰ
182 983 230 1020 μὲν
244 983 363 1024 πρόϐατα
382 985 412 1013 ἐκ
425 985 526 1024 δεξιῶν,
552 987 585 1014 τὰ
613 985 640 1014 δὲ
669 987 752 1026 ἐρίφια
780 986 805 1019 ἐξ
828 987 926 1014 εόωνύ-

108 1036 120 1054 (ι
139 1038 208 1064 μων.
226 1029 256 1056 Τί
270 1028 313 1057 οὖν
335 1031 384 1063 τῆς
413 1031 542 1064 τοσαύτης
575 1030 704 1060 ἐπελάϐου
724 1030 794 1064 ἀξίας
812 1039 818 1061 ἶ

103 1071 164 1108 μετ’
180 1071 256 1111 ὀλίγα
278 1075 356 1113 φησὶν
378 1075 392 1102 ὁ
408 1076 485 1107 αὐτὸς
512 1075 697 1115 Χρυσόστομος
715 1098 721 1104 .
741 1088 753 1104 ι
786 1076 926 1115 Τοιγαροῦν

107 1126 118 1144 ι
137 1117 152 1144 ὁ
167 1117 328 1150 Ἀπόστολος
350 1119 377 1148 ἐν
391 1118 446 1148 δυσὶ
470 1120 560 1158 μόνοις
576 1121 667 1152 τόποις
696 1120 843 1159 ἐξανάγκη(
877 1119 926 1152 τὴν

107 1171 118 1187 ιι
138 1161 230 1200 φωνὴν
258 1163 356 1197 ταύτην
381 1165 498 1203 φαίνεται
526 1165 617 1194 εἰπών.
649 1166 706 1204 Οὐχ
740 1165 863 1204 ὁριστιχῷ
899 1163 926 1192 δὲ

107 1214 121 1233 ι
137 1206 228 1244 τρόπῳ
242 1207 339 1241 ταύνην
364 1209 527 1248 προήγαγεν,
562 1209 589 1237 ἐν
616 1210 655 1247 μὴ
684 1213 717 1248 τῇ
743 1210 808 1249 πρὸς
832 1214 926 1249 Κοριν-

107 1261 120 1276 ι
137 1250 206 1282 θίους
229 1251 309 1280 εἰπών
329 1260 336 1267 '
354 1252 387 1281 Εἴ
415 1264 456 1284 τις
491 1254 521 1282 οὐ
548 1253 622 1294 φιλεῖ
655 1254 700 1281 τὸν
729 1254 820 1293 Κύριον
848 1254 926 1288 ἡμῶν

108 1304 119 1321 α
139 1293 241 1327 Ἰησοῦν
258 1297 382 1335 Χριστὸν,
397 1296 454 1330 ἤτω
468 1298 584 1335 ἀνάθεμα
602 1308 608 1315 ·
637 1299 693 1339 καὶ,
730 1298 756 1326 εἴ
791 1310 830 1332 τις
857 1299 925 1336 ὑμᾶς

106 1350 120 1365 ι
138 1338 332 1378 εὐαγγελίζεται
359 1342 422 1381 παρ’
457 1343 471 1370 ὃ
499 1342 671 1382 παρελάϐετε,
694 1344 811 1382 ἀνάθεμα
845 1343 924 1375 ἔστω.

107 1391 122 1412 α
140 1383 170 1411 Τί
184 1384 228 1411 οὖν
245 1392 253 1421 ;
269 1385 286 1412 ἃ
317 1384 409 1422 μηδεὶς
424 1388 476 1415 τῶν
499 1387 644 1428 εἰληφότων
666 1388 781 1421 ἐξουσίαν
809 1389 926 1421 πεποίη-

104 1436 116 1454 σ
135 1437 192 1466 κεν,
208 1428 232 1455 οἱ
252 1428 292 1465 μὴ
306 1429 386 1466 μόνος
402 1431 430 1462 ὃς
446 1430 533 1471 ἔλαϐε,
552 1433 581 1460 σὺ
596 1431 695 1470 τολμᾷς
729 1436 811 1461 ταῦτα
823 1439 924 1472 ποιεῖν,

107 1482 122 1498 α
140 1471 263 1517 εναντίως
298 1478 337 1511 τῷ
365 1474 512 1513 ὂεσποτικῷ
540 1477 756 1517 παραγγέλματι,
784 1478 828 1506 καὶ
862 1471 926 1517 προέ

855 1042 866 1058 «
884 1031 927 1058 καὶ

973 905 986 924 ‹
1003 905 1112 935 quaeso,
1130 901 1160 926 tu
1177 905 1208 927 es
1220 896 1234 925 ‘2
1250 896 1411 935 Majestatis
1440 897 1502 927 haec
1531 897 1597 927 scil.
1619 907 1793 939 magnaeque

973 951 984 968 α
1004 941 1154 979 petestatis
1169 945 1248 971 sunt.
1279 940 1393 981 Quippe
1409 945 1477 971 tunc
1502 942 1668 972 considebit
1683 951 1747 980 rex,
1764 947 1793 974 et

973 998 983 1013 υ
1002 990 1109 1016 statuet
1132 996 1200 1017 oves
1226 996 1242 1017 a
1269 986 1390 1024 dextris,
1422 987 1521 1018 haedos
1539 997 1557 1018 a
1575 988 1715 1021 sinistris.
1732 989 1791 1020 Cur

971 1042 984 1057 α
1003 1034 1110 1061 tantam
1132 1031 1195 1071 ipse
1219 1031 1271 1062 tibi
1285 1031 1456 1069 dignitatem
1473 1033 1667 1072 usurpas?»Et
1690 1035 1791 1072 paucis

968 1074 1226 1114 interjeclis,idem
1239 1075 1288 1106 ille
1298 1076 1643 1117 Chrysostomusinquit:
1666 1077 1787 1108 «Enim-

972 1130 983 1147 ε
1001 1128 1070 1150 vero
1086 1119 1201 1150 duobus
1228 1121 1368 1151 duntaxat
1392 1120 1422 1150 in
1450 1121 1523 1152 locis
1541 1121 1699 1160 Apostolus
1715 1122 1790 1153 hanc

971 1174 982 1191 α
1001 1173 1102 1194 vocem
1119 1165 1286 1195 necessario
1297 1165 1412 1196 videtur
1429 1166 1680 1205 expressisse,nec
1691 1170 1789 1197 tamen

970 1220 983 1236 α
1004 1208 1089 1238 modo
1098 1209 1225 1249 quodam
1246 1209 1398 1240 deﬁnitiva
1417 1219 1481 1240 eam
1493 1209 1789 1250 produxisse:dumin

972 1263 983 1280 α
1003 1253 1127 1293 epistola
1141 1253 1176 1284 ad
1194 1254 1362 1285 Corinthios
1377 1253 1417 1284 ait
1430 1265 1436 1284 :
1450 1254 1481 1286 Si
1495 1255 1561 1294 quis
1573 1264 1630 1284 non
1641 1258 1718 1285 amat
1733 1254 1789 1285 Do-

968 1308 980 1327 c
1002 1297 1114 1328 minum
1132 1302 1264 1328 nostrum
1279 1299 1380 1329 Jesum
1397 1298 1724 1335 Christum,anathema
1737 1298 1786 1330 sit:

971 1353 983 1369 ει
1001 1340 1073 1379 et,Si
1082 1343 1150 1381 quis
1162 1343 1345 1382 evangelium
1353 1343 1435 1374 vobis
1448 1343 1542 1374 tradat
1553 1343 1787 1383 prazI.erid,quod

971 1398 982 1413 α
1001 1387 1168 1426 accepistis,
1185 1388 1341 1418 anathema
1352 1387 1402 1417 sit.
1415 1387 1489 1423 Quid
1501 1390 1583 1426 ergo?
1594 1397 1659 1428 quae
1671 1388 1789 1418 illorum

971 1443 984 1458 α
1002 1440 1089 1461 nemo
1104 1431 1238 1472 fecit,qui
1255 1436 1429 1472 potestatem
1445 1435 1513 1462 sunt
1528 1431 1788 1471 adepti,nisidun-

970 1487 983 1502 α
1003 1479 1078 1506 taxat
1093 1476 1128 1513 is,
1145 1476 1195 1516 qui
1222 1486 1287 1507 eum
1316 1477 1442 1516 accepit,
1467 1476 1516 1506 illa
1532 1480 1562 1506 tu
1578 1476 1669 1507 audes
1690 1476 1789 1508 facere

107 1527 118 1544 ι
139 1515 282 1554 λαμϐάνεις
298 1520 348 1552 τὴν
362 1520 445 1559 κρίσιν
474 1525 520 1550 τοῦ
554 1515 711 1562 βασιλέωςς
748 1523 784 1552 Τὸ
812 1515 927 1560 ἀνάθεμα

1008 1523 1106 1550 :ontra
1121 1515 1292 1551 mandatum
1308 1515 1437 1557 Domini,
1455 1525 1484 1551 et
1498 1520 1590 1561 ipsius
1605 1521 1684 1560 regis
1704 1521 1787 1559 judi-

106 1571 119 1588 ι
146 1565 220 1590 νοῦτο
245 1567 291 1592 τοῦ
317 1567 430 1603 Χριστοῦ
468 1565 625 1596 ἀποκόπτει.
657 1566 764 1599 Δίδαξον
790 1567 816 1594 ἓν
837 1567 924 1606 πραό-

106 1617 121 1633 α
138 1617 211 1639 τητι.
231 1618 243 1636 ι
262 1608 312 1637 Καὶ
325 1609 357 1636 τὰ
371 1609 442 1643 ἑξῆς,

145 1696 209 1735 Καὶ)
222 1700 304 1726 ταῦτα
339 1698 387 1736 μὲν
415 1699 448 1727 τὰ
468 1704 514 1729 τοῦ
542 1701 728 1740 Χρυσοστόμου
753 1701 866 1740 Πατρός.
899 1695 928 1727 Ὀ

102 1739 132 1768 δὲ
147 1740 294 1779 Βαλσαμὼν
317 1742 431 1783 ἐπιφέρει
456 1752 463 1759 ⁸
488 1746 536 1773 Διὰ
550 1750 636 1783 τοῦτο,
663 1747 698 1778 ὡς
728 1746 823 1784 ἔοικεν,
841 1745 927 1784 ἀπρα-

103 1792 165 1814 κτεῖ
180 1787 224 1814 καὶ
258 1788 272 1814 ὁ
293 1789 410 1827 γεγονὼς
439 1788 571 1822 συνοδικός
594 1793 675 1828 τόμος
704 1790 746 1819 ἐπὶ
772 1793 822 1823 τῆς
847 1790 926 1828 βασι-

103 1829 177 1861 λείας
230 1835 277 1860 τοῦ
318 1835 560 1873 πορφυρυγε-ινήτου
597 1839 676 1874 κυροὺ
718 1834 926 1871 Κωνσταντίνου,

105 1875 212 1904 καὶτοῦ
235 1878 400 1918 πατριάρχου
429 1882 507 1917 κυροῦ
541 1878 668 1916 Ἀλεξίου,
704 1880 782 1920 χάριν
802 1883 847 1908 τοῦ
861 1879 928 1907 ἀνα-

103 1920 284 1956 θεματίζεσθαι
313 1923 372 1955 τοὺς
406 1922 568 1965 ἀποστάτας,
599 1925 642 1952 καὶ
678 1924 861 1964 μουλταρίους,
887 1926 931 1954 καὶ

103 1965 173 1992 κατὰ
186 1968 238 1993 τῶν
265 1966 394 2004 βασιλέων
431 1967 500 1996 ὅπλα
534 1968 693 2009 ἐγείροντας,
721 1970 766 1998 καὶ
793 1966 928 2008 τυραννίδα

103 2008 284 2054 μελετῶντας.
302 2012 332 2041 Εἰ
347 2011 422 2041 δὲτὰ
436 2014 506 2053 παρὰ
539 2008 594 2042 τοῦν
618 2014 734 2054 μεγάλου
756 2015 857 2053 Πατρὸς
884 2014 928 2041 καὶ

103 2052 261 2085 διδασκάλω
288 2056 362 2090 ήκῶν
388 2061 434 2085 τοῦ
467 2052 665 2098 Χρυσοπόμουτ
681 2052 818 2099 γραφέντα
844 2058 928 2098 ὑπὲρ-

101 2105 191 2138 τερετν
206 2099 338 2140 ὀφείλουσι
365 2102 408 2131 καὶ
437 2104 490 2130 τῶν
524 2102 703 2143 διορισθέντων
731 2103 802 2143 παρὰ
829 2105 877 2136 τῆς
902 2103 928 2131 ἐν

970 1574 984 1594 ‹
999 1564 1076 1595 cium
1091 1565 1255 1605 anticipas?
1269 1565 1413 1596 Nimirum
1441 1565 1498 1595 hoc
1519 1565 1676 1596 anathema
1691 1565 1789 1596 homi-

973 1620 984 1637 ιι
1003 1617 1070 1640 nem
1085 1609 1227 1641 aChristo
1245 1610 1388 1641 abcindit.
1405 1609 1514 1640 Doceto
1531 1610 1561 1640 in
1579 1609 1788 1641 mansuetudi-

973 1666 986 1681 «ι
1003 1663 1052 1684 ne.
1069 1664 1083 1683 )
1102 1654 1137 1685 Ει
1151 1664 1216 1695 quae
1228 1659 1404 1695 sequuntur.
1419 1667 1432 1682 ιι

1010 1700 1108 1739 Atque
1122 1700 1184 1730 haec
1195 1700 1314 1739 quidem
1329 1698 1419 1729 verba
1433 1702 1501 1729 sunt
1513 1698 1609 1729 Patris
1620 1698 1790 1739 Chrysosto-

971 1743 1022 1775 mi.
1039 1743 1165 1784 Subjicit
1179 1748 1276 1775 autem
1293 1744 1427 1774 Balsamo
1442 1753 1448 1774 :
1467 1745 1697 1783 Propterea,ceu
1708 1743 1791 1774 credi

969 1797 1021 1828 par
1037 1789 1185 1828 est,desiit
1197 1798 1263 1819 esse
1275 1789 1304 1818 in
1316 1798 1370 1818 usu
1382 1792 1479 1818 tomus
1489 1787 1538 1818 ille
1552 1787 1713 1828 synodalis,
1725 1787 1790 1818 fac-

969 1836 1016 1863 tus
1031 1833 1085 1864 sub
1100 1833 1225 1873 imperio
1240 1832 1353 1863 domini
1376 1832 1561 1863 Constantini
1585 1832 1616 1862 in
1641 1833 1792 1872 Porphyra

970 1877 1040 1915 nati,
1058 1887 1126 1909 cum
1141 1882 1220 1908 esset
1248 1877 1413 1918 patriarcha
1437 1876 1574 1907 dominus
1604 1875 1734 1913 Alexius,
1753 1876 1791 1908 de

971 1922 1113 1957 feriendis
1141 1922 1325 1953 anathemate
1347 1921 1545 1952 defectionum
1561 1930 1596 1951 ac
1613 1920 1788 1950 tumultuum

971 1967 1140 1998 auctoribus
1152 1972 1180 1998 et
1190 1967 1330 1997 adversus
1345 1966 1540 2006 imperatores
1550 1974 1632 1995 arma
1646 1965 1792 1995 suscitan-

970 2012 1048 2043 tibus
1062 2021 1096 2043 ac
1113 2012 1296 2052 tyrannidem
1313 2010 1515 2041 molientibus.
1532 2010 1578 2040 An
1594 2018 1662 2040 vero
1677 2009 1791 2049 potiora

970 2057 1099 2088 debeant
1113 2066 1188 2095 esse,
1206 2065 1270 2097 quae
1282 2056 1317 2087 ab
1329 2057 1383 2086 hoc
1399 2063 1505 2094 magno
1520 2053 1606 2085 Patre
1630 2053 1791 2094 doctorque

970 2106 1070 2133 nostro
1087 2101 1295 2142 Chrysostomo
1319 2100 1428 2140 scripta
1457 2103 1537 2136 sunt,
1555 2102 1612 2129 tam
1629 2098 1758 2129 decretis
1774 2107 1791 2129 a

104 2143 257 2178 Χαλκηδόνι
271 2145 388 2184 συνόδου,
412 2148 455 2175 καὶ
469 2150 518 2181 τῆς
534 2142 569 2176 ἓν
582 2148 699 2188 Γάγγρᾳ,
721 2142 808 2188 ἐροῦσι
822 2147 926 2180 πάντως

1008 2146 1215 2183 ialcedonensi,
1232 2155 1318 2186 quam
1333 2144 1498 2184 Gangrensi
1521 2143 1646 2174 concilio
1665 2153 1671 2174 :
1689 2142 1791 2188 dicen-

103 2191 129 2218 οἱ
149 2189 183 2218 τὰ
198 2193 306 2219 τοιαῦτα
320 2190 459 2221 διευθετεϊν
475 2191 590 2226 ἐξουσίαν
606 2192 726 2233 ἔχοντες.

147 2280 197 2309 Καὶ
211 2283 293 2309 ταῦτα
309 2281 358 2319 μὲν
382 2282 396 2310 ὁ
422 2282 588 2322 πατριάρχης
616 2282 777 2320 Βαλσαμὼν,
810 2282 928 2311 Δείκνυσι

106 2329 170 2364 γοῦν
195 2323 224 2353 ἔκ
241 2328 294 2353 τῶν
320 2326 477 2367 εἰρημένων,
506 2328 710 2367 προηγουμένως
726 2328 774 2366 μὲν
807 2327 832 2361 ἐξ
858 2327 928 2355 ἐκεί-

105 2382 163 2409 νου,
179 2370 281 2408 μᾶλλον
297 2370 324 2399 δὲ
339 2372 382 2400 καὶ
397 2373 447 2411 πρὸ
477 2372 530 2400 τῶν
566 2373 658 2402 ἑαυτοῦ
686 2373 804 2412 ἡμερῶν,
840 2372 928 2412 ἄπρα-

104 2425 169 2442 κτον
182 2415 227 2444 τὸν
243 2415 420 2455 προρῥηθὲντα
456 2416 497 2445 ἐπὶ
525 2422 571 2446 τοῦ
608 2419 852 2457 πορφυρογεννήτου
887 2419 930 2446 καὶ

103 2464 151 2489 τοῦ
180 2460 345 2501 πατριάρχου
367 2465 446 2501 δωροῦ
482 2461 599 2495 Ἀλεξίου
637 2463 731 2501 τόμον.
761 2462 929 2501 ’Ππράκτησι

104 2505 168 2545 γὰρ,
198 2505 289 2545 φησίν,
327 2506 442 2536 Ἐκείνου
467 2505 494 2534 δέ
521 2507 638 2547 καθάπερ
669 2508 740 2539 τινὸς
775 2508 928 2548 ἓρείσματος

105 2549 124 2583 ἢ
145 2549 266 2587 θεμελίου
281 2550 503 2588 ὑποσπασθέντος,
532 2552 575 2580 καὶ
603 2553 627 2580 οἱ
660 2552 718 2590 μετ’
746 2552 849 2581 ἐκεῖνον
881 2563 929 2592 γε-

106 2594 214 2633 γονότες
249 2593 303 2633 δύο,
334 2595 347 2623 ὃ
381 2607 410 2624 τε
431 2595 473 2624 ἐπὶ
497 2600 542 2624 τοῦ
573 2600 711 2634 Κομνηνοῦ
743 2598 822 2638 φημὶ,
853 2601 930 2637 κυροῦ

109 2639 248 2678 Μανουὴλ,
271 2640 314 2668 καὶ
343 2641 356 2668 ὁ
385 2640 428 2669 ἐπὶ
442 2679 447 2681 ἒ
461 2644 507 2669 τοῦ
536 2640 729 2681 Παλαιολόγου,
766 2643 930 2681 συγκαταπί-

107 2695 218 2712 πτουσιν
252 2683 410 2724 ἐξανάγκης.
442 2679 563 2714 ’Ἔπειτα
590 2686 635 2713 σὺν
676 2687 760 2723 τούτῳ
792 2685 927 2725 δείκνυσιν,

107 2729 147 2757 ὃτι
177 2729 236 2758 οὒοέ
267 2730 290 2758 οἷ
331 2730 537 2769 ἁναθεματισμοὶ
579 2735 631 2759 τῶν
672 2731 785 2760 συνόδων
824 2732 930 2761 ἐκείνων

108 2773 200 2813 ἔχουσι
215 2775 245 2802 τὸ
262 2774 388 2814 ἀσφαλὲς,
420 2776 442 2803 εὶ
464 2777 507 2804 καὶ
535 2775 576 2804 ἐπὶ
618 2775 748 2815 μεγάλοις
773 2777 816 2805 καὶ
845 2777 928 2815 ἀναγ-

970 2192 1040 2223 dum
1055 2191 1114 2222 illis
1125 2191 1247 2223 omnino
1257 2189 1466 2230 re!inquimus,
1487 2188 1538 2229 qui
1554 2188 1622 2218 talia
1634 2192 1714 2219 recte
1731 2187 1791 2218 dis-

971 2236 1101 2277 ponendi
1116 2239 1289 2276 potestatem
1306 2234 1426 2265 habent.

1000 2281 1036 2312 Et
1047 2281 1108 2312 hac
1114 2280 1234 2321 quidem
1242 2279 1415 2320 patriarcha
1423 2277 1608 2309 Balsamonis
1619 2277 1708 2308 verba
1714 2281 1790 2307 sunt.

971 2326 1212 2358 Ostenditautem
1226 2334 1278 2365 per
1293 2333 1338 2365 ea,
1354 2332 1418 2364 quae
1429 2322 1511 2360 dicit,
1531 2322 1657 2362 primum
1669 2321 1790 2362 quidem

970 2371 1006 2402 ab
1022 2371 1070 2401 illo
1085 2369 1282 2410 tempore,vel
1295 2369 1390 2409 potius
1398 2367 1485 2398 etiam
1500 2370 1567 2397 ante
1582 2375 1664 2397 suam
1675 2369 1790 2397 {etatem

970 2424 1036 2446 esse
1052 2415 1082 2445 in
1097 2423 1151 2446 usu
1164 2414 1288 2444 desiisse
1300 2412 1471 2453 praedictum
1486 2411 1570 2441 illum
1593 2415 1718 2446 tomum,
1735 2410 1790 2440 sub

970 2460 1249 2500 Porphyrogenneta
1263 2462 1291 2489 et
1307 2457 1410 2489 Alexio
1427 2455 1590 2496 patriarcha
1605 2456 1726 2500 iactum.
1742 2454 1792 2500 Di:

972 2504 1011 2535 cit
1025 2498 1104 2534 enim
1118 2515 1125 2534 :
1142 2503 1235 2534 Desiit
1245 2511 1312 2534 esse
1327 2501 1357 2531 in
1372 2499 1484 2532 usu.Eo
1494 2509 1562 2530 vero
1571 2509 1625 2530 ceu
1640 2499 1734 2529 fulcro
1745 2498 1790 2529 vel

971 2549 1162 2580 fundamento
1175 2548 1303 2589 quodam
1322 2545 1456 2582 subruto,
1474 2544 1561 2575 etiam
1578 2543 1628 2574 olii
1645 2543 1703 2589 duo
1719 2543 1793 2574 tomi

972 2598 1074 2634 postea
1087 2593 1168 2629 facti,
1185 2587 1246 2623 tum
1263 2590 1375 2622 domini
1386 2589 1530 2622 Manuelis
1545 2587 1712 2634 Commcni,
1728 2592 1791 2618 tum

971 2633 1126 2678 Palaaologi
1140 2641 1284 2678 tempore,
1308 2634 1476 2666 necessario
1491 2643 1560 2665 cum
1576 2633 1619 2664 eis
1635 2635 1791 2678 corruunt.

972 2683 1087 2715 Deinde
1101 2676 1286 2723 praeterhac,
1298 2681 1388 2712 etiam
1404 2679 1475 2710 illud
1489 2678 1598 2714 innuit;
1615 2677 1696 2723 quod
1712 2676 1792 2723 vide:

972 2728 1042 2759 licet
1057 2737 1094 2759 ne
1103 2721 1222 2758 illarum
1234 2726 1353 2767 quidem
1365 2724 1542 2770 synodorum
1552 2721 1791 2770 aiiathematismi

971 2773 1097 2810 valeant,
1114 2772 1183 2803 licet
1198 2765 1311 2811 magnis
1324 2774 1352 2801 et
1371 2767 1548 2800 necessariis
1568 2765 1745 2807 quibusdam
1760 2765 1792 2796 in
