1942 3081
173 128 233 163 899

887 123 953 156 JUS
973 122 1194 156 CANONIGUM

1802 124 1864 157 900

174 195 298 234 negotiis
314 193 491 235 promulgati
503 193 573 231 sint,
585 193 733 233 siquidem
747 192 898 225 communi
914 193 975 223 Pati

1067 190 1118 221 tor;
1153 191 1220 219 τισὶν
1244 189 1367 230 ὶγένοντο
1407 191 1570 231 πράγμασιν,
1599 191 1676 231 εἴπερ
1706 195 1745 229 τῷ
1779 203 1864 228 κοινῳ

174 239 424 279 Chrysostomo,et
440 239 504 269 aliis
520 237 630 269 sanctis
647 237 817 269 doctoribus
833 238 997 277 obsequen-

175 283 245 314 dum
261 285 309 320 sit,
321 283 373 324 qui
389 283 493 313 eadem
516 292 581 313 cum
598 281 649 312 illo
665 283 799 313 sentiunt
821 291 855 313 ac
876 281 993 318 docent,

174 328 370 368 maximaeque
385 327 493 359 Christi
505 326 671 357 clementiae
692 327 788 366 potius
808 326 993 367 patrocinan-

173 373 294 404 tur.Sed
302 373 381 403 enim
388 372 424 402 de
433 373 478 403 his
485 371 603 411 quidam
612 371 738 408 haec,aiii
749 371 872 402 fortasse
879 371 993 401 diversa

174 416 316 456 prolaturi
327 415 546 453 sunt,conciliis
557 415 615 446 illis
621 420 714 446 semet
724 415 759 446 ad
760 415 996 455 jungentes.Ego

172 469 241 493 vero
257 470 292 492 ea
304 460 587 500 missafaciens(non
602 460 680 490 enim
698 459 727 490 in
744 458 995 500 prazsentiaalter—

172 505 234 536 cari
249 505 335 543 volo],
360 505 463 537 saltem
479 505 535 535 hoc
551 504 609 542 aio,
627 504 706 536 clare
730 514 764 535 ac
788 504 878 535 dubio
895 503 996 544 procul

171 549 315 580 hactenus
331 558 398 580 esse
411 549 659 580 demonstratum.
678 553 708 579 et
727 549 848 588 copiose
861 548 993 589 quidem,

171 594 248 634 quod
265 593 378 634 primus
394 593 443 624 ille
460 597 710 633 tomus,tanquam
729 603 788 624 non
805 592 995 623 consentiens

171 647 238 669 cum
249 637 393 669 Ecclesiae
408 637 701 678 scopo,maximeque
718 647 784 668 cum
800 637 850 667 illo
864 646 993 667 commu-

171 682 201 712 ni
217 683 336 713 doctore
348 681 688 722 Chysostomo,inquam,
703 687 731 712 et
746 681 905 712 cessaverit
921 685 949 711 et
963 681 993 711 in

170 736 225 757 usu
240 725 543 763 desierit,secundum
559 726 724 766 sapientem
737 726 819 756 illum
838 726 990 757 Balsamo-

170 780 236 802 uem
251 781 257 802 ε
271 770 349 811 quod
363 770 448 801 nobis
465 770 551 801 etiam
567 771 748 810 propositum
767 774 830 801 erat
846 770 992 801 ostende-

169 815 299 846 re.Illius
314 819 410 846 autem
418 825 473 846 usu
484 815 575 855 exspi-
586 816 770 855 ante,caeleri
784 824 901 855 quoque
909 815 993 846 dein-

1038 236 1119 274 Πατρὶ
1141 236 1328 274 Χρυσοστόμρ,
1352 236 1468 268 καὶτοῖς
1498 235 1589 268 ἄλλοις
1619 236 1702 276 ἁγίοις
1732 235 1862 264 διδασκά-

1037 279 1092 311 λοις
1108 280 1236 308 πείθεσθαι
1264 279 1317 320 δεῖ,
1353 281 1386 309 τὰ
1407 281 1471 310 αὐτὰ
1506 280 1551 308 καί
1584 284 1726 320 φρονοῦσιν
1755 281 1861 320 ἐκείνῳ,

1036 326 1080 352 καὶ
1094 323 1253 361 διδάσκουσι,
1276 325 1319 352 καὶ
1351 327 1384 363 τῇ
1414 328 1460 353 τοῦ
1489 329 1600 365 Χριστοῦ
1628 325 1741 364 μεγίστῃ
1762 324 1862 365 φιλαν-

1035 369 1136 408 θρωπίᾳ
1167 368 1266 406 μᾶλλον
1297 375 1494 409 συνηγοροῦσιν.
1526 369 1608 398 Ἀλλὰ
1643 370 1702 410 περὶ
1736 370 1785 408 μὲν
1806 373 1863 398 τῶν

1037 414 1174 451 τοιούτων,
1189 414 1213 441 οἱ
1229 414 1278 450 μὲν
1291 417 1384 452 ταῦτα,
1413 415 1437 442 οἱ
1465 413 1487 442 δ’
1520 414 1616 443 ἀλλοῖα
1644 415 1728 455 τυχὸν
1756 415 1861 454 ἐροῦσι,

1037 463 1098 488 ταῖς
1134 457 1249 489 συνόδοις
1278 457 1388 489 ἐκείναις
1423 459 1617 497 συνιστάμενοι.
1641 457 1712 498 Ἐγὼ
1733 457 1755 486 δ’
1788 459 1864 488 ὲκεί-

1039 512 1090 529 νων
1119 501 1247 540 ἀφέμενος
1284 501 1352 542 (οὐδὲ
1379 503 1428 542 γὰρ
1456 502 1545 542 ἐρίζειν
1589 502 1631 531 ἐπὶ
1671 506 1716 532 τοῦ
1756 504 1863 543 παρόν-

1038 556 1083 577 τος
1109 545 1261 585 βούλομαι),
1299 546 1385 575 ἐκεῖνό
1424 559 1504 588 φημι,
1557 547 1598 576 ὅτι
1626 547 1693 579 τέως
1727 547 1863 588 λαμπρῶς

1038 591 1082 618 καὶ
1105 590 1291 630 ἀναμφιϐόλως
1340 591 1480 632 ἐπεδείχθη
1528 592 1559 620 ἐκ
1599 592 1760 631 περιουσίας,
1819 593 1862 620 ὅτι

1035 636 1049 663 ὁ
1064 637 1166 675 πρῶτος
1182 635 1283 668 ἐκεῖνος
1305 637 1399 674 τόμος,
1415 638 1452 669 ὡς
1481 637 1520 675 μὴ
1551 636 1668 674 συνᾴδων
1697 641 1735 674 τῷ
1765 641 1864 675 σχοπῷ

1034 682 1084 713 τῆς
1106 678 1278 720 Ἐκχλησίας,
1314 682 1358 709 καὶ
1387 681 1500 719 μάλιστα
1528 685 1566 719 τῷ
1588 683 1669 719 κοινῷ
1696 681 1861 722 διδασκάλῳ,

1034 727 1072 760 τῷ
1106 725 1295 764 Χροσοστόμῳ,
1325 727 1406 766 φημὶ,
1429 725 1508 766 ἀργὸς
1538 727 1581 755 καὶ
1603 726 1735 766 ἄπρακτος
1768 726 1861 764 μεμέ-

1033 780 1109 804 τηχε,
1128 770 1194 797 κατὰ
1223 771 1268 797 τὸν
1296 771 1376 810 σοφὸν
1405 769 1564 810 Βαλσαμὼν,
1595 770 1660 810 ὅπερ
1688 772 1732 798 καὶ
1757 772 1829 809 ἡμῖν
1846 772 1861 799 ὁ

1033 814 1132 845 σάοπός
1158 814 1191 848 ἦν
1225 813 1319 846 δεῖξαι,
1363 813 1479 843 Ἐκείνου
1509 814 1532 843 δ’
1575 815 1781 855 ἆπραχτοῦντος,
1813 817 1861 843 καὶ

170 869 242 900 ceps
257 860 324 890 facti
340 859 508 890 necessario
519 859 611 890 robur
625 869 710 890 suum
731 859 879 890 consimili
902 860 975 890 modi

1085 857 1144 895 μετ’
1176 858 1278 887 ἐκεῖνον
1314 858 1459 899 ὲξανᾶγχης
1488 860 1614 892 ὡσαύτως
1650 861 1680 887 τὸ
1708 859 1860 899 ἀνενέργη-

169 905 308 936 θιηίίιθηι
323 909 351 936 et
366 904 568 945 exspirabunt,
579 904 619 934 uti
631 905 693 944 jam
709 908 794 935 antea
809 903 947 936 diximus.

277 1001 518 1034 INCERTORUM
543 1001 862 1034 PATRIARCHABUM
870 1025 877 1032 .

167 1053 190 1085 Ι.
209 1054 348 1093 Epistula
358 1057 472 1093 scripta
485 1053 746 1093 Constantinopoli
756 1053 796 1084 ad
807 1053 988 1093 Martyrium

206 1095 375 1134 episcopum
405 1093 625 1125 Antiochenam
649 1094 812 1133 explicans,
830 1103 888 1133 quo
901 1098 987 1134 pacto

204 1135 265 1165 sint
280 1135 446 1165 recipiendi
465 1134 598 1165 heretici
614 1134 654 1164 ad
668 1138 801 1164 sanctam
825 1134 984 1165 universa-

203 1174 259 1205 Iem
275 1174 437 1205 Ecclesium
454 1174 637 1205 accedentes.

203 1225 372 1256 Collocutus
387 1229 432 1256 est
448 1225 581 1265 quaedam
608 1233 725 1255 mecum
741 1224 985 1264 religiosissimus

1030 913 1075 930 τον
1099 903 1142 932 καὶ
1177 902 1307 943 ἄπρακτον
1336 903 1442 944 ἔχουσι,
1478 905 1544 933 καθὰ
1572 903 1605 938 δὴ
1631 905 1674 933 καὶ
1709 905 1859 944 φθάσαντες

1029 945 1153 985 εἴπομεν.

1249 1003 1389 1030 ΑΔΗΛΩΝ
1405 1004 1627 1032 ΠΑΤΡΙΑΡΧΩΝ.

1030 1048 1087 1083 Λ’(
1126 1053 1273 1087 Ἐπιστολὴ
1301 1061 1432 1094 γραφεῖσα
1466 1055 1519 1084 ἀπὸ
1549 1057 1857 1090 Κωνσταντινουπόλεως

1069 1094 1206 1136 διαρτρρίιρ
1229 1094 1367 1136 ἐπισαᾷπῳ
1392 1094 1570 1135 Ἀντιοχείας,
1602 1097 1660 1136 περὶ
1681 1101 1739 1133 τοῦ,
1776 1097 1856 1130 ὅπως

1067 1134 1122 1177 χρῇ
1137 1133 1258 1177 δέχεσθαι
1281 1135 1354 1177 τοὺς.
1380 1133 1524 1177 αίρεῖικοῦς
1556 1133 1787 1177 προσερχομένους
1816 1141 1854 1176 τῇ

1067 1174 1127 1212 ἁγία
1141 1173 1268 1213 καθολιχῃ
1281 1173 1437 1211 Ἐκκλησία,
1461 1187 1475 1202 υ

1067 1225 1130 1254 Tt.sz
1157 1223 1291 1265 διειλέχθη
1318 1226 1361 1253 καὶ
1396 1227 1409 1254 ὃ
1436 1226 1636 1266 Θεοφιλέστατος
1674 1227 1852 1268 πρεσϐύτερος

163 1268 465 1309 presbyterAntonius
472 1269 508 1299 de
516 1269 616 1309 iis,qui
623 1269 659 1299 ab
666 1269 972 1300 haereticisdesciscen

1067 1269 1180 1309 ντώνιος,
1209 1270 1267 1309 περὶ
1295 1271 1348 1298 τῶν
1397 1271 1606 1310 προστιθεμένων
1649 1275 1683 1310 τῇ
1717 1272 1854 1312 ὀρθοόοξίᾳ

163 1316 206 1344 tes
222 1322 253 1344 se
268 1317 349 1344 recte
364 1313 544 1344 sentientum
562 1313 667 1351 coetui,
687 1323 848 1354 eorumque
861 1322 975 1344 consori

1067 1320 1070 1342 ἱ
1104 1317 1139 1352 τῇ
1168 1313 1250 1353 μερίδι
1285 1314 1336 1343 τῶν
1365 1315 1522 1353 σωζομένων
1559 1317 1612 1344 ἀπὸ
1637 1317 1786 1358 αἱρετιχῶν,
1819 1320 1852 1346 τὸ

163 1357 274 1398 tio,qui
285 1357 753 1398 salvantur,adjungunt;quonam
765 1367 816 1388 eos
823 1361 906 1398 pacto
913 1358 975 1388 reci

1067 1370 1084 1390 ›ς
1097 1357 1230 1398 δεχόμεθα
1253 1359 1353 1392 αὐτούς,
1378 1361 1427 1388 Καὶ
1453 1361 1521 1389 κατά
1542 1363 1685 1399 πρόσωπον
1713 1362 1761 1398 μέν
1776 1357 1852 1400 αὐτῷ

162 1402 345 1441 piamus.Cui
353 1402 422 1432 licet
431 1411 530 1432 coram
538 1402 881 1443 exposuerim,quidquid
890 1403 935 1433 hic
943 1412 974 1433 se

1067 1402 1176 1443 ιλέχθην
1204 1406 1290 1431 πᾶσαν
1312 1403 1420 1433 ἐνταῦθα
1442 1404 1594 1433 ἀκολουθίαν
1622 1407 1666 1434 καὶ
1695 1407 1847 1441 συνήθειαν,

162 1451 330 1486 quamur,et
340 1446 369 1476 in
379 1456 460 1477 more
468 1448 594 1486 positum
603 1446 775 1477 habeamus:
787 1450 885 1478 tamen
896 1447 975 1477 etian

1067 1448 1075 1475 ὶ
1096 1450 1130 1485 τῇ
1145 1446 1256 1486 ὑμετέρᾳ
1277 1446 1304 1475 δὲ
1325 1448 1458 1487 ἁγιωσύνῃ
1473 1448 1575 1488 ἆναγκα
1582 1453 1619 1478 ιον
1634 1450 1744 1488 ἐνόμισα
1758 1455 1851 1489 οημᾶ-

161 1495 265 1521 vestrae
289 1491 437 1522 sanctitati
462 1491 631 1522 necessario
658 1491 882 1531 signiﬁcandum
900 1491 975 1529 duxi,

1079 1495 1117 1528 τῷ
1133 1492 1213 1531 Πατρὶ
1227 1494 1280 1519 τῶν
1309 1492 1442 1533 Ποιτέρων³
1485 1497 1524 1530 τῷ
1548 1494 1671 1533 ἀπογόνῳ
1698 1498 1744 1523 τοῦ
1772 1496 1850 1535 ἁγίου

161 1535 239 1565 Patri
255 1535 394 1566 videlicet
406 1537 569 1576 Patrum,et
580 1524 747 1566 successori
757 1535 851 1566 sancti
860 1535 975 1566 Joannis

1070 1524 1145 1564 ἀννου
1160 1524 1205 1563 τοῦ
1221 1535 1362 1576 Θεολόγου,
1380 1524 1442 1565 ’τοῦ
1463 1524 1613 1577 γενομένου¹
1633 1524 1849 1578 ἀρχιεπισκόπου

159 1579 366 1620 Theologi,qui
381 1584 478 1610 vester
493 1580 734 1620 archiepiscopus
748 1579 822 1617 fuit;
839 1580 917 1620 qnod
932 1579 980 1610 ni-

160 1623 267 1654 mirum
277 1624 446 1661 Arianos.et
456 1625 729 1663 Macedonianos,et
737 1624 981 1665 Novatianos,qui

159 1668 273 1708 seipsos
295 1669 445 1709 appellant
472 1670 566 1700 Puros
581 1677 615 1700 ac
630 1669 777 1706 Puriores,
798 1673 827 1700 et
841 1668 981 1700 Tcssares

158 1712 300 1743 decatitas
315 1713 376 1743 sive
391 1713 602 1751 Tetraditas,et
617 1712 844 1754 Apollinaristas
856 1713 980 1753 recipia-

159 1757 342 1794 mus,sident
358 1757 486 1795 libellos,
501 1762 529 1788 et
542 1767 661 1788 omnem
676 1757 812 1788 haeresim
825 1766 980 1788 exsecren-

158 1805 215 1838 tur,
233 1811 291 1832 non
315 1802 354 1832 ita
375 1802 567 1840 sentientem,
588 1803 629 1832 uti
650 1804 740 1833 sentit
765 1805 866 1833 sancta
881 1806 981 1833 nostra

156 1845 300 1876 catholica
310 1845 455 1886 Ecclesia,
472 1847 555 1886 cujus
573 1850 602 1877 tu
619 1855 727 1886 praeses
738 1850 767 1876 et
781 1850 870 1886 caput
880 1855 922 1884 es,
936 1846 980 1877 vir

156 1887 429 1922 beatissime.Prius
441 1895 539 1921 tamen
551 1890 595 1921 eis
610 1890 746 1931 signatur
756 1890 817 1921 sive
829 1890 981 1930 inungitur

155 1933 237 1964 frons
253 1938 404 1974 unguento
418 1943 513 1971 sacro,
531 1938 559 1965 et
571 1939 702 1973 nares,et
714 1943 812 1973 aures,
823 1939 852 1965 et
863 1940 977 1975 pectus,

155 1983 184 2009 et
194 1988 298 2010 omnes
307 1989 414 2010 seusus
427 1989 434 2010 :
447 1984 537 2020 atque
551 1980 630 2011 inter
645 1980 820 2019 signandum
839 1979 977 2017 dicimus,

154 2022 346 2062 Signuculum
362 2024 532 2054 donationis
545 2023 672 2064 Spiritus
681 2024 785 2055 sancti,
806 2023 976 2055 Secundum

154 2068 217 2098 haec
233 2072 370 2109 tanquam
383 2068 613 2108 egregiilaiciad
625 2077 692 2099 eum
709 2068 833 2108 gradum
840 2068 978 2099 ordinan-

155 2116 211 2149 tur,
226 2112 256 2142 in
267 2122 325 2153 quo
334 2113 415 2153 prius
425 2113 502 2153 apud
514 2122 583 2144 suos
597 2118 680 2144 erant
691 2124 698 2142 :
709 2113 770 2144 sive
794 2113 973 2153 presbyteri,

1022 1580 1110 1617 ἡμῶν,
1148 1579 1239 1620 ὅτιπερ
1274 1579 1434 1619 Ἀρειανοὺς,
1473 1583 1517 1610 καὶ
1551 1582 1771 1621 Μακεδονιανοὺς,
1803 1588 1849 1615 καὶ

1023 1625 1210 1662 Ναυατιανοὺς,
1240 1625 1301 1657 τοὺς
1337 1624 1462 1664 λέγοντας
1496 1627 1604 1658 ἑαυτοὺς
1635 1628 1766 1667 Καθαροὺς
1802 1629 1848 1656 καὶ

1024 1668 1234 1708 Καθαρωτὲρους,
1265 1670 1309 1697 καὶ
1336 1670 1398 1701 τοὺς
1434 1669 1749 1711 Τεσσαρεσκαιδεκατίτας
1785 1671 1846 1704 ἤτοι

1023 1712 1189 1752 Τετραδίτας,
1219 1715 1262 1742 καὶ
1292 1713 1525 1755 Ἀπολιναριστὰς,
1554 1714 1687 1756 δεχόμεθα
1725 1715 1847 1749 διδόντας

1021 1755 1167 1794 λιϐἐλλους⁷
1191 1759 1234 1786 καὶ
1258 1758 1492 1796 ἀναθεματίζοντας
1522 1763 1608 1789 πᾶσαν
1646 1761 1765 1800 αἳρεσιν,
1795 1762 1846 1795 τὴν

1021 1802 1060 1839 μὴ
1075 1807 1218 1841 φρονοῦσαν
1233 1803 1269 1834 ὡς
1284 1811 1375 1843 φρονεῖ
1395 1805 1412 1838 ἡ
1429 1805 1490 1844 ἁγία
1519 1806 1596 1843 ἡμῶν
1626 1806 1755 1840 χαθολικη
1777 1805 1845 1835 Ἐχ-

1019 1845 1128 1883 κλησίᾳ,
1142 1849 1175 1881 ἧς
1196 1847 1319 1887 πρόεδρος
1332 1848 1378 1876 χοὶ
1412 1849 1516 1889 κεφαλῆ
1544 1850 1684 1890 ὑπάρχεις,
1702 1852 1845 1891 μακαριώ-

1020 1901 1093 1928 τατε,
1122 1892 1344 1932 σφραγιζομένους
1380 1892 1441 1927 ἢτοι
1482 1894 1640 1934 χρωμένους
1668 1898 1773 1934 πρῶτον
1800 1899 1844 1933 τῷ

1020 1936 1086 1976 ἁγίῳ
1101 1937 1173 1975 μύρῳ
1195 1938 1226 1965 τὸ
1247 1937 1380 1976 μέτωπον,
1398 1940 1504 1971 καὶτὰς
1540 1939 1626 1978 ῥῖνας,
1655 1941 1700 1969 καὶ
1727 1941 1760 1969 τὰ
1771 1942 1842 1979 ὦτα,

1019 1981 1106 2009 καὶτὸ
1127 1984 1234 2019 στῆθος,
1249 1983 1293 2011 καὶ
1314 1983 1401 2016 πάσας
1422 1984 1469 2016 τὰς
1484 1985 1617 2020 αἰσθήσεις
1642 1993 1648 2000 ¹
1686 1986 1731 2014 καὶ
1753 1997 1840 2026 σφρα-

1019 2026 1134 2064 γίζοντες
1176 2026 1269 2058 αὐτοὺς
1297 2026 1411 2066 λέγομεν
1427 2035 1434 2043 ·
1453 2030 1567 2068 Σφραγὶς
1595 2027 1694 2068 δωρεᾶς
1723 2031 1844 2068 Πνεύμα-

1018 2081 1062 2103 τος
1084 2072 1170 2110 ἁγίου.
1189 2072 1238 2100 Καὶ
1253 2073 1320 2110 μετὰ
1342 2076 1422 2101 ταῦτα
1435 2074 1471 2105 ὡς
1506 2072 1645 2102 σπουδαῖοι
1672 2073 1764 2103 λαϊκοὶ
1776 2085 1841 2115 χει-

1017 2119 1182 2154 ροτονοῦνται
1197 2116 1294 2155 ἐκεῖνο,
1312 2116 1326 2144 ὅ
1341 2117 1407 2151 ἦσαν
1442 2117 1504 2158 παρ’
1529 2118 1620 2150 αὐτοῖς
1654 2119 1813 2159 τοπρότερον
1832 2129 1839 2135 ·

154 2156 216 2187 sive
229 2157 424 2195 diaconi,sive
436 2157 687 2195 subdiaconi,sive
704 2155 973 2198 psaltanagnostaaa.

1067 2170 1073 2187 ε
1106 2158 1285 2200 πρεσϐύτεροι,
1329 2161 1386 2189 εἴτε
1420 2155 1548 2203 διάκονοι,
1576 2162 1632 2192 εἴτε
1659 2155 1838 2205 ὑποδιῶίονοι,

152 2200 364 2240 Eunomianos,
390 2202 441 2242 qui
463 2211 522 2233 una
548 2202 696 2234 mersione
725 2201 929 2242 baptizantur;
946 2206 975 2233 et

154 2246 410 2287 Montanislas,qui
419 2247 605 2288 appellantur
621 2247 670 2278 hic
683 2246 811 2287 Phryges
826 2250 856 2277 et
870 2246 975 2278 Sabel-

151 2289 310 2331 lianos,qui
319 2291 413 2322 Patris
422 2295 450 2322 et
459 2291 527 2322 Filii
538 2291 645 2322 docent
656 2291 790 2322 eamdem
805 2299 975 2332 personam,

152 2335 270 2375 aliaque
283 2335 383 2375 gravia
392 2336 526 2376 quaedam
538 2335 738 2371 committunt;
756 2339 785 2366 et
800 2344 905 2366 omnes
914 2336 976 2368 hae-

151 2389 234 2410 reses
249 2380 336 2418 alias,
353 2381 471 2421 quando
484 2380 654 2421 complures
671 2381 718 2411 hic
733 2384 814 2418 sunt,
829 2389 864 2410 ex
887 2379 974 2411 Gala-

151 2427 247 2455 tarum
265 2425 429 2465 praasertim
446 2425 568 2465 regione
582 2426 754 2456 venientes:
771 2434 876 2455 omnes
891 2434 972 2464 ergo,

151 2469 202 2509 qui
220 2479 254 2501 ex
271 2470 316 2500 his
324 2470 360 2501 ad
377 2470 530 2501 veritatem
543 2471 645 2501 volunt
658 2470 814 2506 accedere,
833 2474 972 2510 tanquam

151 2523 280 2554 paganos
290 2514 464 2555 recipimus.
480 2514 521 2546 Ac
531 2515 626 2555 primo
643 2514 763 2556 quidem
779 2514 827 2545 die
849 2514 973 2545 facimus

151 2568 203 2590 eos
218 2559 412 2601 Christianos,
425 2559 518 2591 altero
530 2558 878 2591 Catecbumenos.Tertio
886 2559 971 2590 adbi-

150 2603 254 2634 bemus
269 2604 314 2634 eis
328 2605 542 2643 exorcismum,
558 2608 604 2635 ter
618 2605 786 2636 emittentes
799 2604 928 2635 afﬂatum
943 2605 974 2635 in

149 2647 254 2679 faciem
261 2651 292 2679 et
303 2657 390 2680 aures
402 2653 610 2690 eorum:atque
621 2648 662 2681 ita
673 2648 875 2690 resposcimus
885 2647 922 2679 ab
930 2648 974 2679 eis

1016 2203 1072 2232 εἴτε
1093 2204 1343 2244 ψαλταναγνῶσται.
1375 2207 1549 2245 Εὖνομιινοὺς
1578 2208 1681 2249 μέντοι²
1709 2209 1771 2241 τοὺς
1803 2203 1840 2242 εἰς

1016 2249 1077 2287 μίαν
1105 2249 1245 2278 κατάδυσιν
1293 2251 1512 2290 βαπτιζομένους,
1555 2254 1599 2281 καὶ
1644 2255 1839 2290 Μοντανιστὰς,

1016 2294 1076 2326 τοὺς
1101 2293 1209 2323 ἐνταῦθα
1236 2294 1396 2334 λεγομένους
1424 2297 1540 2336 Φρύγας,
1571 2298 1614 2326 καὶ
1644 2296 1840 2331 Σαϐελλιανοὺς

1017 2338 1076 2369 τοὺς
1091 2338 1257 2377 υἱοπατορίαν
1279 2339 1463 2378 διδάσκοντας,
1480 2342 1524 2370 καὶ
1543 2341 1618 2381 ἕτερά
1643 2353 1701 2370 τινα
1729 2342 1841 2383 χαλεπᾶ

1014 2387 1163 2426 ποιοῦντας,
1200 2384 1244 2411 καὶ
1278 2384 1365 2416 πάσας
1392 2385 1440 2417 τὰς
1475 2385 1557 2418 ἄλλας
1592 2386 1714 2426 αἱρέσεις,
1745 2387 1840 2422 ἐπειδὴ

1014 2425 1110 2454 πολλαί
1130 2428 1193 2455 εἰσιν
1208 2427 1328 2466 ἐνταῦθα,
1351 2428 1467 2466 μάλιστα
1482 2431 1534 2458 ἀπὸ
1556 2433 1605 2465 τῆς
1621 2425 1679 2458 ντῶν
1708 2432 1838 2460 Γαλατῶν

1014 2471 1106 2510 χώρας
1120 2471 1260 2511 ἐρχόμενοι
1278 2481 1285 2488 '
1316 2474 1412 2506 πάντες
1439 2475 1499 2507 τοὺς
1526 2474 1573 2503 ἀπ’
1602 2477 1686 2505 αὐτῶν
1712 2475 1839 2508 θέλοντας

1014 2516 1194 2555 προστίθεσθαι
1219 2519 1253 2555 τῇ
1293 2516 1413 2556 ἀληθείᾳ,
1444 2520 1480 2551 ὡς
1519 2514 1659 2554 ’Έλληνας
1689 2519 1836 2561 δεχόμεθα,

1016 2561 1064 2591 Καὶ
1079 2560 1129 2594 τὴν
1166 2560 1274 2600 πρώτην
1308 2561 1409 2602 ἡμέραν
1432 2567 1559 2602 ποιοῦμεν
1584 2565 1677 2598 αὐτοὺς
1707 2569 1839 2605 Χριστια-

1014 2604 1085 2642 νοὺς,
1107 2606 1152 2634 καὶ
1174 2606 1223 2640 τήν
1239 2605 1357 2647 δευτέραν
1372 2610 1602 2649 κατηχουμένους.
1627 2610 1696 2638 Εἶτα
1709 2604 1760 2644 τὴν
1775 2611 1838 2640 ταί-

1015 2660 1063 2682 την
1079 2649 1243 2690 ἑξορκίζομεν
1257 2652 1349 2684 αὐτούς
1370 2653 1438 2690 μετὰ
1470 2659 1518 2684 τοῦ
1544 2653 1662 2694 ἓμφυσᾷν
1687 2654 1774 2694 τρίτον
1800 2656 1838 2688 εἷς

809 2732 936 2766 νΑΒΙᾸΕ
956 2732 1170 2767 LECTIONES.

188 2805 199 2819 ε
214 2780 267 2820 qui
281 2784 398 2813 canunt
412 2782 548 2822 hymnos,
565 2785 594 2814 et
608 2782 731 2814 lectores
745 2788 826 2818 sunt.
