1942 3081
201 136 259 181 907

206 259 331 290 civitatis
346 259 375 288 in
393 257 490 288 Pieria
505 257 678 294 sitae,factus
700 261 745 288 est
756 256 1027 296 Hierosolymorum

205 304 373 345 patriarcha
389 312 396 334 :
414 302 465 343 qui
489 303 566 332 hanc
591 301 621 332 in
638 301 742 332 urbem
760 302 920 342 profectus,
939 299 1027 330 mini-

203 349 326 379 sterium
344 356 459 378 sacrum
485 346 578 377 obivit
603 355 660 376 una
688 355 753 376 cum
771 345 940 376 beatissimo
956 354 1025 375 san-

203 393 395 432 ctissimoque
411 391 586 432 patriarcha,
618 390 738 420 domino
764 390 898 427 Nicolao,
916 394 1023 421 etcum

202 446 286 468 sacra
308 436 431 477 synodo.
452 435 618 467 Celestinus
647 444 720 474 papa
744 434 894 465 Romanus
922 434 1026 465 scribit

204 481 335 522 epistolis
351 480 447 510 tribus
460 480 495 510 ad
515 479 652 519 Cyrillum
669 479 912 516 Alexandrinum,
932 478 1026 509 Joan-

205 535 273 557 nem
283 523 621 560 Antiochenum,Rufum
631 522 1027 559 Thessalonicensem,nullo

206 569 294 601 modo
311 568 474 600 canonibus
495 568 643 598 adversari
675 567 895 598 translationem
912 568 1027 607 episco-

204 625 323 656 porum,
355 614 392 645 ab
422 623 479 644 una
504 613 621 644 civitate
644 613 674 643 in
698 613 798 651 aliam,
831 614 1026 653 quemadmo-

204 661 274 692 dum
291 658 446 691 Sozomeni
457 658 535 689 ﬁlius
545 657 681 688 Hermias
705 657 755 688 ait,
769 657 883 698 Quippe
893 657 1027 698 migratio

878 147 893 178 J
898 145 944 177 US
966 142 1190 177 CANONIGUM

204 214 307 246 moriae
321 213 429 255 prodit,
444 213 573 253 Agapius
597 212 841 252 archiepiscopus
863 212 968 243 Selene

527 213 573 243 ius
597 212 841 252 archiepiscopus
863 209 1291 255 δεΙθυεθεε,Δξιρχιεπίσκοπος,

1837 141 1892 175 908

1339 212 1430 252 γέγονε
1479 213 1649 253 πατριάρχης
1695 207 1892 251 Ἱεροσολύμων,

1081 260 1116 287 Oc
1131 256 1254 285 εἰσελθὼν
1275 257 1394 294 ἐνταῦθα,
1423 257 1655 296 συνελειτούργησε
1681 260 1721 293 τῷ
1756 266 1893 295 μακαριω-

1068 300 1140 337 ταίτῳ
1170 302 1213 329 καὶ
1241 302 1381 340 ἁγιωτάτῳ
1408 303 1563 342 πατριάρχῃ
1594 305 1664 341 κυρῷ
1693 300 1830 336 Νικολάῳ,
1853 301 1894 327 καὶ

1067 347 1100 381 τῇ
1115 345 1170 383 ἱερᾷ
1195 344 1304 382 συνόδῳ.
1335 341 1364 374 ι0
1387 341 1493 383 (Ρώμης
1518 346 1608 377 πάπας
1639 344 1801 374 Καλεστϊνος
1826 354 1890 382 γρα-

1066 399 1108 428 φει
1129 388 1163 416 δι’
1186 390 1331 418 ἐπιστολῶν
1359 394 1441 430 τριῶν
1468 391 1533 430 πρός
1569 401 1597 419 τε
1618 390 1663 418 τὸν
1698 387 1890 427 Ἀλεξανδρείας

1069 432 1204 472 Κύριλλον,
1248 435 1374 468 Ἰωάννην
1415 436 1460 463 τὸν
1491 429 1682 474 νἈντιοχείας,
1718 434 1761 461 καὶ
1784 429 1890 472 Ῥοῦφον

1069 479 1272 518 Θεσσαλονίκης,
1315 479 1492 518 καταμηδέντι
1533 480 1719 518 προσίστασθαι
1752 484 1812 508 τοῖς
1840 488 1891 504 κα-

1068 522 1123 550 νόσι
1152 524 1202 556 τήν
1230 524 1391 561 μετάστασιν
1418 525 1471 552 τῶν
1513 524 1676 559 ἐπισκόπων,
1713 522 1766 550 ἀπὸ
1801 522 1892 561 ἑτέρας

1068 566 1172 608 πόλεως
1187 568 1224 599 εἷς
1240 568 1341 608 ἑτέραν,
1367 570 1404 600 ὡς
1429 570 1443 597 6
1474 572 1628 606 Σωζομενοῦ
1656 567 1728 606 λέγει
1754 562 1890 605 Ἑρμείας.

1071 605 1135 639 ’Ὁτι
1151 612 1167 645 ἡ
1196 611 1337 649 μετάϐασις
1367 612 1524 652 κεκώλυται,
1554 613 1584 641 οὔ
1613 613 1666 650 μὴν
1693 613 1711 645 ἡ
1739 611 1891 649 μετάθεσις.

1070 654 1197 688 Σιλϐανὸς
1220 657 1233 684 6
1261 658 1455 697 Θαυματοοργὶις
1483 657 1536 685 ἀπὸ
1562 656 1800 688 Φιλιππουπόλεως
1842 659 1893 689 τῆς

1070 699 1096 727 ἐν
1125 701 1224 740 Θράκῃ,
1262 702 1298 732 εἷς
1335 701 1452 741 Τρωάδα.
1491 701 1608 734 Εὒδόξιος
1635 703 1649 729 6
1677 702 1826 739 μετατεθεὶς
1862 704 1892 729 ὲκ

204 704 352 746 prohibita
367 709 411 734 est
425 715 450 742 ι,
467 712 526 733 non
554 702 716 733 translatio.
747 701 869 733 Sivanus
898 702 948 733 ille
973 703 1026 732 mi-

199 745 369 781 raculorum
387 747 483 788 opifex
497 756 515 778 a
528 747 727 787 Philippopoli
749 746 882 778 Thracia
897 751 966 777 tran:

1122 746 1234 780 μανικῆς
1264 747 1299 778 εἷς
1329 745 1507 786 Ἀντιόχειαν,
1544 746 1648 785 ἐγένετο
1676 747 1720 773 καὶ
1756 746 1889 785 πατριάρ-

201 798 249 825 tus
264 798 309 824 est
323 793 481 824 Troadem.
499 791 650 822 Eudoxius
669 791 855 822 Antiochiam
868 791 968 822 transl:

1156 790 1468 830 Κωνσταντινουπόλεως,
1499 791 1624 823 Ἰωάννης
1658 792 1672 818 ὁ
1715 789 1887 827 Κωδωνᾶτος,

202 848 236 870 ex
252 838 438 873 Germanica,
466 836 559 867 factus
587 841 633 867 est
647 835 734 866 etiam
752 835 918 875 patriarcha
947 837 969 868 C

1121 833 1192 867 ετέθη
1216 834 1267 862 ἀπὸ
1293 838 1340 863 τοῦ
1372 837 1554 875 πατριαρχείου
1588 836 1637 868 τῆς
1666 833 1787 873 μεγάλης
1824 833 1888 862 Ἀν-

201 868 492 921 stantinopolitanus.
517 880 646 911 Joannes
668 868 836 911 Codonatus
852 889 868 910 a
898 880 968 921 patri

1123 878 1196 918 λείας,
1225 879 1262 910 εἷς
1290 879 1338 912 τὴν
1368 868 1532 919 μητρόπόλιν
1554 880 1642 919 Τόρων
1656 868 1713 904 68:
1737 880 1781 907 καὶ
1795 878 1890 907 πολλοὶ

202 928 291 958 chatu
322 935 435 966 magum
459 925 538 955 illius
567 924 731 955 Antiochiae
760 925 916 956 translatus
931 925 1024 956 estad

201 970 389 1011 metropolim
406 969 567 1000 Torensem
583 969 600 1000 ί.
624 968 741 1009 Aliique
768 969 866 1008 plures
891 970 927 1000 ad
953 970 1026 1000 alias

201 1020 287 1056 atque
302 1015 386 1046 alias.
402 1014 435 1045 In
451 1013 557 1044 diebus
586 1017 684 1044 autem
711 1013 804 1044 sancti
821 1015 917 1045 Patris
933 1017 1023 1045 nostri

199 1059 311 1090 Nicetaa
333 1059 507 1100 patriarchae
519 1058 847 1098 Constantinopolitani,
863 1059 1023 1090 monachus

199 1104 251 1136 ille
263 1104 457 1135 Pentac-tenes
469 1107 497 1133 et
511 1102 670 1142 Pentailas,
697 1102 826 1142 primum
842 1113 858 1133 a
888 1103 1022 1134 Rosianis

200 1149 359 1180 translatus
383 1152 429 1178 est
462 1148 498 1178 ad
534 1147 792 1187 archiepiscopum
831 1147 985 1178 Lemnium
1012 1159 1018 1179 :

201 1194 310 1225 deinde
324 1193 393 1224 data
403 1196 447 1223 est
455 1192 542 1223 etiam
553 1191 581 1222 ei
593 1193 910 1232 MaroneaJmperante
919 1193 1022 1224 .tlexio

201 1237 364 1273 Comneno,
391 1236 483 1268 Sabas
518 1237 674 1276 episcopus
712 1237 852 1267 Caesareae
880 1237 1020 1278 Philippi,

201 1283 294 1313 factus
323 1285 367 1313 est
401 1280 673 1320 Hierosolymorum
716 1281 881 1320 patriarcha
909 1285 939 1312 et
964 1283 1021 1312 huc

199 1327 359 1367 profectus,
385 1325 478 1356 obivit
505 1325 700 1355 ministerium
731 1334 847 1356 sacrum
873 1335 930 1356 una
954 1336 1020 1357 cum

200 1373 387 1404 sanctissimo
399 1371 566 1412 patriarcha
581 1369 712 1407 Nicolao,
729 1375 756 1401 et
779 1371 900 1411 synodo.
932 1372 1022 1403 Nico-

200 1417 264 1448 laus
279 1416 400 1454 Muzalo,
419 1425 486 1446 cum
513 1418 576 1445 erat
603 1415 844 1455 archiepiscopus
857 1415 953 1456 Cypri,
971 1425 1021 1447 re-

200 1462 346 1492 nuntiavit
361 1461 388 1491 ei
404 1461 509 1491 throno
529 1471 534 1489 :
552 1460 677 1500 dataque
706 1463 750 1490 est
772 1459 799 1489 ei
824 1461 938 1491 mansio
955 1460 1022 1491 Cos-

202 1505 348 1546 midii,cui
364 1504 481 1545 praefuit
496 1503 620 1535 annis...
643 1503 752 1534 deinde
768 1504 860 1534 factus
875 1509 919 1535 est
933 1505 1022 1536 etiam

1067 922 1161 962 ἕτεροι,
1191 924 1227 954 εἷς
1256 923 1338 956 ἄλλας
1359 925 1401 952 καὶ
1430 923 1523 957 ἄλλας.
1558 923 1618 953 Ἐπὶ
1646 924 1672 951 δὲ
1700 924 1754 952 τῶν
1781 925 1890 963 ἡμερῶν

1066 971 1111 996 τοῦ
1145 968 1216 995 ὁσίου
1251 969 1352 1007 Πατρὸς
1380 969 1456 1006 ἡμῶν
1486 969 1588 1004 Νικήτα
1614 969 1781 1008 πατριάρχου
1812 973 1889 997 Kom-

1066 1012 1316 1052 σταντινουπόλεως,
1347 1014 1361 1040 ὁ
1396 1014 1516 1053 μοναχὸς
1545 1013 1726 1046 Πεντακτένης
1756 1014 1798 1040 καὶ
1822 1016 1890 1040 [law

1065 1055 1170 1093 ταϊλᾶς,
1199 1056 1251 1085 ἀπὸ
1279 1053 1425 1086 Ῥωσιάνων
1453 1057 1580 1097 πρότερον
1607 1058 1732 1095 μετετέθη
1768 1058 1805 1088 εἷς
1839 1059 1890 1091 τὴν

1064 1101 1277 1140 ἁρχιεπισκοπὴν
1293 1104 1401 1139 Λῆμνον
1418 1111 1426 1120 ⁸
1449 1102 1510 1130 εἶτα
1536 1101 1613 1135 ἐδόθη
1642 1104 1713 1139 αὖτῷ
1740 1103 1784 1130 καὶ
1798 1103 1815 1136 ἡ
1834 1106 1891 1130 Μα-

1065 1146 1170 1183 ρώνεια.
1199 1145 1260 1174 Ἐπὶ
1290 1149 1338 1180 τῆς
1367 1146 1500 1184 βασιλείας
1530 1146 1646 1179 Ἀλεξίου
1672 1150 1718 1175 τοῦ
1746 1151 1888 1184 Κομνηνοῦ

1067 1188 1154 1231 Σάϐας
1186 1191 1340 1230 Καισαρείας
1368 1193 1417 1224 τῆς
1458 1190 1602 1229 Φιλίππου,
1643 1191 1735 1230 γέγονε
1762 1192 1891 1231 πατριάρ-

1063 1245 1119 1273 χης
1137 1229 1324 1274 Ἰεροσολύμων
1340 1243 1347 1250 ⁸
1377 1236 1420 1263 καὶ
1448 1235 1530 1264 ἐλθὼν
1559 1229 1686 1266 ἐνταῦθα(
1703 1229 1886 1276 συνελειτούρ-

1062 1290 1128 1317 γησε
1170 1282 1208 1315 τῷ
1253 1279 1391 1318 ἁγιωτάτῳ
1431 1280 1586 1320 πατριάρχῃ
1628 1280 1750 1317 Νικολάῳ
1778 1283 1823 1309 καὶ
1854 1285 1889 1320 τῇ

1063 1322 1173 1360 συνόδῳ.
1207 1323 1335 1356 Νικόλαος
1365 1325 1378 1352 ὁ
1408 1324 1561 1364 Μουζάλων,
1593 1325 1802 1365 ἄρχιεπίσκοπος
1833 1327 1887 1355 Κύ-

1063 1379 1128 1403 πρου
1157 1368 1310 1406 γενόμενος,
1339 1370 1511 1408 παρῃτήσατο
1544 1370 1590 1397 τὸν
1626 1369 1717 1408 θρόνον
1745 1371 1795 1403 τῆς
1832 1371 1886 1399 Κύ-

1064 1423 1130 1449 πρου
1148 1436 1155 1443 ,
1178 1413 1220 1440 καὶ
1249 1411 1324 1446 ἐδόθη
1353 1414 1423 1450 αυτῷ
1450 1414 1467 1448 ἡ
1496 1414 1565 1451 μόνη
1593 1419 1638 1443 τοῦ
1660 1414 1816 1455 Κοσμιδίου,
1844 1417 1889 1444 καὶ

1064 1456 1179 1496 προέστη
1228 1459 1311 1491 αὐτῆς
1358 1457 1404 1486 ἐπὶ
1446 1459 1617 1498 χρόνοις....,
1663 1459 1754 1488 ἔπειτα
1795 1460 1888 1499 γέγονε

1064 1502 1108 1529 καὶ
1149 1502 1316 1542 πατριάρχης
1373 1503 1685 1535 Κωνσταντινουπόλεως,
1739 1503 1800 1533 Ἐπὶ
1842 1509 1890 1533 τοῦ

201 1550 370 1591 patriarcha
393 1548 744 1588 Constantinopolitanus.
760 1548 819 1579 Sub
838 1549 968 1580 sam-lissi

1123 1547 1222 1591 inci-mu
1245 1547 1419 1587 πατριάρχου,
1444 1551 1522 1587 κυροῦ
1544 1548 1669 1589 Μιχαὴλ,
1699 1550 1890 1588 συμπαρόντων

201 1595 379 1636 patriarcha,
411 1593 533 1624 domino
557 1593 710 1629 Michaele,
729 1593 922 1633 praesentibus
937 1594 1024 1627 etiam

201 1640 400 1677 Antiocheno,
431 1642 460 1667 et
486 1637 764 1677 Hierosolymitano,
781 1642 810 1667 et
825 1638 1024 1678 imperatoriis

200 1683 431 1722 magistratibus,
452 1682 482 1712 in
495 1682 617 1721 synodo,
634 1681 758 1712 Michael
773 1681 892 1722 quidam
909 1691 1023 1714 renun-

199 1728 288 1759 tiatus
315 1727 474 1768 episcopus
501 1729 643 1762 Amaseaa,
672 1726 723 1766 qui
748 1725 857 1757 deinde
885 1731 1020 1767 tanquam

200 1781 307 1803 vacans
317 1775 473 1812 acceperat
488 1771 644 1811 Ancyram,
661 1770 725 1800 loco
739 1770 817 1800 illius
831 1770 1022 1803 Cerasuntem

199 1818 356 1848 translatus
370 1816 436 1851 fuit,
453 1815 538 1855 cujus
564 1815 670 1845 throno
700 1815 808 1854 potitus
824 1819 878 1851 est,
895 1816 930 1846 ad
944 1817 1021 1847 infe-

198 1861 278 1892 riora
288 1859 622 1899 detrusus.Nicephorus
630 1864 699 1890 metu
709 1859 877 1899 opolitanus
886 1861 1018 1898 Gangrae.

199 1905 293 1936 factus
308 1905 389 1945 prior
410 1903 564 1941 Cosmidii,
581 1907 720 1943 tanquam
738 1913 855 1940 vacans,
869 1905 984 1944 accepit
995 1910 1023 1935 et

201 1950 388 1990 metropolim
415 1948 589 1979 Amastrim.
619 1948 879 1989 Leontopolitanus
894 1950 1020 1990 accepit,

1067 1591 1110 1618 καὶ
1145 1595 1190 1619 τοῦ
1217 1590 1393 1632 Ἀντιοχείας,
1436 1593 1480 1620 καὶ
1516 1596 1562 1621 τοῦ
1600 1590 1800 1633 ιΙεροσολύμκυν,
1845 1595 1891 1622 καὶ

1066 1635 1203 1674 ἀρχόντων
1230 1636 1385 1674 βασιλικῶν,
1409 1636 1559 1675 ουνοδικῶς,
1584 1637 1695 1677 Μιχαήλ
1721 1649 1761 1669 τις
1787 1638 1889 1672 ἐπικη-

1065 1681 1169 1719 ρυχθεὶς
1196 1679 1349 1718 Ἀμασείας,
1367 1681 1428 1710 εἶτα
1453 1683 1489 1713 ὼς
1511 1681 1651 1722 σχολάζων
1678 1682 1728 1716 τὴν
1755 1682 1889 1723 ⁷Αγκυροιν

1065 1723 1162 1762 λαϐών,
1190 1726 1234 1753 καὶ
1259 1726 1304 1754 τὸν
1330 1726 1412 1755 τόπον
1439 1726 1530 1761 αὐτῆς,
1566 1729 1600 1765 τῇ
1626 1730 1674 1755 τοῦ
1709 1732 1890 1766 Κερασοῦντος

1065 1769 1200 1806 μετετέθη.
1229 1771 1277 1799 Καὶ
1305 1775 1351 1799 τοῦ
1378 1772 1468 1810 θρόνου
1495 1772 1593 1805 ταύτης
1621 1771 1751 1811 ἐγκρατὴς
1779 1773 1890 1812 γέγονεν

1065 1813 1257 1846 ὑποϐιϐασθείς.
1301 1816 1450 1855 Νικηφόρος
1503 1815 1702 1856 μητροπολίτης
1752 1818 1889 1856 Γάγγρας,

1063 1859 1210 1896 ἡγούμενος
1232 1861 1347 1898 γεγονὼς
1368 1864 1414 1888 τοῦ
1444 1859 1594 1899 Κοσμιδίου,
1617 1860 1708 1889 ἔλαϐεν
1742 1863 1778 1894 ὡς
1815 1874 1890 1902 σχο-

1064 1901 1148 1938 λάζῳν
1171 1904 1215 1930 καὶ
1237 1904 1286 1937 τὴν
1316 1905 1479 1945 μητρόπολιν
1508 1900 1670 1945 ”Αμαστριν,
1700 1901 1728 1934 Ὀ
1757 1900 1891 1934 Λεοντου-

1063 1946 1165 1979 πόλεως
1187 1946 1278 1976 ἔλαϐεν
1305 1950 1341 1980 ὡς
1372 1949 1511 1989 σχολάζων
1539 1950 1588 1983 τὴν
1611 1949 1842 1989 Ἀρκαδιούπολιν.
1861 1947 1891 1980 ιΟ

200 1999 232 2026 ut
247 2003 367 2031 vacans,
393 1993 624 2033 Arcadiopolim.
651 1993 815 2032 Episcopus
838 1993 954 2033 Athyras

1125 2002 1202 2024 κοπος
1231 1991 1329 2030 Ἀϐύμα
1366 1993 1442 2022 ἔλαϐε
1482 1994 1530 2028 τὴν
1573 1994 1735 2034 Σεργέντζην
1762 1994 1805 2024 69.
1846 1997 1892 2033 τῷ

200 2039 278 2079 cepit
293 2038 481 2078 Sergentzam
501 2038 521 2067 ἓ.
547 2037 752 2077 Axiopolitano
768 2038 922 2071 kvaeanvi,
954 2038 967 2068 d

1121 2035 1252 2068 οδπόλεως
1296 2037 1327 2062 7|)
1369 2038 1561 2080 U‘XOAa’COV‘EL,”
1582 2038 1658 2073 ἐδόθη
1699 2040 1829 2080 πρότερον
1870 2042 1888 2074 ἡ

196 2074 324 2123 primum
338 2074 384 2114 est
411 2081 533 2121 Abydus
551 2090 557 2111 :
577 2074 679 2122 postea
699 2090 780 2116 vero,
808 2081 896 2112 etiam
915 2082 963 2121 Ap]

1121 2079 1182 2113 Mog
1199 2089 1206 2097 ⁶
1231 2081 1336 2122 ὕστερον
1432 2084 1476 2111 καὶ
1503 2074 1670 2123 ὅγ”Απρωῃ
1695 2074 1739 2121 Ti}
1760 2074 1888 2116 ’Ᾰλανίας

195 2127 342 2168 Episcopo
371 2125 484 2157 Alaniaa
513 2125 580 2156 data
613 2130 658 2156 est
685 2125 890 2165 Soteriopolis.
917 2127 962 2157 Pe‘

1122 2137 1139 2158 η
1167 2126 1185 2159 ἡ
1216 2127 1442 2166 Σωτηριούπολις.
1473 2128 1570 2167 Πέτρος
1607 2130 1620 2156 6
1655 2130 1761 2168 Μογγὸς
1789 2128 1889 2167 ἐντολῇ

193 2172 319 2211 Mongus
335 2170 472 2202 mandato
502 2170 601 2201 Acacii
629 2170 804 2210 patriarihaa
818 2171 1023 2201 Constantino-

195 2204 331 2256 politvani,
362 2215 520 2246 translatus
544 2219 587 2245 εει
608 2204 644 2245 ab
671 2214 823 2245 Euchailis
839 2215 874 2245 ad
894 2204 1053 2254 patriar-D

195 2261 313 2293 chatnm
326 2259 572 2291 Alexandrinum.
586 2259 743 2290 Narcissus
751 2259 1020 2298 Hierosolymorum

195 2306 373 2346 patriarcha,
406 2313 441 2335 ex
471 2305 643 2344 episcopatu
670 2303 825 2335 Fladiadi1
850 2304 899 2344 qui
921 2303 1024 2334 subest

196 2350 355 2390 metropoli
365 2348 639 2385 Navarzae,abduxit
649 2349 743 2379 virum
753 2352 888 2379 sanctum
900 2348 1023 2379 Alexan-

196 2395 283 2425 drum
299 2399 328 2424 et
352 2393 623 2433 Hierosolymorum
642 2394 838 2433 patriarcham
865 2392 1021 2433 ordinavit,

194 2440 361 2479 imperante
386 2437 553 2468 Alexandro
578 2439 707 2469 Mamaeae
723 2438 795 2474 lilio,
823 2437 901 2469 sicut
925 2437 1023 2477 inquit

193 2483 339 2515 Eusebius
349 2482 553 2523 Pamphilidas
568 2482 629 2512 suis
645 2482 675 2512 in
692 2482 824 2512 historiis
839 2481 1023 2512 ecclesiasti-

194 2529 248 2570 cis,
266 2538 300 2559 ac
317 2536 376 2558 non
391 2527 421 2557 in
436 2526 513 2557 libro
524 2526 789 2557 Demonstrationis
797 2526 1020 2557 ecclesiasticae.

194 2574 237 2606 Ex
262 2572 367 2604 eodem
397 2571 569 2611 episcopatu
595 2571 743 2602 Fladiadis
766 2571 904 2602 dominus
932 2570 1023 2602 Nice-

194 2619 306 2660 phorus
331 2617 458 2655 Phocas,
491 2616 641 2647 communi
673 2616 794 2647 decreto
824 2625 877 2656 per
900 2624 1020 2647 auream

1064 2167 1187 2198 Ἀκακίου
1227 2172 1397 2212 πατριάρχου
1451 2171 1763 2211 Κωνσταντινουπόλεως,
1818 2184 1890 2211 μετ-

1064 2213 1138 2258 ετέθη
1173 2214 1225 2242 ἀπὸ
1250 2216 1390 2258 Εὖχαῒτων
1414 2217 1450 2248 εἷς
1480 2216 1676 2256 Ἀλεξάνδρειαν
1701 2218 1889 2258 πατριάρχης·

1066 2254 1093 2286 Ὀ
1129 2251 1306 2299 πατριάρχης⁷
1335 2256 1521 2300 Ἱεροσολύμων
1554 2251 1712 2301 Νάρκισσος,
1749 2251 1806 2290 tim“;
1819 2251 1890 2300 “vix:

1063 2302 1210 2337 ἐπισκοπῆς
1233 2303 1377 2332 Φλαδιάδου
1392 2304 1436 2343 Ἠ,
1459 2304 1518 2338 ἥτις
1540 2305 1607 2334 ἐστὶν
1634 2307 1685 2335 ὑπὸ
1711 2306 1761 2340 τὴν
1781 2308 1890 2347 μητρό-

1064 2346 1138 2375 πολιν
1167 2349 1313 2387 Ναυάρζης,
1347 2349 1430 2389 ’ἤγαγε
1458 2351 1503 2378 τὸν
1531 2350 1558 2379 ἒν
1586 2351 1670 2390 ἁγίοις
1705 2350 1890 2391 Ἀλέξανδρον,

1063 2393 1106 2420 καὶ
1153 2392 1338 2432 ἐχειροτόνησε
1389 2395 1558 2435 πατριάρχην
1600 2391 1799 2435 Ἰεροσολύμων,
1845 2397 1890 2424 ἐπὶ

1063 2438 1112 2469 τῆς
1140 2437 1274 2475 βασιλείας
1303 2436 1471 2479 Ἀλεξάνδρου
1499 2444 1545 2469 τοῦ
1574 2440 1709 2477 Μαμαίας,
1740 2440 1776 2473 ὥς
1802 2452 1889 2480 φησιν

1063 2480 1185 2514 Εὐσέϐιος
1208 2483 1221 2510 6
1245 2482 1382 2522 Παμφίλου
1417 2483 1444 2511 ἐν
1464 2491 1526 2515 ταῖς
1548 2483 1783 2517 ἐκκλησιαστικαῖς
1806 2486 1889 2514 αὐτοῦ

1063 2525 1198 2565 ἱστορίαις,
1220 2527 1265 2554 καὶ
1287 2528 1347 2567 οὐχὶ
1375 2527 1401 2555 ἐν
1422 2531 1456 2566 τῇ
1485 2527 1567 2566 βίϐλῳ
1594 2530 1643 2561 τῆς
1659 2527 1889 2563 ἐκκλησιαπικῆς

1063 2570 1141 2598 αὐτοῦ
1155 2569 1322 2603 ἀποδείξεως.
1353 2571 1420 2600 Ἀπὸ
1444 2572 1491 2606 τῆς
1519 2572 1601 2606 αὖτῆς
1628 2572 1776 2606 ἐπισκοπῆς
1807 2573 1890 2602 Φλα-

1063 2613 1149 2645 ὃιάδος
1164 2615 1178 2642 ὁ
1192 2619 1268 2654 κῦρος
1294 2616 1442 2656 Νικηφόρος
1469 2617 1483 2645 ὸ
1504 2619 1600 2650 Φωκᾶς
1629 2619 1706 2656 κοινῇ
1737 2617 1822 2657 ψήφῳ
1847 2617 1891 2647 διὰ

864 2694 991 2727 VARIE
1014 2693 1232 2728 LECTIONES.

232 2763 266 2789 ω
280 2763 389 2804 Τυρίων,
403 2763 436 2788 69
452 2764 634 2804 Σεργενίτζην,
650 2764 681 2790 ’10
696 2761 944 2797 Ἀλλεξιουπόλεως.
966 2762 993 2788 71
1009 2762 1165 2804 Φλαδιάδος,
1183 2763 1259 2795 forte
1274 2762 1432 2797 Φλαϐιάὸος,

235 2823 351 2860 nquam
365 2819 472 2858 sponte
486 2817 553 2857 quis
568 2818 712 2850 instituit.
750 2815 951 2857 ‘Tyrlensen.
985 2817 1224 2858 18ergenitzan.
1263 2818 1275 2840 ¹ί
1303 2818 1568 2859 Alemz'opolitano.
1604 2818 1610 2836 '
1629 2817 1794 2851 Fladiadis
1808 2821 1894 2860 forte

199 2857 368 2891 Flavtadis.
