1942 3081
179 104 238 137 915

869 104 885 134 J
888 103 935 134 US
955 102 1180 136 CANONICUM

1812 105 1878 137 916

177 181 363 210 ωοοιιοῐηιιε,
387 171 492 203 eodem
508 171 674 212 imperante
689 171 843 209 Mauricio,
861 175 889 202 et
905 171 990 202 Phoc:

1074 171 1165 208 .ησίας,
1189 173 1233 200 καὶ
1245 173 1394 210 οἰκονόμος,
1424 172 1467 201 ἐπὶ
1488 176 1534 201 τοῦ
1556 173 1634 202 αὐτοῦ
1654 173 1810 212 Μαυρικίου,
1826 162 1878 201 καὶ

176 219 313 256 tyranno,
327 225 378 246 an.
391 224 421 247 ιι

219 259 348 291 Thomas
358 260 501 291 diaconus
508 263 536 291 et
547 260 841 301 sacellariusMajoris
851 260 1001 298 Ecclesia,

175 308 322 344 regnante
337 305 434 336 Phoca
449 304 773 346 eodem,pontiﬁcatum
786 305 876 345 gessit
891 315 941 336 an.
959 313 1000 343 Ill,

176 358 274 380 mens.
287 358 320 381 Π.

215 394 343 433 Sergius
350 394 491 425 diaconus
503 393 635 434 ejusdem
642 393 939 434 Ecclesizp,regnante
947 393 1003 425 He-

176 439 267 470 raclio
283 446 418 479 augusto,
434 446 597 475 an.xxv1u,
616 448 712 470 mens.
726 447 777 471 vn.

174 484 304 523 Pyrrhus
333 483 488 524 presbyter
504 482 637 522 ejusdem
654 483 805 524 Ecclesiae,
825 485 1000 522 monachus,

175 531 204 559 et
219 537 328 569 praeses
345 527 605 565 monasteriorum,
631 532 660 559 et
675 528 767 559 abbas
783 528 1001 569 Chrysopolita-

174 582 242 610 nus,
259 573 406 604 seditione
420 577 579 610 commota,
593 573 785 603 renuntiavit:
796 583 861 604 cum
872 573 1001 613 pontifex

173 618 278 649 tuisset
293 627 329 649 an
345 627 376 655 ιι,
396 627 491 649 mens.
507 626 547 656 ix,
564 617 670 648 diebus
683 626 724 649 IX.

215 663 321 694 Paulus
335 662 471 702 ejusdem
502 662 657 703 presbyter
674 661 860 700 Ecclesiae,et
873 672 996 694 tecono-

173 718 250 747 mus,
269 708 408 740 Heraclio
420 712 562 748 regnante
577 718 624 738 an.
642 717 693 739 xu.

214 753 342 793 Pyrrhus
358 753 468 784 iterum
484 752 650 789 restitutus,
668 761 751 783 mens
761 761 802 784 ιν.

213 797 316 828 Petrus
331 798 473 828 diaconus
502 801 530 828 et
556 806 727 828 mconomus
740 797 874 837 ejusdem
887 798 994 830 Eccle—

173 842 236 880 siae,
277 846 419 882 regnante
460 841 652 873 Constantino
674 849 686 863 ο
715 842 845 873 Heraclii
873 847 993 884 nepote,

170 896 208 917 an
218 895 270 924 xu,
288 896 384 918 mens.
402 894 441 918 1v.

212 931 341 962 Thomas
354 931 497 963 diaconus
519 935 548 962 et
562 931 758 963 chartularius
773 931 908 971 ejusdem
934 932 991 963 Ec-

167 976 277 1016 clesiae,
294 985 344 1007 an.
360 985 400 1013 ιχ,
418 986 513 1007 mens.
529 984 579 1007 vn.

210 1021 339 1052 Joannes
355 1021 508 1061 presbyter
524 1025 556 1052 et
574 1020 771 1052 chartularius
785 1021 918 1061 ejusdem
935 1021 993 1053 Ec-

170 1065 280 1106 clesiaa,
298 1075 347 1096 an.
361 1074 389 1103 v,
405 1075 503 1097 mens.
520 1074 560 1096 1x.

209 1110 420 1142 Canstantinus
435 1110 580 1141 diaconus
595 1110 728 1149 ejusdem
746 1110 896 1147 Ecclesiae,
909 1119 994 1142 vaso-

171 1163 298 1196 rumque
313 1159 455 1195 custos,et
467 1163 650 1192 ceconomus,
660 1155 764 1185 eodem
777 1154 968 1186 Constantino
982 1162 995 1183 ρ

170 1199 348 1240 imperante,
379 1209 447 1230 cum
476 1199 677 1239 pontiﬁcatum
709 1208 757 1230 an.
776 1208 806 1238 ιι,
837 1209 933 1233 mens.
951 1210 993 1239 lIl,

168 1244 319 1283 gessisset,
333 1244 448 1284 ejectus
459 1247 515 1274 est.

208 1288 355 1329 Georgius
365 1287 726 1329 presbyter,syncellus,et
736 1297 870 1319 vasorum
883 1294 992 1329 custos,

169 1333 275 1365 eodem
287 1334 449 1364 Constante
460 1333 640 1372 imperatore
654 1336 683 1363 et
694 1333 897 1372 Constantino,
916 1334 994 1366 Con-

175 1379 279 1409 stantis
304 1378 377 1416 ﬁlio,
408 1386 572 1417 cognomen
603 1376 718 1408 Barbati
733 1379 873 1420 gerentis,
890 1389 994 1420 an.m,

168 1432 264 1454 mens.
278 1433 322 1455 ιῐῐ.

205 1468 381 1500 Theodorus
396 1466 550 1508 presbyter
565 1466 700 1507 ejusdem
711 1467 864 1506 Ecclesiae,
878 1471 992 1509 syncel-

167 1511 226 1550 lus,
245 1515 274 1543 et
285 1521 424 1543 vasorum
440 1515 550 1552 custos,
562 1511 648 1542 annis
663 1520 695 1550 ir,
714 1515 743 1542 et
758 1511 866 1543 deinde
877 1514 990 1552 pulsus.

167 1555 342 1588 Theodorus
368 1557 461 1594 idem,
487 1556 612 1588 Barbato
628 1556 737 1587 eodem
750 1556 924 1597 imperante,
941 1569 992 1591 re-

167 1601 286 1633 stitutus
301 1602 332 1632 in
357 1602 515 1641 integrum,
533 1605 684 1641 tanquam,
721 1609 809 1631 verus
825 1603 993 1642 patriarcha

167 1646 372 1686 pontiﬁcatum
389 1647 481 1686 gessit
494 1655 543 1677 an.
558 1654 580 1684 r,
597 1655 693 1676 mens.
709 1654 740 1676 x.

206 1690 325 1729 Paulus,
342 1700 377 1722 ex
390 1691 483 1729 laicis,
498 1690 610 1731 primus
625 1699 642 1721 a
657 1691 792 1730 secretis,
809 1692 914 1724 eodem
930 1693 990 1724 im-

166 1740 289 1776 perante
304 1736 443 1774 Barbato,
460 1745 509 1768 an.
525 1745 566 1774 x1,
584 1745 679 1767 mens.
695 1745 757 1767 vni.

206 1780 366 1813 Callinicus
388 1781 552 1822 presbyter,
569 1784 598 1812 et
613 1783 711 1811 custos
725 1790 860 1813 vasorum
877 1782 906 1813 in
923 1783 990 1815 Bla-

163 1825 295 1867 chernis,
309 1826 479 1866 imperante
492 1825 670 1863 Justiniano,
683 1824 801 1856 Barbati
816 1826 888 1867 tilio,
906 1829 989 1859 nari-

163 1869 220 1901 bus
237 1870 382 1910 mntilato,
399 1880 449 1903 an.
464 1879 514 1903 xu.

203 1914 296 1955 Cyrus
312 1915 476 1956 presbyter,
490 1918 520 1946 et
542 1915 706 1946 monachus
722 1923 756 1944 ex
772 1914 868 1946 insula
879 1917 986 1948 Amas-

161 1957 249 2000 tride,
280 1960 386 1991 eodem
426 1959 593 1991 Justiniano
636 1958 813 1999 imperante,
855 1958 987 1999 itemque

160 2011 210 2034 an.
227 2012 268 2043 vr,
285 2004 395 2036 deinde
409 2004 524 2046 pulsus.

200 2047 331 2079 Joannes
355 2048 510 2089 diaconus,
536 2052 565 2079 et
590 2048 901 2078 chartulariusdomus
912 2057 987 2080 oeco-

1045 215 1088 244 ἐπὶ
1102 219 1184 244 Φωκᾶ
1205 220 1249 245 τοῦ
1265 217 1400 256 τυράννου,
1416 217 1463 251 ’ἐτη
1480 217 1517 245 ια’
1525 241 1532 248 .

1086 263 1184 298 Θωμᾶς
1206 259 1324 293 διάκονος
1339 262 1384 289 καὶ
1408 261 1580 301 σακελλάριος
1594 264 1642 295 τῆς
1659 261 1788 301 Μεγάλης
1802 260 1875 290 Ἐκ-

1043 303 1167 343 κλησίας,
1184 305 1227 334 ἐπὶ
1241 309 1288 334 τοῦ
1308 307 1386 334 αὐτοῦ
1414 309 1506 344 Φωκᾶ,
1537 307 1743 347 ἀρχιερατεύσας
1758 305 1808 340 ’ἐτη
1830 306 1874 346 γ’,

1045 352 1131 387 μῆνας
1146 349 1182 388 β’.

1085 394 1192 434 Σέργιος
1207 394 1326 428 διάκονος
1341 398 1389 429 τῆς
1414 398 1494 429 αὐτῆς
1525 394 1696 436 Ἐκκλησίας,
1725 395 1769 424 ἐπὶ
1792 391 1877 436 Ἠρα-

1044 437 1132 466 κλείου
1147 438 1288 477 βασιλέως,
1305 439 1352 473 ἔτη
1365 438 1427 477 κη’,
1443 443 1529 478 μῆνας
1545 439 1584 475 ς’.

1085 482 1182 522 Πύῤῥος
1197 483 1368 524 πρεσϐύτερος
1383 484 1431 518 τῆς
1460 484 1541 517 αὐτῆς
1565 482 1722 517 Ἐκκλησίας
1746 486 1875 524 μοναχὸς

1043 527 1087 555 καὶ
1101 527 1193 567 ἅρχων
1206 530 1258 557 τῶν
1279 529 1473 569 μοναστηρίων,
1499 531 1542 556 καὶ
1565 528 1710 567 ἡγούμενος
1726 529 1874 567 Χρυσοπό-

1043 570 1122 608 λεως,
1139 573 1254 604 στάσεως
1276 573 1421 612 γενομένης
1450 574 1635 612 παρῃτήσατο,
1659 572 1874 613 ἀρχιερατεύσας

1042 615 1089 649 ἕτη
1105 616 1142 656 β’,
1159 620 1247 655 μῆνας
1262 616 1297 655 θ’,
1314 617 1415 657 ἡμέρας
1429 617 1465 647 θ’.

1078 661 1180 694 Παῦλος
1194 661 1365 701 πρεσϐύτερος
1380 665 1428 696 τῆς
1446 664 1527 695 αὗτῆς
1542 660 1714 701 Ἐκκλησίας,
1730 662 1776 690 καὶ
1790 662 1872 690 οἰκο-

1038 705 1129 743 νόμος⁷
1147 706 1190 735 ἐπὶ
1203 711 1249 736 τοῦ
1264 707 1340 735 αὖτοῦ
1363 703 1528 747 Ἡρακλείου,
1546 707 1592 740 ἔτη
1609 705 1658 744 ιβ’.

1078 750 1176 790 Πύῤῥος
1191 750 1269 779 πάλιν
1284 751 1464 788 ἀποκατέστη,
1489 753 1576 789 μῆνας
1597 749 1632 779 δ’.

1077 795 1174 834 Πέτρος
1188 794 1306 827 διάκονος
1317 797 1360 823 καὶ
1375 796 1512 833 οἰκονόμος
1523 795 1570 829 τῆς
1586 795 1669 828 αὐτῆς
1685 794 1868 833 Ἐκκλησίας,

1035 838 1078 867 ἐπὶ
1101 840 1295 868 Κωνσταντίνου
1310 839 1351 877 π),
1375 839 1482 879 ἐκγόνου
1496 844 1542 869 τοῦ
1558 834 1722 878 Ἡρακλείου,
1746 839 1795 873 ’ἐτη
1811 839 1866 878 ιβ’,

1035 886 1122 920 μῆνας
1138 883 1176 914 δ’.

1076 932 1171 966 Θωμᾶς
1187 928 1304 962 διάκονος
1328 930 1371 958 καὶ
1396 927 1564 969 χαρτοφύλαξ
1579 928 1627 962 τῆς
1642 929 1724 962 αὖτῆς
1738 927 1868 963 Ἐκκλη-

1036 972 1104 1011 σίας,
1121 973 1168 1007 ἔτη
1190 973 1229 1010 0’,
1252 977 1338 1012 μῆνας
1353 973 1388 1009 ζ’.

1077 1015 1201 1051 Ἰωάννης
1227 1017 1398 1058 πρεσϐύτερος
1433 1017 1476 1046 καὶ
1506 1016 1673 1058 χαρτοφύλαξ
1700 1021 1750 1052 τῆς
1775 1017 1867 1052 αὐτῆς

1036 1060 1208 1102 Ἐκκλησίας,
1224 1062 1270 1096 ἔτη
1293 1062 1331 1100 ε’,
1348 1063 1434 1101 μῆνας
1448 1061 1484 1091 θ’.

1078 1111 1277 1139 Κωνσταντῖνος
1324 1106 1444 1138 διάκονος
1477 1107 1527 1139 τῆς
1563 1106 1643 1140 αὐτῆς
1679 1105 1860 1146 Ἐκκλησίας,

1036 1151 1079 1178 καὶ
1101 1151 1271 1191 σκευοφύλαξ,
1288 1152 1331 1180 καὶ
1352 1151 1501 1189 οἰκονόμος⁹
1525 1150 1568 1178 ἐπὶ
1596 1155 1642 1179 τοῦ
1671 1151 1748 1179 αὑτοῦ
1778 1155 1866 1179 Κων-

1036 1196 1170 1224 σταντίνου
1185 1195 1226 1234 Ἠ,
1250 1196 1455 1236 ἀρχιερατεύσας
1476 1196 1523 1229 ἔτη
1552 1195 1594 1234 β’,
1631 1196 1716 1233 μῆνας
1746 1195 1783 1234 γ’,
1814 1195 1863 1228 ἒξ-

1035 1238 1135 1274 εϐλῆθη
1140 1264 1147 1271 .

1075 1285 1205 1324 Γεώργιος
1234 1283 1420 1324 πρεσϐύτερος,
1458 1283 1613 1323 σύγκελλος,
1655 1284 1697 1312 καὶ
1732 1285 1865 1324 σκευοφό-

1035 1327 1093 1366 λαξ,
1123 1329 1166 1358 ἐπὶ
1182 1329 1228 1357 τοῦ
1255 1329 1334 1358 αὺτοῦ
1360 1329 1543 1366 Κώνσταντος,
1565 1329 1608 1356 καὶ
1635 1328 1678 1356 ἐπὶ
1714 1334 1864 1358 Κωνπαν-

1033 1375 1103 1402 τίνου
1124 1379 1169 1403 τοῦ
1189 1374 1245 1402 υἷοῦ
1267 1373 1449 1410 Κώνσταντος,
1466 1378 1512 1402 τοῦ
1536 1373 1710 1411 Πωγωνάτου,
1742 1372 1789 1406 ἔτη
1819 1376 1860 1412 γ’,

1035 1421 1122 1456 μῆνας
1134 1419 1176 1458 γ’.

1073 1463 1205 1504 Θεόδωρος
1218 1462 1390 1503 πρεσϐύτερος
1405 1465 1453 1496 τῆς
1467 1463 1548 1495 αὐτῆς
1562 1461 1734 1501 Ἐκκλησίας,
1746 1462 1863 1501 σύγκελ-

1033 1507 1090 1548 λος,
1106 1509 1149 1537 καὶ
1171 1507 1340 1549 σκευοφύλαξ,
1357 1507 1404 1542 ἔτη
1419 1507 1456 1546 β’1
1473 1507 1516 1535 καὶ
1530 1505 1670 1541 ἐξεϐλήθη,

1074 1549 1102 1582 ιΟ
1117 1554 1195 1585 αὐτὸς
1211 1553 1343 1593 Θεόδωρος
1357 1552 1400 1581 ἐπὶ
1415 1556 1460 1581 τοῦ
1475 1554 1553 1581 αὐτοῦ
1567 1551 1730 1589 Πωγωνάτου
1745 1551 1858 1580 ἀποκα-

1031 1597 1124 1639 τέστη,
1139 1598 1345 1639 ἀρχιερατεύσας
1361 1598 1397 1629 ὡς
1413 1596 1537 1630 ἀληθινὰς
1551 1595 1720 1635 πατριάρχης
1736 1594 1794 1627 ἔτος
1810 1596 1857 1635 α’,

1032 1645 1118 1680 μῆνας
1134 1643 1153 1672 ι’
1160 1665 1167 1673 .

1072 1688 1175 1721 Παῦλος
1192 1690 1205 1717 ὁ
1220 1689 1271 1717 ἀπὸ
1286 1688 1387 1717 λα’ίκῶν
1416 1684 1642 1726 προτασηκρῆτις,
1659 1684 1701 1713 ἐπὶ
1716 1685 1761 1713 τοῦ
1776 1685 1859 1714 αὐτοῦ

1032 1733 1206 1773 [Ιωγωνοῖτου³
1222 1733 1269 1767 ἔτη
1291 1732 1343 1774 ς’,
1359 1732 1442 1770 μῆνας
1453 1730 1497 1765 η’.

1072 1777 1227 1810 Κάλλίνικος
1243 1773 1428 1818 πρεσϐύτερος,
1445 1776 1488 1804 καὶ
1503 1773 1663 1815 σκευοφύλαξ
1679 1774 1856 1814 Βλαχερνῶν,

1031 1821 1072 1850 ἐπὶ
1088 1821 1281 1863 Ἰουστινιανοῦ,
1298 1824 1353 1851 υἱοῦ
1365 1825 1410 1850 τοῦ
1427 1820 1605 1860 Πωγωνάτου,
1620 1822 1665 1847 τοῦ
1679 1819 1854 1858 ῥινοτμήτου,

1029 1865 1077 1899 ἔτη
1100 1866 1146 1905 ιβ’,

1070 1915 1151 1951 Κῦρος
1166 1910 1348 1952 πρεσϐύτερος,
1363 1912 1406 1939 καὶ
1419 1909 1538 1948 μοναχὸς
1549 1907 1601 1936 ἀπὸ
1613 1907 1661 1941 τῆς
1671 1908 1754 1942 νήσου
1766 1907 1857 1946 Ἀμά-

1027 1956 1139 1996 στριδος,
1156 1958 1198 1986 ἐπὶ
1212 1962 1258 1987 τοῦ
1278 1961 1358 1988 αὐτοῦ
1374 1956 1568 1993 Ἰουστινιανοῠ,
1586 1955 1629 1982 καὶ
1640 1953 1683 1982 ἐπὶ
1696 1959 1744 1984 τοῦ
1756 1954 1855 1983 Φιλιπο

1028 2005 1117 2040 πικοῦ,
1134 2002 1180 2036 ἔτη
1195 2002 1245 2040 ς’,
1264 2004 1308 2031 καὶ
1322 2002 1348 2036 ἐξ
1369 2001 1508 2036 ἐξεϐλήθη.

1069 2043 1194 2080 Ἰωάννης
1234 2046 1364 2084 διάκονος,
1394 2047 1437 2073 καὶ
1472 2042 1639 2085 χαρτοφύλαξ
1667 2046 1713 2071 τοῦ
1745 2044 1854 2073 οἰκονο-

158 2092 251 2130 nomi,
273 2093 379 2124 eodem
397 2087 562 2133 Philippica
586 2092 765 2132 imperante,
792 2100 826 2122 ac
841 2092 984 2132 Artemio,

1074 2103 1114 2133 ou,
1145 2092 1187 2121 ἐπὶ
1215 2096 1260 2121 τοῦ
1282 2094 1360 2122 αὐτοῦ
1381 2090 1553 2127 Φιλιππικοῦ,
1576 2089 1620 2117 καὶ
1642 2088 1684 2116 ἐπὶ
1714 2087 1855 2128 Ἀρτεμίου

160 2135 257 2176 primo
282 2146 300 2168 a
328 2137 518 2178 secretis,qui
547 2137 671 2168 nomine
695 2140 807 2167 mutato
835 2136 931 2168 dictus
944 2142 989 2169 est

157 2180 342 2221 Anastasius,
360 2192 409 2214 an.
426 2191 469 2214 IIl.

199 2225 364 2258 Germanus
379 2230 605 2267 magnus,antea
613 2226 709 2267 Cyzici
725 2226 985 2266 episcopus,dein-

158 2270 196 2301 de
207 2269 733 2312 Constantinopolitanus,imperante
749 2274 848 2301 autem
859 2270 986 2303 Anasta-

156 2313 246 2356 sio,et
262 2315 430 2347 Theodosio
455 2317 597 2356 Augusto,
615 2319 644 2346 et
659 2317 772 2353 Leone,
789 2319 984 2353 cognomento

158 2359 290 2397 Conone,
307 2369 373 2391 cum
390 2361 592 2401 pontificatum
615 2360 756 2400 gessisset
770 2368 807 2390 an
823 2359 911 2398 xv,ab
928 2361 984 2392 hoc

155 2403 248 2444 impio
266 2405 363 2435 Leone
377 2406 455 2445 Aug.
474 2406 588 2444 ejectus
603 2409 659 2436 est.

196 2448 370 2480 Anastasius
395 2448 550 2490 presbyter
562 2453 591 2479 et
617 2448 778 2490 syncellus,
794 2449 838 2478 vir
862 2448 981 2489 impius,

156 2492 262 2525 eodem
280 2493 379 2525 Leone
396 2498 551 2535 regnante,
569 2498 655 2535 atque
669 2493 862 2524 Constantino
878 2494 984 2525 Cabal-

154 2537 230 2575 lino,
246 2547 295 2570 an.
313 2547 396 2571 xxxv.

192 2582 406 2614 Constantinus
436 2583 599 2616 monachus
635 2587 664 2613 et
699 2581 856 2623 episcopus
883 2581 980 2623 Sylzei,

1029 2140 1260 2178 πρωτασηκρῆτις,
1302 2140 1347 2165 τοῦ
1388 2134 1627 2174 μετονομαώέντος
1666 2133 1853 2174 Ἀνασ-εαςιιίου1

1028 2180 1075 2214 ἔτη
1097 2181 1134 2221 γ’.

1068 2228 1199 2266 Γερμανὸς
1222 2229 1235 2255 ὁ
1267 2227 1362 2266 μέγας,
1399 2226 1542 2256 ἐπίσκοπος
1577 2223 1686 2259 Κυζίκου
1710 2224 1851 2263 πρότερον,

1027 2270 1088 2299 εἶτα
1123 2271 1432 2306 Κωνςταντινουπόλεως,
1464 2270 1506 2298 ἐπὶ
1534 2273 1580 2298 τοῦ
1615 2268 1692 2296 αὺτοῦ
1717 2267 1852 2297 Ἀναστα-

1026 2316 1092 2351 σίου,
1116 2317 1159 2344 καὶ
1174 2316 1215 2345 ἐπὶ
1232 2316 1368 2345 Θεοδοσίου
1384 2320 1430 2345 τοῦ
1457 2314 1599 2354 βασιλέως⁷
1627 2314 1671 2341 καὶ
1693 2313 1735 2341 ἐπὶ
1766 2313 1852 2349 Λέον-

1025 2371 1070 2391 τος
1095 2364 1141 2389 τοῦ
1169 2362 1213 2389 καὶ
1243 2361 1375 2400 Κόνωνος,
1405 2359 1613 2400 ἀρχιερατεύσας
1636 2357 1683 2391 ἕτη
1713 2357 1762 2398 ιε’,
1792 2357 1851 2391 ἒξε-

1024 2403 1109 2440 ϐλῆθη
1131 2404 1175 2432 ὑπ’
1191 2405 1268 2434 αὐτοῦ
1283 2409 1328 2433 τοῦ
1351 2404 1459 2436 ἀσεϐοῦς
1475 2403 1605 2442 βασιλέως
1620 2402 1745 2434 Λέοντος.

1065 2449 1236 2482 Ἀναστάσιος
1257 2450 1429 2490 πρεσϐύτερος
1459 2450 1501 2477 καὶ
1524 2447 1680 2487 σύγκελλος,
1711 2448 1724 2476 ὁ
1752 2446 1850 2476 δυσσε-

1024 2493 1085 2530 ϐὴς,
1101 2494 1143 2523 ἐπὶ
1164 2498 1210 2522 τοῦ
1231 2495 1308 2523 αὐτοῦ
1324 2495 1444 2531 Λέοντος,
1461 2495 1504 2522 καὶ
1525 2493 1568 2521 ἐπὶ
1584 2493 1781 2522 Κωνσταντίνου
1802 2497 1850 2522 τοῦ

1025 2538 1200 2576 Καϐαλλίνου,
1225 2538 1271 2574 ἔτη
1287 2538 1318 2568 κδ
1324 2539 1342 2569 ⁷.

1063 2589 1262 2616 Κωνσταντῖνος
1287 2584 1406 2624 μοναχὸς
1421 2584 1464 2612 καὶ
1478 2582 1626 2615 ἐπίσκοπος
1645 2581 1690 2610 τοῦ
1715 2580 1846 2623 Συλαίοιδ⁷

812 2671 940 2704 νΑΒιΑδ
962 2672 1178 2706 LECTIONES.

189 2730 221 2756 πθ
251 2729 432 2764 Κώνσταπος.
452 2731 479 2756 τί
497 2732 682 2764 Κώνσταντος.

186 2789 198 2807 ο
213 2784 390 2817 Constante.
407 2790 421 2812 Ρ
437 2785 614 2818 Constante.
