1942 3081
80 139 138 172 921

747 143 1101 177 (ἓΒᾹζΟΟ-ΒΟΜΑΝΗΜ.

1711 145 1772 178 922

81 207 194 242 ἐπίκλην
218 210 374 249 Κουρκούας,
398 209 439 259 salii
454 215 500 240 τοῦ
525 211 769 259 Πορξρυρογεννήτου
785 209 901 244 Μανουή)

977 219 1066 259 mus,_
1084 210 1184 259 Ox_ites
1209 211 1271 252 (33)
1285 236 1303 259 ,_
1316 218 1510 259 cognomento
1539 215 1680 250 Curcuas,
1716 211 1770 243 sub

80 256 128 281 τοῦ
151 257 303 293 Κομνηνοῠ,
327 253 374 288 ἔτη
395 249 434 293 β’,
450 255 536 294 μῆνας

122 345 234 385 Κοσμᾷς
263 345 277 372 6
313 344 446 384 Ἀττικὸς,
461 344 505 373 ἰπὶ
525 349 572 375 τοῦ
586 345 665 382 αιξιτοῦ
699 344 907 385 ἀρχιερατεύσας

81 390 170 425 μῆνας
185 383 208 438 ιζ
226 387 352 424 ἐξεϐλήθη
376 397 384 406 ·
413 383 504 423 καὶῆν
528 389 546 423 ἡ
582 383 907 430 Ἐκκλησίαηχήρεύουσι

82 443 172 470 μηνας
188 444 196 461 ι
210 456 218 464 .

122 477 254 511 Νικόλαος
278 479 408 519 μοναχὸς,
432 479 446 507 6
475 478 629 516 Μωζάλων,
665 478 708 508 ἐπὶ
734 482 781 508 τοῦ
815 478 904 516 αὑτοῦ,

80 521 292 562 ἆρχιεπίσκοπος
329 523 471 562 γενόμενος
526 523 651 563 πρότερον
698 523 815 563 Κύπρου,
863 523 906 551 καὶ

81 567 323 606 παραιτησάμενος,
367 568 404 600 ὡς
440 566 534 596 πολλοὶ
572 568 620 605 μὲν
649 567 751 607 ἔλεγον,
785 568 830 596 καὶ
856 566 906 601 τήν

81 611 283 651 ἀρχιερωσύνην
312 611 406 650 αὐτὴν,
435 611 529 641 πολλοὶ
557 612 595 650 δὲ,
626 613 711 650 μόνην
738 611 787 645 τὴν
802 610 904 645 διοίκη-

81 668 123 685 σιν
152 661 207 685 τῶν
242 658 416 697 πραγμάτων,
454 659 498 686 καὶ
523 658 565 686 ἐπὶ
596 658 735 698 τριάκοντα
763 657 830 686 ἑπτὰ
856 657 905 691 ἔτη

82 701 231 742 σχολάσας,
247 703 309 731 εἶτα
344 701 502 736 ἀνεϐιϐάσθη
518 703 553 734 εἰς
582 704 628 731 τὸν
654 703 743 742 θρόνον
764 705 812 735 τῆς
829 707 905 742 Κωντ-

83 741 336 785 σταντινουπολεως,
352 748 396 776 καὶ
424 748 540 782 ποιήσας
567 747 679 787 χρόνους
697 741 736 786 γ’,
766 749 851 784 μῆνας
867 741 901 780 δ’,

82 793 142 820 εἶτα
158 792 334 831 παρῃτήσασο
365 791 519 832 ἀμφιϐόλως
553 791 583 820 ἐκ
610 793 668 830 βίας
696 794 748 819 τῶν
783 791 903 830 ἀποσχι-

81 836 193 865 σθέντων
207 836 255 865 ἀπ’
268 837 356 877 αὑτοῦ,
373 836 480 865 πολλῶν
515 836 610 873 ὄντων,
644 837 688 865 καὶ
715 835 741 869 ἐξ
761 837 798 864 ὧν
826 836 903 869 αὐτὸς

80 882 294 922 ἐχειροτόνησεν.

119 926 247 959 Θεόδοτος
268 927 400 967 μοναχὸς,
416 927 459 955 καὶ
472 926 618 966 ἡγούμενος
644 927 728 964 μονῆς
763 928 812 960 τῆς
828 926 902 966 ἁγίας

80 971 261 1012 ἀναστάσεως,
277 971 320 1000 ἰπὶ
333 975 380 1000 τοῦ
407 971 486 1000 αὐτοῦ
513 975 592 1011 δωροῦ
620 970 744 1005 Μανουὴλ
772 975 818 1000 τοῦ
848 977 902 1001 Κο-

81 1023 192 1058 μνηνοῦ,
281 1042 287 1048 .
294 1043 301 1050 .

118 1064 267 1104 Νεόφυτος,
285 1062 448 1104 ἕγχλειστος,
465 1064 479 1092 ὁ
501 1063 554 1092 ἀπὸ
576 1065 625 1097 τῆς
653 1065 736 1101 μονῆς
750 1067 800 1098 τῆς
816 1066 899 1104 Εὐερ-

81 1106 193 1146 γέτιὸος,
211 1107 270 1142 ἔτη.
277 1130 298 1140 ,.

117 1151 266 1192 Χλιαρηνὸς
299 1158 510 1192 Κωνσταντῐνος,

81 1196 144 1234 λίου,
162 1196 236 1232 ἔτη..
243 1222 250 1229 .

118 1245 220 1274 Λουκᾶς
236 1243 250 1270 6
272 1241 465 1282 Χρυσοϐἐργης,
481 1242 569 1277 ἔτη...

119 1286 234 1327 Μιχαὴλ
268 1285 399 1325 διάκονος,
437 1288 479 1315 καὶ
514 1287 556 1315 ἰπὶ
591 1289 640 1321 τῆς
668 1287 838 1325 σαχὲλλης,δ
856 1291 902 1317 τοῦ

83 1331 240 1372 Ἀγχιάλου,
262 1332 307 1361 καὶ
322 1331 421 1365 ὕπατος
441 1335 493 1361 τῶν
508 1331 670 1371 φιλοσόφων,
694 1331 741 1366 ἵτη
756 1327 797 1366 η’.

120 1372 148 1405 Ὀ
161 1377 283 1425 μοναχδς
299 1377 429 1417 Χαρίτων,
459 1379 508 1410 νῆς
536 1379 622 1415 μονῆς
656 1379 709 1405 τῶν
740 1376 900 1416 Mat-pdva,

84 1432 168 1457 μηνας
184 1432 211 1449 ια
227 1445 233 1452 ,

121 1461 148 1495 ’0
165 1466 287 1506 μοναχὸς
323 1465 471 1503 Θεοδόσιος,
509 1467 523 1494 6
563 1465 590 1499 ὶξ
618 1465 782 1506 Ἀντιοχείας
810 1465 902 1505 ὁρμώ-

552 1151 682 1190 διάκονος,
723 1154 767 1182 καὶ
800 1152 899 1182 σαχελ-

949 254 1086 286 Manuele
1115 256 1266 288 Comneno
1295 257 1326 289 in
1358 258 1506 299 porphyra
1543 262 1623 299 nato,
1657 266 1708 289 an.
1735 265 1769 295 u,

951 307 1047 329 mens.
1062 308 1124 332 Vl".

989 344 1110 376 Cosmas
1120 345 1246 382 Atticus,
1263 355 1329 376 cum
1342 345 1395 376 sub
1412 346 1516 379 eodem
1542 347 1676 388 principe
1693 357 1768 387 pon-

949 387 1089 432 tificatum
1105 399 1201 422 mens.
1217 399 1236 421 x
1250 390 1497 430 administrasset,
1515 387 1627 432 eiectus
1641 387 1699 424 est
1716 404 1722 423 :
1740 398 1770 426 et

947 431 1078 464 Ecclesia
1093 434 1180 465 vidua
1196 435 1304 465 mansit
1320 444 1416 466 mens.
1434 445 1461 467 χ.

987 476 1124 509 Nicolaus
1137 480 1312 520 monachus,
1338 480 1460 518 Muzalo,
1478 480 1532 512 sub
1548 481 1653 512 eodem
1670 483 1767 522 impe-

947 525 1065 560 ratore,
1095 523 1188 554 factus
1208 524 1452 565 archiepiscopus
1477 529 1562 556 antea
1586 524 1684 566 Cypri,
1701 535 1767 557 cum

947 566 1157 606 renuntiasset,
1175 571 1206 598 ut
1221 568 1355 609 plerique
1370 569 1520 606 dicebant,
1537 569 1594 610 ipsi
1611 571 1765 610 pontiﬁca-

948 610 1010 648 tui;
1026 615 1057 641 ut
1070 611 1132 649 alii,
1148 612 1204 642 soli
1230 622 1330 643 rerum
1360 613 1620 652 administrationi,
1644 615 1768 655 jamque

946 664 1046 687 xxxvu
1073 665 1121 688 an.
1157 657 1340 688 vacationem
1369 658 1522 691 habuisset
1551 669 1558 690 :
1587 660 1706 691 tandem
1730 660 1766 691 ad

947 700 1085 731 thronum
1113 702 1383 742 Constantinopolis
1408 708 1528 735 evectus
1553 707 1597 734 est
1617 714 1623 733 :
1648 704 1679 734 in
1708 714 1767 745 quo

946 745 1091 784 exegisset
1115 755 1208 777 annos
1232 756 1274 781 ni.
1299 756 1394 779 mens.
1419 756 1457 785 iv,
1475 748 1583 779 iterum
1609 749 1767 780 renuntia-

946 788 986 819 vit
1012 789 1167 829 ambigue,
1197 797 1318 822 coactus
1344 793 1370 822 vi
1400 793 1582 824 divulsorum
1611 794 1647 824 ab
1677 793 1764 834 ipso,

945 834 995 875 qui
1013 835 1095 866 multi
1111 841 1204 874 erant,
1223 844 1252 868 et
1265 846 1391 878 quorum
1407 838 1525 879 al.quos
1541 839 1667 880 ipsemet
1682 839 1767 870 ordi-

914 902 933 926 Β
945 883 1038 926 Περὶ.

985 923 1158 956 Theodotus
1173 926 1347 964 monachus,
1364 930 1393 958 et
1408 927 1498 958 abbas
1514 927 1677 959 mansionis
1693 937 1765 959 san-

944 971 998 999 ctae
1013 968 1260 1008 Resurrectionis,
1276 971 1331 1002 sub
1353 971 1458 1002 eodem
1481 972 1602 1003 domino
1629 973 1766 1004 Manuale

944 1011 1106 1052 Comneno,
1119 1023 1223 1047 an.....
1782 1024 1785 1027 ’

980 1057 1160 1100 Neophytus,
1178 1060 1324 1099 inclusus,
1339 1069 1374 1092 ex
1391 1061 1544 1092 mansione
1564 1061 1760 1102 Evergetidis,

940 1112 1045 1135 an.....

981 1148 1190 1180 Constantinus
1217 1149 1403 1187 Chliarenus,
1431 1149 1585 1188 diaconus,
1612 1154 1641 1182 et
1665 1151 1768 1182 sacelli

944 1193 1112 1233 praefectus,
1129 1204 1165 1225 an

984 1238 1077 1268 Lucas
1090 1238 1319 1279 Cbrysoberges,
1333 1248 1437 1271 an.....

983 1281 1105 1313 Michael
1121 1282 1275 1319 diaconus,
1293 1287 1321 1314 et
1337 1283 1439 1314 sacelli
1452 1284 1620 1324 praefectus,
1635 1283 1767 1315 Anchia-

943 1325 1033 1364 linus,
1049 1332 1078 1358 et
1093 1336 1228 1358 summus
1242 1327 1495 1368 philosophorum,
1519 1338 1567 1359 an.
1583 1337 1647 1359 vm.

983 1369 1100 1402 Charito
1128 1372 1306 1409 monachus,
1333 1372 1497 1404 mansionis
1527 1373 1740 1412 Manganorum
1756 1396 1765 1410 ,

944 1425 1039 1446 mens.
1056 1425 1095 1448 XI.

983 1460 1169 1493 Theodosius
1181 1461 1353 1498 monachus,
1368 1461 1512 1492 oriundus
1536 1471 1570 1493 ex
1595 1461 1764 1498 Antiochia,

83 1521 169 1548 μενος,
185 1505 337 1539 ἒπὶηπολὺν
358 1510 385 1538 δὲ
406 1511 505 1550 χρόνον
532 1511 590 1549 περὶ
611 1511 657 1539 τὸν
686 1505 732 1539 τώ
760 1511 834 1550 ἁγίου
846 1511 901 1539 Αὖ-

977 1505 992 1535 ii
1009 1505 1095 1545 longo
1111 1510 1244 1546 tempore
1258 1505 1451 1550 monasticam
1467 1506 1676 1538 exercueratin
1688 1506 1768 1539 colle

82 1554 173 1587 ξεντίου
187 1555 283 1593 βουνὸν
297 1555 428 1590 ἀσκήσας,
444 1554 529 1588 ἔτη...
547 1555 608 1583 εἶτα
623 1556 806 1593 παρῃτήσατο.

120 1596 147 1629 ’0
162 1599 334 1640 Χαρτοφύλαξ
359 1600 402 1628 καὶ
432 1595 600 1639 ’Υπὲρ-τῳ.οῆ
625 1602 702 1638 κῦρος
731 1599 865 1631 Βασίλειος
886 1601 900 1628 ὁ

84 1645 251 1685 Καματηρός.
303 1644 504 1685 Καθαιρεθέντος
553 1643 580 1672 δὲ
635 1644 724 1681 αὐτοῦ,
774 1642 900 1672 ἀνεϐιϐά-

119 1729 146 1763 “0
161 1733 246 1774 μέγας
262 1733 448 1773 σακιλλάριος,
458 1737 536 1773 κῦρος
552 1733 671 1768 Nix-Au;
695 1734 709 1761 6
731 1733 897 1767 Μουντάνης.

86 1778 147 1806 Εἶτα
159 1779 346 1818 παρῃτήσατο.

120 1821 180 1850 Μετ’
198 1823 289 1861 αὑτὸν,
307 1824 321 1851 ὁ
343 1822 369 1851 ἐν
396 1825 431 1861 τῇ
465 1823 533 1851 κατά
559 1823 604 1851 τὸν
639 1823 732 1861 βουνὸν
753 1822 798 1850 τοῦ
827 1822 900 1861 ἁγίου

84 1866 211 1900 Αὖξεντίου
241 1871 309 1906 μονῇ
337 1867 390 1896 τῶν
418 1867 500 1906 ἁγίων
541 1867 696 1896 ἀποστόλων
733 1867 899 1906 ἡγεμονεύων

84 1915 204 1952 μυναχῶν
219 1912 353 1949 Λεόντιος,
388 1911 459 1943 ὅστις
495 1912 539 1940 καὶ
559 1911 678 1943 διάκονος
705 1914 753 1945 τῆς
779 1911 898 1952 ξΕκκλη-

84 1957 135 1988 σίας
177 1956 283 1996 γέγονε.
330 1957 379 1985 Καὶ
419 1955 572 1989 διαϐιϐάσας
621 1958 707 1993 μῆνας
762 1951 797 1996 ζ’,
830 1967 899 1995 παρ-

84 2002 195 2037 ητήσατο
200 2025 207 2033 ,

120 2047 167 2076 Καὶ
199 2045 259 2084 μετ’
275 2047 364 2086 αὐτὸν,
392 2046 517 2083 μετετέθη
540 2046 553 2073 6
587 2045 754 2085 πατριάρχης
781 2044 896 2085 Ἰεροσο-

85 2090 177 2130 λύμων,
209 2092 340 2131 μοναχὸς,
377 2092 455 2130 κῦρος
485 2090 613 2126 Δοσίθεος,
644 2091 679 2122 εἷς
721 2090 751 2117 τὸ
776 2100 900 2129 πατριαρ-

85 2143 156 2175 χεϊον
178 2135 492 2172 Κωνσταντινουπόλεως,
517 2134 652 2171 οἰκονομίᾳ
676 2139 722 2164 τοῦ
756 2133 898 2174 βασιλέως,

911 1545 930 1570 (³
943 1545 1036 1581 sancti
1050 1545 1187 1581 Auxentii
1204 1560 1309 1582 an.....
1327 1549 1444 1581 tandem
1460 1551 1651 1585 renuntiavit.

982 1594 1124 1626 Dominus
1159 1595 1283 1627 Basilius
1303 1596 1484 1632 Camaterus,
1512 1595 1721 1632 chartularius,
1739 1599 1768 1626 et

943 1639 1136 1680 hypertimus,
1152 1650 1209 1681 quo
1230 1640 1378 1681 deposito,
1396 1644 1513 1671 evectus
1528 1644 1583 1672 est.

982 1728 1125 1760 Dominus
1140 1729 1257 1761 Nicetas
1272 1731 1569 1769 Munlanes,magnus
1578 1729 1763 1767 sacellarius,

941 1773 992 1813 qui
1007 1775 1197 1805 renuntiavit.

983 1819 1125 1850 Leontius
1153 1819 1222 1850 huic
1251 1819 1406 1856 successit,
1424 1819 1474 1859 qui
1505 1818 1717 1850 monachorum
1733 1817 1764 1848 in

942 1862 1027 1893 collis
1043 1863 1135 1893 sancti
1146 1863 1285 1894 Auxentii
1298 1864 1453 1894 mansione
1466 1867 1634 1894 sanctorum
1648 1865 1765 1902 aposto-

942 1907 1036 1937 lorum
1062 1907 1164 1945 abbas,
1181 1917 1209 1938 ει
1236 1908 1376 1939 Ecclesia;
1391 1907 1533 1938 diaconus
1549 1907 1614 1939 fuit.
1633 1907 1764 1947 Cumque

941 1961 1036 1982 mens.
1052 1961 1092 1983 vn
1107 1952 1265 1993 exegisset,
1277 1952 1468 1984 renuntiavit.

978 2039 1046 2070 Post
1061 2040 1140 2071 hunc
1155 2040 1294 2072 dominus
1310 2041 1466 2072 Dositheus
1477 2040 1764 2078 monachus,Hiero-

941 2084 1122 2125 solymorum
1156 2086 1332 2125 patriarcha,
1354 2087 1513 2117 translatus
1527 2091 1574 2118 est
1588 2086 1623 2117 ad
1641 2085 1765 2126 patriar-

941 2129 1058 2160 chalum
1075 2129 1669 2171 Constantinopolitanum,dispensatione
1681 2130 1764 2170 prin-

85 2184 154 2220 δωροῦ
175 2180 304 2210 Ἰσαακίου
338 2184 384 2209 τοῦ
412 2179 551 2220 Ἀγγέλου,
590 2178 818 2212 συνενδοκησάσης
854 2179 896 2207 καὶ

977 2173 1026 2213 gis,
1045 2174 1156 2204 domini
1174 2167 1277 2205 Isaacii
1291 2167 1540 2214 Angeli,concilio
1553 2175 1641 2206 etiam
1655 2167 1760 2206 assen-

83 2227 126 2258 τῆς
139 2225 256 2255 συνόδου.
273 2225 322 2254 Καὶ
337 2223 466 2252 διεϐίϐασε
482 2223 631 2265 χρόνους...
648 2224 692 2252 καὶ
705 2221 893 2256 κατεϐιϐάσθη.

85 2270 128 2297 Καὶ
147 2269 239 2308 γέγονε
255 2267 313 2306 μετ’
328 2268 406 2296 αὒτὺν
420 2269 601 2308 πατριάρχης,

119 2308 146 2342 ἰ0
168 2313 251 2353 μέγας
276 2312 443 2353 σκευοφύλαξλ
464 2313 594 2352 Γεώργιος
629 2314 643 2341 6
676 2310 829 2352 Ξιφιλῗνος.
848 2312 897 2340 Καὶ

84 2358 156 2392 ζήσας
166 2351 214 2391 ἕτή
237 2352 290 2398 ς’,
313 2351 400 2395 μῆνας
423 2351 455 2396 ι’,
483 2357 572 2389 καλῶς
600 2358 644 2385 καὶ
672 2351 812 2397 θεοφιλῶς,
828 2356 894 2395 πρὸς

85 2403 168 2442 Κύριον
183 2403 340 2441 ἐξεδήμησε.
366 2403 415 2432 Καὶ
431 2401 473 2430 διὰ
487 2403 516 2430 τὸ
545 2401 693 2440 ἀποδημεῖν
728 2412 773 2429 τον
815 2401 895 2439 βασι-

84 2445 126 2475 λέα
144 2451 219 2487 κῦρον
240 2446 366 2483 Ἐλέξιον,
410 2447 454 2475 τὸν
483 2446 594 2486 ἀδελφὸν
638 2450 683 2475 τοῦ
703 2449 781 2486 χι)ροῦ
803 2445 894 2474 Ἱσαα-

84 2491 143 2531 κίοι),
179 2493 214 2525 εἰς
235 2491 359 2525 ταξείδιον
394 2492 462 2520 κατὰ
489 2490 570 2529 δύσιν,
607 2491 734 2532 ἐχήρευεν
762 2492 776 2519 6
803 2490 894 2529 θρόνος

85 2537 162 2572 μῆνας
177 2532 213 2575 β’.
231 2541 298 2566 Em
313 2537 417 2576 γέγονε.

119 2579 239 2617 Ἰωάννης
269 2580 386 2613 διάκονος
414 2581 458 2610 καὶ
485 2580 653 2622 χαρτοφύλαξ
678 2583 693 2610 6
721 2581 893 2620 Καματηρὸς,

86 2623 122 2653 ἐπὶ
159 2627 206 2661 τῆς
228 2625 362 2666 βασιλείας
389 2629 436 2666 τοῦ
478 2625 556 2656 αὐτοῦ
579 2629 656 2663 χι)ροῦ
684 2624 812 2666 Ἀλεξίορ,
847 2625 895 2658 ἔτη

86 2667 158 2709 μέχρι
172 2673 219 2705 τῆς
228 2662 359 2703 ’ἁλώσεως
374 2664 409 2710 ε’,
440 2672 526 2708 μῆνας
547 2665 586 2708 η’,
612 2670 714 2710 ἡμέρας
728 2665 763 2706 ζ’·
790 2662 895 2705 ’.Εζησε

938 2227 978 2248 so.
997 2219 1130 2258 Cumque
1145 2228 1304 2251 annos.....
1316 2220 1474 2259 exegisset,
1489 2220 1661 2250 deturbatus
1675 2223 1764 2257 cst,et

939 2262 1111 2294 Substitutus
1126 2264 1155 2294 in
1172 2265 1236 2304 ejus
1253 2265 1361 2296 locum.

979 2309 1125 2347 Georgius
1139 2308 1321 2349 Xiphilinus,
1340 2319 1463 2348 magnus
1488 2318 1622 2340 vasorum
1650 2312 1761 2345 custos,

938 2353 987 2392 qui
1009 2362 1076 2383 cum
1103 2362 1151 2385 an.
1178 2362 1218 2388 vr,
1248 2363 1342 2385 mens.
1361 2363 1389 2391 Χ,
1409 2354 1550 2394 praeclare
1575 2363 1609 2384 ac
1623 2352 1764 2393 religiose

935 2397 1062 2433 vixisset,
1085 2397 1280 2428 adDominum
1298 2398 1443 2438 migravit.
1459 2399 1493 2429 Et
1508 2398 1646 2439 quoniam
1663 2398 1766 2428 aberat

937 2451 1059 2483 peregre
1074 2442 1226 2473 dominum
1235 2443 1355 2474 Alexius
1369 2443 1574 2483 Aug.,domini
1587 2443 1691 2474 Isaacii
1703 2443 1764 2474 fra-

937 2487 1025 2524 ter,in
1042 2486 1230 2527 expeditione
1246 2487 1424 2519 occidentali
1441 2499 1447 2517 τ
1468 2488 1562 2520 caruit
1573 2498 1626 2519 suo
1641 2499 1657 2529 p
1669 2488 1764 2518 vtriar-

936 2532 990 2563 cha
1010 2533 1135 2563 thronus
1152 2532 1304 2563 mensibus
1318 2534 1461 2564 ILPostea
1478 2533 1571 2564 factus
1583 2537 1638 2564 est.

975 2579 1105 2608 Joannes
1129 2576 1272 2607 diaconus
1304 2581 1332 2608 et
1352 2577 1560 2618 chartularius,
1576 2579 1760 2614 Camaterus,

938 2622 1043 2654 eodem
1058 2621 1161 2652 Alexio
1174 2621 1351 2662 imperante,
1383 2622 1558 2664 praeluitque
1586 2623 1622 2654 ad
1647 2625 1761 2663 captam

936 2677 1030 2708 usque
1042 2666 1158 2705 urbem,
1173 2676 1222 2698 an.
1240 2675 1271 2705 ν,
1289 2676 1384 2699 mens.
1401 2676 1464 2708 vni,
1483 2668 1562 2699 dieb.
1580 2676 1620 2699 vn
1631 2667 1710 2700 Vixit
1733 2673 1762 2698 et

1085 2715 1093 2726 α

854 2747 977 2781 NOTB.

122 2809 181 2850 (33)
193 2810 233 2843 Ex
250 2810 346 2843 insula
360 2808 452 2849 Oxea,
469 2819 534 2852 quae
549 2810 761 2844 monasterium
777 2810 916 2843 habebat.
