1942 3081
193 123 249 156 911

874 127 940 159 IUS
960 124 1196 157 CANONICUM.

1822 126 1875 160 912

191 178 246 228 dit,
264 199 300 222 eo
311 191 389 229 loco,
408 191 459 231 qui
487 191 565 224 Elaea
594 192 722 229 dicitur;
739 191 840 234 ibique
856 195 1002 224 conventu

1123 195 1156 230 τῇ
1184 193 1322 228 τοποθεσίᾳ
1343 193 1376 227 τῆ
1404 192 1536 233 λεγομένῃ
1560 194 1662 235 Ἐλαίᾳ,
1692 196 1736 223 καὶ
1757 195 1813 223 ἐκεῖ
1832 195 1875 225 τὶις

192 235 346 266 hominum
365 235 482 267 habuit.

232 279 368 318 Euzoius,
386 288 434 312 an.
451 289 511 312 xvr.

233 325 422 363 Laurentius,
439 335 489 357 an.
506 334 547 361 x1,
560 333 656 357 mens.
673 335 713 358 vr.

230 369 363 410 Alypius,
380 378 429 401 an.
445 378 510 407 xm,
528 379 622 401 mens.
639 379 680 403 vr.

230 414 370 445 Pertinax
393 414 559 445 consularis
575 424 592 446 e
613 418 716 446 senatu
742 415 886 454 Romano,
902 425 939 446 an
954 422 1016 446 XIX.

192 457 246 489 Hic
261 458 348 489 aliam
365 459 509 490 exstruxit
525 459 680 490 ecclesiam
706 460 736 490 in
762 460 826 491 loco
857 460 1015 497 maritimo,

192 512 282 542 quem
300 502 387 543 Sycas
399 510 420 526 II
435 507 549 543 vocant,
568 504 654 545 eique
672 504 759 536 Pacis
772 513 881 535 nomen
898 504 1015 536 indidit.

231 591 436 633 Olympianus,
450 602 499 624 an.
515 601 554 624 x1.

230 638 360 677 Marcus,
375 645 425 668 an.
443 645 507 669 xm.

235 682 384 722 Cyriacus,
402 690 452 712 an.
468 689 530 714 va.

232 726 383 767 Castinus,
399 735 448 756 an.
464 735 515 757 vn.
534 727 588 758 Hic
608 727 686 757 intra
713 726 810 767 ipsum
833 728 1013 768 Byzantium,

189 771 227 802 ad
242 770 375 801 Petrium
390 771 431 808 (id
448 781 555 802 nomen
582 771 638 802 loci
660 772 715 812 est)
746 776 887 803 exstruxit
916 778 1014 804 orato-

1060 235 1174 269 συνάξεις
1189 236 1283 267 ἐποίει.

1100 280 1227 321 Εὒζώϊος,
1246 281 1293 316 ἔτη
1309 276 1370 319 ις’.

1099 324 1267 364 Λαυρέντιος,
1290 325 1337 360 ἔτη
1354 321 1402 367 ια’,
1420 329 1506 364 μῆνας
1521 327 1553 364 ς·
1565 351 1572 358 .

1099 367 1235 410 Ἀλύϊτιος²
1258 370 1306 404 ἔτη
1322 365 1369 409 ιγ’,
1393 365 1480 409 μῆνας
1494 366 1545 409 ς’.

1098 414 1220 456 Περτίναξ
1255 416 1380 448 ὑπατικὸς
1425 418 1473 450 τῆς
1511 418 1539 444 ἓν
1584 412 1674 455 (Ρώμῃ
1719 416 1874 456 συγκλήτου²

1058 457 1105 491 ἔτη
1122 453 1165 489 ιϐ’.
1184 460 1265 492 Οὗτος
1281 460 1370 500 ἑτέραν
1393 459 1536 494 ἐκκλησίαν
1564 453 1709 495 ἀνέστησεν
1737 453 1764 489 ἐν
1798 453 1876 501 mpm;

1057 501 1189 540 θαλασσίῳ
1202 503 1338 544 λεγομένῳ
1353 509 1463 546 Συκατς,
1487 507 1600 546 Εἰρήνην
1623 507 1668 535 τὸν
1697 507 1774 535 οἶκον
1796 517 1876 546 προσ-

1059 547 1202 586 αγορεύσας
1207 570 1214 577 .

1099 589 1291 631 Ὀλυμπιανὸς,
1308 593 1355 627 ἔτη
1371 605 1397 622 ια
1404 588 1419 626 ’.

1097 636 1215 676 Μάρκος,
1231 637 1279 671 ἔτη
1301 633 1349 677 ιγ’,

1100 683 1241 720 Κυριακὸς,
1258 681 1305 716 ἔτη
1320 677 1381 719 ις’.

1099 729 1239 766 Καστῒνος³
1256 726 1303 760 ἔτη
1318 723 1352 763 ζ’,
1370 728 1450 758 Οὗτος
1466 727 1493 755 ἐν
1508 729 1578 764 αὗτῷ
1592 732 1630 766 τῷ
1646 730 1787 767 Βυζαντίῷ,
1801 729 1828 758 ἐν
1842 735 1878 766 τῷ

1057 767 1236 814 ἐπιλεγομένῳ
1259 772 1368 811 Πετρίῳ,
1397 773 1532 812 εὔκτήριον
1560 775 1608 806 τῆς
1639 774 1713 813 ἁγίας
1743 775 1876 814 Εὖφημίας
1928 782 1929 791 ‘

191 815 269 846 rium
285 819 396 846 sanctae
409 815 591 856 Eupllemiae,
614 825 679 857 quae
705 811 775 848 tunc
802 822 913 858 martyr
940 818 1002 849 fact;

1095 823 1159 854 ειρε,
1182 815 1242 843 τότε
1259 816 1474 855 μαρτυρησάσης.

189 859 296 891 fuerat.

228 904 348 945 Tratus,
361 913 409 936 an.
426 913 517 942 xxxv,
532 914 628 937 mens.
645 914 685 936 v1.

228 949 418 981 Domitianus
425 954 450 989 ιι,
460 949 553 980 frater
563 949 753 990 imperatoris
762 950 915 989 Probi,an.
934 960 1013 983 xxxv.

189 1002 285 1024 mens.
301 1001 341 1024 Vl.

231 1037 355 1078 Probus,
372 1037 508 1077 ejusdem
525 1037 646 1068 Domitii
662 1038 754 1076 ﬁlius,
770 1039 856 1069 annis
872 1048 923 1070 x11.

228 1081 544 1122 Metrophanes,frater
558 1082 692 1121 ejusdem
709 1083 932 1124 Probi,Domitii
947 1084 1011 1122 ﬁlii,

190 1127 252 1167 qui,
277 1130 420 1166 regnante
444 1127 635 1158 Constantino
664 1136 780 1166 magno,
806 1129 901 1159 factus
916 1133 962 1160 est
976 1129 1013 1160 ab

190 1172 296 1202 eodem
324 1171 503 1211 imperatore
531 1171 702 1203 Patriarcha
731 1172 1011 1214 Constantinopolis.

187 1215 307 1248 Praefuit
321 1225 370 1248 an.
389 1225 419 1247 x.

231 1261 412 1298 Alexander,
426 1261 592 1302 imperante
607 1261 809 1300 Constantino,
822 1272 871 1294 an.
887 1271 972 1294 χχιιι.

228 1306 348 1344 Paulus,
366 1305 530 1347 confessor,
545 1316 593 1338 an.
610 1315 640 1337 x.
656 1305 711 1337 Hic
726 1307 848 1347 ejectus,
863 1311 892 1339 et
902 1308 1012 1348 infcon-

188 1351 317 1382 fessione
335 1354 469 1381 mortuus
483 1354 538 1382 est.

228 1394 375 1426 Eusebius
388 1395 525 1433 Arianus,
549 1396 643 1436 primo
657 1395 767 1434 Beryti,
795 1395 904 1427 deinde
919 1397 1006 1429 Nico-

189 1439 308 1477 medim,
325 1443 429 1479 postea
445 1439 728 1480 Constantinopolis,
746 1440 852 1470 annnis
867 1449 918 1472 xu.

228 1483 421 1515 Macedonius
436 1484 590 1524 presbyter
602 1484 737 1524 ejusdem
753 1484 903 1526 Ecclesize,
918 1485 1012 1517 sancti

187 1528 308 1569 spiritus
324 1532 521 1569 oppugnator,
539 1538 587 1560 an.
603 1537 656 1560 xtl.

227 1574 738 1615 EudoxiusArianus,Germanicem,
753 1574 1012 1611 hincAntiocheze,

187 1622 289 1659 postea
305 1618 586 1659 Constantinopolis,
615 1619 783 1659 imperante
805 1619 935 1658 Juliano,
950 1629 1013 1651 rur-

187 1673 312 1703 sumque
326 1663 459 1699 Joviano,
476 1672 525 1694 an.
540 1672 602 1694 VIII.

227 1707 420 1748 Demophilus
435 1708 574 1746 Arianus,
592 1708 696 1738 Beroze
711 1708 740 1738 in
753 1708 892 1747 Thracia,
910 1714 1011 1750 postea

190 1752 472 1793 Constantinopolis,
489 1752 575 1783 annis
589 1761 630 1790 x1,
646 1752 801 1783 mensibus
812 1762 840 1785 ν.

227 1797 371 1837 Evagrius
397 1796 589 1835 orthodoxus,
615 1797 767 1828 ordinatus
795 1797 831 1828 ab
861 1797 1012 1829 Eustathio

186 1841 382 1882 Antiocheno,
401 1841 556 1872 confestim
574 1845 655 1872 actus
667 1845 712 1872 est
727 1842 755 1871 in
773 1841 910 1872 exsilium
925 1852 941 1873 a
952 1843 1012 1874 Va-

188 1886 279 1924 lente,
293 1895 360 1916 cum
374 1885 576 1926 pontiﬁcatum
592 1885 732 1925 gessisset
747 1895 794 1916 an.
812 1894 850 1917 Iv.

226 1931 388 1970 Gregorius
409 1931 589 1970 Theologus,
619 1939 684 1961 cum
714 1934 800 1962 antea
829 1930 1011 1962 Sasimorum

187 1974 290 2006 fuisset
305 1974 647 2015 episcopus,Theodosio
665 1984 768 2014 magno
783 1975 941 2015 imperium
955 1976 1011 2006 ob-

186 2019 312 2057 tinente,
329 2019 516 2050 renuntiatus
531 2025 577 2050 est
587 2019 710 2050 antistes
725 2019 1009 2061 Constantinopolis;

185 2064 360 2095 conﬁrmato
386 2064 442 2104 ipsi
458 2064 565 2094 throno
581 2064 753 2095 auctoritate
782 2065 896 2104 synodi,
913 2069 945 2096 ut
960 2065 1010 2105 qui

184 2108 303 2139 lanores
319 2108 508 2139 sustinuisset
531 2117 645 2147 graves,
659 2112 688 2138 et
702 2108 739 2139 ab
756 2109 912 2139 haeresium
929 2109 1011 2149 lepra

1096 902 1206 942 Τράτος,
1222 903 1269 937 ἔτη
1284 899 1334 942 λε’,
1352 905 1438 939 ιιῆνας
1452 900 1503 942 ς’.

1098 949 1270 990 Δομετιανὸς,
1306 947 1416 989 ἀδελφὸς
1445 948 1545 989 Πρόϐου
1576 949 1718 989 βασιλέως,
1747 951 1793 986 ἔτη
1825 947 1877 990 κδ’,

1057 993 1143 1029 μῆνας
1158 986 1193 1028 ζ’.

1097 1037 1208 1075 Πρόκος,
1225 1040 1271 1064 τοῦ
1286 1037 1364 1065 αὐτοῦ
1381 1039 1508 1076 Δομετίου
1522 1038 1551 1063 ἠ
1571 1040 1637 1079 υἱὸς,
1655 1039 1702 1074 ἔτη
1725 1035 1772 1078 ιβ’.

1095 1081 1283 1121 Μητροφάνης,
1321 1082 1335 1110 ὁ
1363 1082 1474 1122 ἀδελφὸς
1499 1087 1545 1111 τοῦ
1580 1084 1658 1113 αὐτοῦ
1690 1083 1803 1123 Πρόϐου,
1833 1089 1879 1114 τοῦ

1054 1127 1110 1155 υἱοῦ
1138 1125 1264 1163 Δομετίου
1281 1134 1289 1144 ·
1323 1126 1350 1159 ὃς
1378 1126 1420 1155 ἐπὶ
1460 1128 1506 1155 τοῦ
1538 1128 1655 1168 μεγάλου
1685 1130 1880 1158 Κωνσταντίνου

1054 1169 1145 1209 γέγονε
1186 1169 1248 1212 παρ’
1291 1172 1368 1200 αὐτοῦ
1410 1172 1582 1212 Πατριάρχης
1625 1174 1879 1202 Κωνσταντινουπό-

1056 1213 1137 1254 λεως,
1153 1214 1200 1248 ἔτη
1217 1210 1247 1246 ι’,

1096 1257 1275 1300 Ἀλέξανδρος,
1291 1259 1333 1288 ἐπὶ
1356 1261 1549 1300 Κωνστατίνου,
1566 1261 1612 1295 ἔτη
1634 1257 1692 1301 κγ’.

1095 1303 1208 1344 Ποὺλος,
1231 1305 1245 1332 6
1260 1304 1441 1344 ὁμολογητής,
1458 1304 1505 1339 ἔτη
1530 1317 1537 1333 ι
1551 1327 1559 1335 .
1583 1307 1664 1339 Οὗτος
1677 1305 1818 1346 ἐξεϐλήθη,
1835 1309 1881 1336 καὶ

1055 1347 1223 1381 ἐτελεύτησεν
1238 1349 1265 1376 ὲν
1277 1349 1415 1389 ὁμολογίᾳ.

1094 1391 1217 1424 Εὐσέϐιος
1232 1393 1246 1420 6
1262 1392 1408 1433 Ἀρειανὸς,
1420 1397 1523 1433 πρῶτον
1539 1395 1667 1433 Βηρυτοῦ,
1684 1396 1745 1424 εἶτα
1756 1402 1882 1434 Νικομη-

1053 1433 1133 1473 δείας,
1150 1437 1217 1474 μετὰ
1228 1437 1309 1465 ταῦτα
1328 1438 1640 1477 Κωνσταντινουπόλεως,
1657 1439 1704 1473 ἔτη
1721 1435 1767 1478 ιβ’.

1094 1480 1256 1513 Μακεδόνιος
1275 1481 1446 1526 πρεσϐύτερος
1462 1485 1510 1516 τῆς
1522 1485 1603 1517 αὐτῆς
1615 1483 1788 1526 Ἐκκλησίας,
1801 1497 1880 1514 πνευ-

1022 1523 1042 1548 C
1055 1525 1227 1566 ματομάχος,
1243 1526 1290 1559 ἔτη
1305 1522 1352 1565 ιβ’,

1098 1568 1215 1603 Εὑδόξιος
1230 1570 1375 1610 Ἀρειονὸς,
1392 1573 1589 1612 Γερμανικείας,
1620 1571 1680 1601 εἶτα
1696 1573 1881 1614 Ἀντιοχείαςν

1054 1615 1122 1651 μετὰ
1142 1618 1223 1643 ταῦτα
1252 1616 1565 1658 Κωνσταντινουπόλεως,
1591 1617 1633 1646 ἐπὶ
1656 1617 1810 1658 Ἰουλιανοῡ,
1835 1622 1884 1650 καὶ

1053 1658 1132 1687 πάλιν
1147 1660 1161 1687 ὁ
1183 1660 1260 1692 αὑτὸς
1274 1659 1317 1688 ἐπὶ
1334 1659 1472 1699 Ἰοϐιανοῦ,
1489 1661 1536 1695 ’ἐτη
1551 1657 1592 1696 η’,

1094 1703 1248 1744 Δημόφιλος
1263 1705 1277 1732 6
1293 1703 1439 1744 Ἀρειανὸς,
1470 1707 1578 1748 ΒερόηςΔ
1596 1709 1646 1741 τῆς
1675 1707 1792 1748 Θρᾴκης,
1810 1711 1884 1746 μετὰ

1054 1748 1131 1776 τοῦτο
1146 1749 1459 1791 Κωνιινταντινυυϊιόλεως⁷
1482 1751 1524 1779 Et:
1541 1746 1588 1788 ια’⁷
1605 1746 1740 1790 μῆναείί⁸

1095 1793 1221 1832 Εὖάγριος
1235 1792 1379 1833 ὀρθόδοξος,
1395 1797 1590 1834 χειροτονηθεὶς
1606 1798 1656 1825 ὑπὸ
1670 1799 1813 1826 Εὖσταθίου
1828 1801 1882 1832 τῆς

1054 1836 1230 1878 Ἀντιοχείκς,
1246 1839 1383 1886 τξαξρευθὺς,
1401 1839 1524 1879 ἐξωρίσθη
1539 1841 1590 1869 ὑπὸ
1605 1841 1760 1879 υῦάλεντος,
1777 1842 1883 1883 ἀρχιε-

1054 1882 1180 1920 ρατεύσας
1194 1882 1241 1916 ἔτη
1257 1882 1272 1911 δ
1279 1882 1292 1913 ’.

1093 1927 1235 1967 Γρηγόριος
1264 1929 1279 1956 6
1308 1928 1450 1969 Θεολόγος²
1480 1930 1605 1970 πρότερον
1640 1931 1764 1968 Σασίμων
1802 1933 1886 1971 γενό-

1052 1981 1131 2008 μενος
1158 1971 1312 2012 ἐπίσκοπος,
1343 1972 1386 2001 ἐπὶ
1415 1972 1551 2002 Θεοδοσίου
1578 1979 1624 2004 τοῦ
1651 1975 1767 2014 μεγάλου
1797 1982 1886 2006 Κων-

1052 2015 1290 2050 σταντινουπόλεως
1329 2016 1512 2058 ἐπεκηρύχοηγ
1558 2018 1762 2059 ἐπικυρωθέντος
1805 2023 1887 2060 αὖττῷ

1052 2063 1098 2087 τοῦ
1126 2060 1216 2100 θρόνου
1250 2062 1322 2101 παρὰ
1352 2065 1401 2096 τῆς
1429 2061 1545 2101 συνόδου,
1577 2065 1614 2096 ὡς
1635 2063 1722 2093 πολλὰ
1748 2066 1884 2108 καμόντι³

1051 2105 1095 2133 καὶ
1116 2107 1164 2137 τῆς
1192 2105 1281 2147 λώϐης
1305 2110 1358 2136 τῶν
1386 2107 1508 2147 αἱρέσεων
1529 2108 1578 2142 τὴν
1609 2107 1768 2143 Ἐκκλησίαν
1796 2105 1885 2141 ῐελευξ

184 2152 339 2184 liberasset
354 2162 420 2183 eam
448 2146 624 2184 Eccleisiam.
642 2153 715 2184 Cum
730 2157 829 2183 autem
852 2146 1002 2185 nonnullos

1094 2149 1203 2181 ώσαντι,
1222 2146 1268 2182 Ὠς
1283 2150 1311 2180 δέ
1332 2146 1482 2185 τιναςντῶν
1510 2152 1536 2186 ἐξ
1565 2154 1696 2193 Αἰγύπτου
1724 2155 1885 2195 ἀρχιερέων

186 2197 344 2237 pontiﬁces
366 2196 517 2237 Egyptios
531 2197 727 2228 intellexisset
751 2197 795 2227 vir
822 2197 1010 2229 beatissimus

184 2241 320 2272 invidere
335 2244 452 2281 negotio
464 2251 529 2279 suo,
548 2241 737 2282 pronuntiata
748 2241 785 2272 de
796 2242 1011 2282 componendis

185 2286 276 2317 rebus
291 2287 436 2324 oratione,
464 2287 572 2317 throno
595 2286 677 2317 urbis
708 2286 904 2326 imperatricis
933 2287 1010 2318 ultro

185 2332 284 2369 cessit,
303 2340 371 2363 cum
388 2331 518 2372 pontifex
532 2331 618 2362 annis
632 2340 674 2362 xu
686 2330 800 2362 fuisset.

224 2376 378 2407 Nectarius
395 2376 595 2416 magistratum
612 2386 731 2417 gerens,
744 2386 759 2407 a
775 2375 950 2407 CLPatribus
967 2377 1010 2408 si-

185 2421 246 2451 mul
263 2425 292 2452 et
304 2421 477 2461 baptizatur,
504 2426 533 2452 et
558 2421 734 2459 ordinatur;
750 2421 876 2451 Arcadio
892 2430 1011 2462 quoque

183 2469 336 2506 regnante,
355 2465 557 2506 pontiﬁcatum
573 2475 689 2505 gerens,
707 2475 756 2497 an.
780 2475 838 2504 xvr,
856 2474 952 2498 mens.
967 2475 1009 2503 vr,

224 2511 353 2542 Joannes
367 2510 602 2550 Chrysostomus,
619 2520 668 2541 an.
685 2519 712 2546 ν,
732 2519 828 2542 mens.
845 2518 886 2542 v1.

224 2555 364 2586 Arsacius
380 2554 542 2595 presbyter,
559 2554 687 2586 Nectarii
702 2555 802 2592 frater,
820 2563 868 2586 an.
884 2562 916 2586 ιι.

223 2599 338 2631 Atticus
360 2598 512 2640 presbyter
540 2599 891 2639 Constantinopolitanus,
909 2599 1008 2640 impe-

184 2648 269 2676 rante
284 2643 455 2676 Theodosio
472 2644 599 2683 minore,
616 2653 666 2676 an.
679 2653 730 2676 xx.

1052 2194 1128 2232 μάθοι
1163 2195 1178 2223 6
1210 2195 1409 2235 μακαριώτατος
1444 2200 1483 2234 τῷ
1510 2197 1645 2237 πράγματι
1679 2194 1883 2239 φθονήσαντας,

1051 2240 1096 2267 τὸν
1132 2241 1319 2280 συντακτήριον
1346 2241 1445 2274 ἐξέθετο
1479 2241 1569 2283 λόγον,
1605 2243 1648 2271 καὶ
1677 2243 1803 2278 ἑκουσίως
1833 2250 1886 2274 τοῦ

1051 2286 1101 2331 τῆς
1128 2284 1258 2322 βασιλίδος
1287 2286 1377 2324 θρόνου
1405 2285 1545 2326 ἐξίσταται,
1584 2287 1631 2321 ἔτη
1667 2283 1704 2326 ιβ’
1744 2289 1886 2331 ἂρχιερι-

1051 2339 1143 2361 τευσας
1148 2353 1155 2361 ,

1092 2374 1232 2414 Νεκτάριος
1246 2374 1432 2414 ἇιξιωματικὸς¹
1463 2377 1514 2405 ὑπὸ
1539 2378 1592 2405 τῶν
1617 2371 1657 2416 ρν¹
1680 2377 1806 2418 Πατέρων
1822 2381 1887 2419 ἅμα

1051 2420 1095 2448 καὶ
1111 2419 1261 2458 βαπτίζεται
1275 2422 1318 2449 καὶ
1333 2427 1540 2461 χειροτονεῖται,
1556 2422 1600 2450 καὶ
1614 2421 1656 2450 ἐπὶ
1672 2419 1812 2462 Ἀρκαδίου
1828 2425 1886 2465 ἆρ-

1052 2465 1212 2505 χιερατεύει,
1228 2464 1275 2498 ἔτη
1291 2462 1352 2504 ις’,
1375 2466 1459 2504 μῆνας
1474 2461 1526 2503 ς’.

1094 2509 1219 2543 Ἰωάννης
1233 2511 1247 2538 ὁ
1262 2512 1448 2549 Χρυσόπομος
1463 2510 1510 2545 ἔτη
1525 2506 1559 2549 ε’,
1576 2511 1661 2550 μῆνας
1676 2507 1728 2549 ς’.

1090 2554 1229 2594 Ἀρσάκιος
1253 2555 1437 2596 πρεσϐύτερος,
1463 2554 1574 2596 ἀδελφὸς
1600 2558 1754 2598 Νεκταρίου,
1771 2557 1822 2593 ἔτη
1839 2555 1886 2598 β’,

1089 2599 1208 2632 Ἀττικὸς
1222 2599 1392 2640 πρεσϐύτερος
1408 2600 1709 2634 Κωνσταντινουπόλεως
1723 2602 1768 2633 ἐπὶ
1781 2604 1888 2634 Θεοδο-

1048 2644 1103 2673 σίου
1118 2647 1164 2673 τοῡ
1179 2648 1284 2685 μικροῦ,
1305 2645 1352 2680 ἔτη
1367 2640 1404 2677 κ’.

846 2727 972 2760 VARI/{1]
995 2727 1212 2762 LECTIONES.

224 2783 254 2809 79
271 2789 441 2823 Δομετιανοῦ.

225 2845 246 2862 ιιι
261 2837 352 2870 hodie
365 2839 457 2881 Pera,
472 2839 534 2872 sive
549 2842 673 2877 Gazam.
690 2852 704 2869 ιι
718 2838 761 2871 αι.
774 2837 938 2870 Domitius.
