1942 3081
188 102 247 135 915

878 103 894 133 ,Ι
898 102 944 132 US
965 100 1190 135 CANONICUM

1820 105 1881 137 916

187 179 372 208 ωοοιιοιῐιιιε,
396 170 502 201 eodem
517 169 683 210 imperante
698 170 852 208 Mauricio,
870 174 898 201 et
913 170 999 201 Phoc:

1083 170 1174 207 ,ησίας,
1198 172 1242 199 καὶ
1254 171 1404 209 οἰκονόμος,
1433 171 1476 200 ἐπὶ
1497 175 1542 200 τοῦ
1564 172 1643 202 αὐτοῦ
1664 173 1818 211 Μαυρικίου,
1834 162 1881 200 καἰ

185 217 323 254 tyranno,
336 223 387 244 an.
400 222 431 245 ιι

228 257 357 289 Thomas
367 258 511 290 diaconus
517 262 546 289 et
556 258 850 299 sacellariusMajoris
860 258 1011 297 Ecclesia,

185 307 331 342 regnante
347 304 443 334 Phoca
458 302 782 344 eodem,pontiﬁcatum
795 304 885 344 gessit
900 314 950 335 an.
968 312 1009 342 ιιι,

185 356 282 378 mens.
296 356 329 379 Il.

225 392 352 431 Sergius
359 392 500 424 diaconus
512 391 644 432 ejusdem
650 391 948 433 Ecclesim,regnante
956 392 1012 424 He-

185 437 276 468 raclio
292 445 427 477 augusxo,
443 445 606 474 an.xxvm,
625 446 721 469 mens.
735 446 786 470 VII.

183 482 313 522 Pyrrhus
342 481 497 523 presbyter
513 481 646 521 ejusdem
663 481 814 522 Ecclesiae,
834 483 1009 521 monachus,

183 530 213 557 et
227 536 337 567 praeses
353 526 614 563 monasteriorum,
640 530 669 557 et
683 527 775 557 abbas
791 527 1010 568 Chrysopolita-

182 580 251 608 nus,
268 571 415 602 seditione
429 575 588 608 commota,
602 571 794 602 renuntiavit:
804 581 870 603 cum
881 572 1010 612 pontifex

182 617 287 647 luisset
301 625 338 647 an
354 625 385 653 ιι,
404 625 500 647 mens.
516 625 556 654 ix,
573 615 679 646 diebus
692 624 733 648 Ix.

223 661 330 692 Paulus
344 660 480 701 ejusdem
511 660 666 701 presbyter
682 660 869 698 Ecclesia},et
882 671 1004 693 oecono-

182 716 259 745 mus,
278 707 416 738 Heraclio
429 710 571 746 regnante
586 716 632 737 an.
651 715 702 738 xu.

223 751 351 792 Pyrrhus
366 751 476 782 iterum
492 750 658 788 restitutus,
676 760 760 782 mens
770 760 810 782 ιν.

1055 214 1098 242 ἐπὶ
1111 218 1194 243 Φωκᾶ
1214 219 1259 244 τοῦ
1274 216 1410 256 ωράννου,
1425 216 1473 250 ’ἐτη
1490 216 1526 244 ια’
1533 241 1540 248 ,

1095 262 1193 297 Θωμᾶς
1215 258 1333 292 διάκονος
1349 261 1393 289 καὶ
1417 260 1589 301 σακελλάριος
1603 263 1652 295 τῆς
1668 260 1793 300 Μεγάλης
1809 259 1879 290 Ἐκ-

1052 302 1176 342 κλησίας,
1194 303 1236 333 ἐπὶ
1250 308 1297 333 τοῦ
1317 306 1395 334 αὖτσῦ
1423 309 1514 343 iunxi,
1546 306 1751 346 ἀρχιερατεύσας
1766 305 1815 339 ἔτη
1838 305 1878 345 γ’,

1053 351 1140 386 μῆνας
1155 348 1192 388 β’.

1094 393 1201 433 Σέργιος
1217 393 1335 427 διάκονος
1350 398 1399 429 τῆς
1423 397 1503 428 αὐτῆς
1534 394 1704 435 Ἐκκλησίας,
1733 394 1776 423 ἐπὶ
1798 390 1880 435 Ἠρα-

1053 435 1141 465 κλείου
1155 437 1296 476 βασιλέως,
1314 439 1361 472 ’ἐτη
1374 438 1436 477 κη’,
1451 442 1538 477 μῆνας
1554 438 1592 475 ς’.

1094 481 1191 521 Πύρρος
1206 482 1378 524 πρεσϐύτερος
1392 484 1439 517 τῆς
1469 483 1550 517 αὐτῆς
1573 481 1731 516 Ἐκκλησίας
1753 485 1878 524 μοναχὸς

1052 527 1096 554 καὶ
1110 526 1202 566 ἅρχων
1215 529 1266 556 τῶν
1288 528 1482 568 μοναστηρίων,
1507 530 1551 556 καὶ
1573 528 1718 566 ἡγούμενος
1734 529 1877 566 Χρυσοπό-

1052 569 1131 607 λεως,
1148 572 1263 603 στάσεως
1285 573 1430 611 γενομένης
1458 573 1644 611 παρῃτήσατο,
1668 572 1877 613 ἀρχιερατεύσας

1051 613 1098 648 ἔτη
1113 615 1150 655 β’,
1168 618 1256 654 μῆνας
1271 616 1306 654 ϐ’,
1323 616 1423 656 ἡμέρας
1438 616 1474 646 θ’.

1087 660 1189 693 Παῦλος
1203 660 1374 701 πρεσϐύτερος
1389 664 1437 695 τῆς
1454 663 1536 694 αὐτῆς
1550 660 1723 700 Ἐκκλησίας,
1738 662 1782 689 καὶ
1797 662 1876 690 οἶκο-

1047 704 1138 742 νόμος,
1156 705 1198 734 ἐπὶ
1212 711 1258 735 τοῦ
1272 707 1349 734 αὒτοῦ
1372 702 1537 746 Ἡρακλείου,
1554 706 1601 739 ἔτη
1618 704 1666 744 ιβ’,

1087 749 1184 789 Πύρρος
1200 749 1278 778 πάλιν
1293 750 1473 788 ἀποκατέστη,
1497 752 1585 788 μῆνας
1606 748 1641 779 δ’.

221 783 324 826 Petrus
339 795 482 827 diaconus
510 799 539 826 et
564 805 736 827 aaconomus
748 796 883 836 ejusdem
896 797 999 829 Eccle-

1086 783 1183 833 Πέέρος
1197 793 1315 826 διάκονος
1326 796 1369 822 καὶ
1384 783 1520 832 οἱκονύμος
1531 794 1579 836 τῆς
1595 795 1677 827 αὑτῆς
1693 793 1872 832 Ἐκκλησίαῆ

181 840 245 878 size,
285 844 428 880 regnante
468 839 660 871 Constantino
682 848 695 862 ο
723 840 854 872 Heraclii
882 846 1002 883 nepote,

178 894 216 916 an
226 893 279 923 XII,
296 894 392 916 mens.
411 893 449 916 IV.

220 929 349 960 Thomas
362 929 506 961 diaconus
527 934 556 961 et
571 929 766 962 chartularius
781 930 916 970 ejusdem
943 931 1000 962 Ec-

176 974 286 1014 clesia,
302 983 351 1005 an.
368 983 408 1012 IX,
426 984 521 1005 mens.
538 983 588 1006 vu.

218 1018 348 1050 Joannes
363 1019 517 1060 presbyter
532 1024 565 1050 et
583 1019 780 1050 chartularius
794 1020 926 1060 ejusdem
944 1020 1001 1052 Ec-

178 1063 288 1105 clesiae,
306 1073 355 1095 an.
369 1073 398 1101 v,
414 1073 511 1095 mens.
528 1073 568 1095 ιι.

218 1108 428 1141 Censtantinus
443 1108 588 1139 diaconus
604 1108 737 1148 ejusdem
754 1109 904 1146 Ecclesiae,
918 1119 1002 1141 vaso—

179 1162 307 1194 rumque
322 1157 463 1193 custos,et
475 1162 658 1190 (economus,
669 1153 772 1184 eodem
785 1152 976 1185 Constantino
991 1161 1004 1182 ρ

179 1196 357 1238 imperante,
388 1207 455 1228 cum
485 1197 686 1238 pontiﬁcatum
718 1207 766 1229 an.
784 1207 814 1237 ll,
846 1208 942 1231 mens.
959 1209 1001 1238 ιιι,

177 1242 328 1282 gessisset,
341 1242 456 1282 ejectus
467 1245 524 1273 est.

217 1286 363 1327 Georgius
373 1286 735 1327 presbyter,syncellus,et
744 1296 878 1318 vasorum
892 1293 1001 1328 custos,

177 1331 283 1363 eodem
295 1332 457 1362 Constante
468 1331 648 1371 imperatore
662 1335 691 1362 et
702 1332 905 1371 Constantino,
924 1333 1002 1366 Con-

183 1377 287 1407 stantis
313 1376 385 1415 ﬁlio,
416 1384 581 1416 cognomen
611 1375 726 1407 Barbati
741 1377 882 1418 gerentis,
898 1387 1002 1419 an.m,

177 1430 273 1452 mens.
287 1430 330 1453 ΙΙΙ.

214 1466 389 1498 Theodorus
404 1465 558 1506 presbyter
573 1465 707 1505 ejusdem
720 1466 872 1505 Ecclesiae,
886 1470 1000 1508 syncel-

175 1509 234 1548 lus,
253 1513 282 1542 et
294 1519 433 1542 vasorum
448 1514 557 1551 custos,
571 1510 656 1540 annis
671 1518 703 1548 ιι,
722 1513 751 1541 et
765 1510 873 1542 deinde
885 1513 998 1552 pulsus.

175 1554 350 1586 Theodorus
376 1555 469 1593 idem,
495 1554 620 1586 Barbato
637 1555 743 1586 eodem
758 1555 932 1596 imperante,
949 1568 1000 1589 re-

175 1600 294 1632 stitutus
309 1600 339 1631 in
365 1601 523 1640 integrum,
541 1603 692 1640 tanquam,
729 1608 817 1630 verus
834 1601 1001 1641 patriarcha

175 1645 380 1684 pontiﬁcatum
397 1646 489 1685 gessit
502 1654 551 1676 an.
566 1652 588 1682 ι,
605 1653 701 1675 mens.
717 1652 748 1675 x.

213 1689 332 1728 Paulus,
349 1699 384 1720 ex
398 1689 491 1728 laicis,
506 1689 618 1730 primus
633 1698 650 1720 a
665 1689 800 1728 secretis,
817 1691 922 1722 eodem
938 1692 998 1723 im-

173 1739 297 1775 perante
312 1735 452 1773 Barbato,
468 1744 517 1766 an.
533 1743 575 1772 χι,
592 1743 687 1766 mens.
704 1743 766 1766 Vill.

214 1779 374 1811 Callinicus
396 1779 561 1820 presbyter,
577 1783 606 1810 et
621 1782 719 1810 custos
733 1789 868 1812 vasorum
884 1781 914 1812 in
931 1783 998 1814 Bla-

171 1823 304 1865 chernis,
318 1824 487 1865 imperante
501 1823 678 1861 Justiniano,
692 1823 808 1855 Barbati
824 1825 896 1866 ﬁlio,
913 1827 997 1858 nari-

171 1867 228 1899 bus
245 1869 390 1908 mutilato,
407 1878 457 1901 an.
472 1878 522 1901 xu.

211 1912 304 1953 Cyrus
320 1913 484 1954 presbyter,
498 1917 528 1945 et
550 1913 714 1944 monachus
730 1922 764 1944 ex
779 1913 875 1945 insula
887 1916 994 1947 Amas-

169 1955 258 1998 tride,
288 1958 395 1989 eodem
434 1957 601 1989 Iustiniano
644 1957 820 1998 imperante,
863 1957 994 1999 itemque

168 2010 218 2032 an.
235 2010 276 2041 vr,
293 2002 403 2034 deinde
418 2002 532 2044 pulsus.

208 2045 339 2077 Joannes
363 2047 518 2087 diaconus,
544 2051 573 2078 et
598 2046 909 2078 chartulariusdomus
919 2056 996 2079 oeco-

1044 837 1087 866 ἐπὶ
1109 839 1304 867 Κωνσταντίνου
1319 839 1360 876 73,
1384 839 1491 878 ἐκγόνου
1505 843 1551 868 τοῦ
1567 834 1731 878 Ἡρακλείου,
1753 838 1803 873 ἔτη
1820 839 1857 877 ιβ’
1862 864 1870 876 ⁷

1044 885 1130 919 μῆνας
1147 882 1171 911 δ’
1178 906 1185 914 .

1084 931 1180 965 Θωμᾶς
1195 927 1313 961 διάκονος
1336 929 1379 957 καὶ
1405 927 1573 968 χαρτοφύλαξ
1587 927 1635 962 τῆς
1650 929 1733 962 αὑτῆς
1747 927 1871 962 Ἐκκλη-

1044 971 1113 1010 σίας,
1130 972 1177 1006 ἔτη
1199 973 1238 1010 θ’,
1261 976 1347 1011 μῆνας
1362 973 1397 1009 ζ’.

1086 1015 1210 1050 Ἰωάννης
1236 1016 1407 1057 πρεσϐύτερος
1442 1017 1484 1045 καὶ
1515 1016 1682 1058 χαρτοφύλαξ
1708 1020 1758 1052 τῆς
1785 1017 1870 1051 «hic

1044 1059 1217 1101 Ἐκκλησίας,
1232 1061 1279 1095 ἔτη
1301 1061 1339 1099 ε’,
1357 1062 1442 1100 μῆνας
1457 1060 1492 1090 θ’.

1087 1110 1285 1138 Κωνσταντῖνος
1333 1105 1452 1137 διάκονος
1485 1106 1535 1138 τῆς
1571 1105 1651 1139 αὖτῆς
1688 1105 1864 1146 Ἐκκλησὶας,

1045 1150 1087 1177 καὶ
1109 1149 1279 1190 σκευοφύλαξ,
1296 1152 1339 1179 καὶ
1361 1150 1509 1188 οἰκονόμος,
1533 1149 1576 1177 ἐπὶ
1605 1154 1651 1179 τοὺ
1679 1150 1756 1179 αὐτοῦ
1789 1155 1869 1179 Κων-

1044 1195 1179 1223 σταντίνου
1193 1194 1235 1233 Ἠ,
1258 1195 1464 1236 ἀρχιερατεύσας
1484 1195 1531 1228 ἔτη
1560 1193 1602 1232 β’,
1639 1196 1725 1232 μῆνας
1754 1194 1794 1233 γ’1
1824 1194 1868 1228 ἐξ-

1043 1237 1155 1273 εελῆθη.

1084 1285 1213 1323 Γεώργιος
1242 1282 1428 1323 πρεσϐύτερος,
1467 1282 1621 1322 σύγκελλος,
1663 1284 1706 1311 καὶ
1740 1284 1869 1323 σκευοφό-

1044 1327 1101 1366 λαξ,
1132 1328 1174 1356 ἐπὶ
1191 1328 1237 1356 τοῦ
1264 1328 1342 1357 αὖτοῠ
1369 1328 1551 1365 Κώνσταντος,
1573 1328 1617 1355 καὶ
1644 1327 1686 1355 ἐπὶ
1722 1333 1868 1356 Κωνσταν-

1041 1374 1111 1401 τίνου
1132 1378 1178 1402 τοῦ
1197 1374 1253 1402 υἱοῦ
1275 1372 1457 1410 Κώνσταντος,
1474 1377 1521 1402 τοῦ
1545 1372 1719 1411 Πωγωνάτου,
1751 1371 1801 1406 ἔτη
1829 1375 1865 1412 γ’¹

1044 1420 1130 1455 μῆνας
1142 1418 1184 1458 γ’.

1082 1462 1214 1503 Θεόδωρος
1226 1461 1398 1503 πρεσϐύτερος
1413 1464 1462 1495 τῆς
1476 1462 1557 1494 αὐτῆς
1570 1460 1743 1501 Ἐκκλησίας,
1755 1461 1868 1501 σύγκελ-

1041 1505 1098 1547 λος,
1114 1508 1157 1536 καὶ
1178 1506 1348 1548 σκευοφύλαξ,
1366 1507 1412 1541 ἔτη
1427 1506 1465 1545 β’,
1481 1507 1524 1534 καὶ
1538 1504 1678 1540 ἒξεϐλήθη,

1082 1548 1110 1581 ιΟ
1126 1554 1203 1584 αὐτὸς
1219 1552 1351 1592 Θεόδωρος
1366 1552 1409 1580 ἐπὶ
1423 1555 1468 1581 τοῦ
1483 1553 1562 1580 αὐτοῦ
1575 1550 1738 1589 Πωγωνάτου
1755 1551 1864 1580 ἀποκα-

1039 1596 1132 1638 τέστη,
1148 1598 1353 1638 ἀρχιερατεύσας
1369 1598 1405 1628 ὡς
1421 1595 1545 1630 ἀληθινὰς
1559 1595 1728 1635 πατριάρχης
1745 1594 1806 1627 ἔτος
1821 1595 1864 1634 α’,

1039 1644 1126 1679 μῆνας
1142 1642 1175 1672 ι’.

1080 1687 1183 1720 Παῦλος
1200 1689 1213 1716 ὁ
1227 1688 1280 1716 ἀπὸ
1294 1687 1395 1716 λαϊκῶν
1424 1684 1650 1726 προτασηκρῆτις,
1667 1684 1710 1713 ἐπὶ
1724 1684 1770 1713 τοῦ
1786 1685 1865 1714 αὖτώ

1040 1732 1214 1773 Πωγωνάτου,
1230 1732 1277 1766 ἔτη
1299 1732 1351 1773 ς’,
1367 1731 1450 1770 μῆνας
1461 1730 1505 1764 η’.

1080 1776 1235 1809 Κάλλίνικος
1251 1776 1436 1817 πρεσϐύτερος⁷
1453 1775 1496 1803 καὶ
1510 1773 1671 1814 σκευοφύλαξ
1687 1773 1862 1814 Βλαχερνῶν,

1039 1820 1081 1849 ἐπὶ
1096 1820 1289 1863 Ἰουστινιανοῦ,
1306 1823 1361 1850 υἷοῦ
1373 1825 1418 1850 τοῦ
1435 1819 1612 1859 Πωγωνάτου,
1628 1821 1674 1846 τοῦ
1687 1819 1860 1858 ῥινοτμήτου,

1037 1864 1085 1898 ἔτη
1108 1865 1153 1904 ιβ’.

1078 1914 1159 1950 Κῦρος
1174 1910 1356 1951 πρεσϐύτερος,
1371 1911 1414 1938 καὶ
1426 1908 1546 1948 μονκχδς
1557 1907 1609 1935 ἀπὸ
1621 1906 1669 1940 τῆς
1679 1907 1762 1942 νήσου
1774 1907 1863 1946 ’Λμά-

1035 1955 1147 1995 στριδος,
1164 1958 1206 1986 ἐπὶ
1220 1961 1265 1986 τοῦ
1286 1960 1366 1987 αὐτοῦ
1381 1956 1576 1992 Ἰουστινιανοῦ,
1593 1954 1637 1982 καὶ
1647 1953 1690 1982 ἐπὶ
1704 1958 1752 1983 τοῦ
1763 1954 1860 1983 Φιλιπ-

1035 2005 1125 2039 πικοῦ,
1142 2001 1188 2035 ἔτη
1202 2002 1253 2040 ς’,
1272 2003 1315 2030 καὶ
1329 2001 1356 2034 ἐξ
1376 2000 1516 2036 ἐξεϐλήθη.

1077 2042 1201 2079 Ἰωάννης
1241 2045 1372 2083 διάκονος,
1402 2045 1445 2073 καὶ
1480 2042 1647 2085 χαρτοφύλαξ
1675 2046 1721 2070 τοῦ
1752 2044 1859 2072 οἰκονο-

166 2089 259 2128 nomi,
281 2090 387 2122 eodem
405 2091 570 2132 Philippico
594 2091 772 2131 imperante,
800 2099 833 2121 ac
848 2091 992 2131 Artemio,

1083 2102 1122 2131 ου,
1153 2091 1194 2120 ἐπὶ
1222 2095 1268 2120 τοῦ
1289 2093 1367 2121 αὐτοῦ
1389 2090 1561 2126 Φιλιππικοῦ,
1584 2089 1627 2117 καὶ
1649 2087 1692 2116 ἐπὶ
1721 2087 1859 2128 Ἀρτεμῖου

168 2133 265 2174 primo
290 2144 308 2166 a
335 2136 526 2177 secretis,qui
554 2136 679 2166 nomine
703 2139 814 2166 mutato
843 2135 939 2167 dictus
952 2141 997 2168 est

164 2178 350 2219 Anastasius,
367 2190 417 2213 an.
434 2189 477 2213 ιιι.

206 2223 372 2256 Germanus
387 2229 612 2266 magnus,antea
620 2225 716 2266 Cyzici
733 2224 993 2265 episcopus,dein-

166 2267 204 2299 de
215 2267 740 2310 Constantinopolitanus,imperante
757 2273 855 2300 autem
867 2269 993 2302 Anasta-

164 2312 254 2354 sio,et
270 2312 438 2345 Theodosio
462 2315 604 2354 Augusto,
622 2318 651 2345 et
667 2315 779 2352 Leone,
796 2318 992 2352 cognomento

166 2357 298 2396 Conone,
315 2368 381 2389 cum
398 2359 600 2400 pontiﬁcatum
622 2359 764 2398 gessisset
777 2367 815 2389 an
830 2358 918 2397 xv,ab
935 2359 991 2391 hoc

163 2401 256 2442 impio
273 2403 370 2434 Leone
384 2405 462 2443 Aug.
481 2405 595 2442 ejectus
610 2407 666 2434 est.

203 2446 377 2478 Anastasius
402 2447 558 2489 presbyter
570 2452 599 2478 et
624 2447 786 2488 syncellus,
801 2447 845 2477 vir
869 2447 989 2488 impius,

164 2490 270 2523 eodem
287 2491 386 2524 Leone
404 2496 558 2534 regnante,
576 2497 663 2534 atque
677 2492 870 2523 Constantino
885 2493 991 2524 Cabal-

162 2535 237 2574 lino,
254 2545 303 2568 an.
321 2545 404 2570 xxxv.

200 2580 414 2613 Constantinus
443 2581 607 2615 monachus
642 2586 671 2612 et
706 2581 863 2622 episcopus
891 2579 987 2622 Sylaei,

1037 2139 1268 2177 πρωτασηκρῆτις,
1310 2139 1355 2164 τοῦ
1395 2134 1634 2173 μετονομασθέντος
1673 2132 1856 2173 ’Λνειστίιιιειίου³

1036 2179 1083 2214 ἕτη
1105 2180 1142 2220 γ’.

1076 2227 1207 2265 Γερμανὸς
1229 2227 1243 2254 ὁ
1275 2226 1370 2265 μέγας,
1407 2225 1549 2255 ἐπίσκοπος
1585 2222 1694 2258 Κυζίκου
1718 2223 1854 2263 πρότερον,

1034 2269 1096 2298 εἶτα
1130 2270 1440 2306 Κωνςταντινουπόλεως,
1472 2269 1513 2297 ἐπὶ
1542 2273 1587 2297 τοῦ
1622 2267 1700 2295 αὖτοῦ
1724 2267 1855 2296 Ἀναστα-

1034 2314 1100 2351 σίου,
1124 2316 1166 2343 καὶ
1182 2315 1223 2344 ἐπὶ
1239 2315 1376 2344 Θεοδοσίου
1392 2319 1437 2344 τοῦ
1465 2313 1607 2353 βασιλέως⁷
1635 2313 1678 2340 καὶ
1700 2312 1742 2340 ἐπὶ
1773 2313 1854 2348 Λέον-

1033 2369 1078 2390 τος
1103 2363 1149 2388 τοῦ
1177 2361 1220 2388 καὶ
1251 2360 1382 2399 Κόνωνος,
1413 2358 1621 2399 ἀρχιερατεύσας
1644 2356 1690 2390 ἔτη
1720 2356 1769 2397 ιε’,
1798 2356 1853 2390 ἐξε-

1032 2402 1117 2438 ϐλήθη
1139 2403 1183 2432 ὑπ’
1199 2404 1275 2433 αὐτοῦ
1290 2408 1336 2432 τυῦ
1359 2403 1467 2436 ἀσεϐοῦς
1482 2402 1612 2441 βασιλέως
1627 2401 1752 2433 Λέοντος.

1073 2448 1244 2480 Ἀναστάσιος
1264 2449 1437 2489 πρεσϐύτερος
1466 2449 1509 2476 καὶ
1531 2445 1688 2486 σύγκελλος,
1718 2448 1732 2475 ὁ
1759 2445 1852 2475 δυσσε-

1031 2491 1092 2530 ϐὴς,
1108 2493 1150 2522 ἐπὶ
1172 2497 1217 2522 τοῦ
1238 2495 1316 2522 αὑτοῦ
1331 2494 1451 2530 Λέοντος,
1468 2494 1511 2521 καὶ
1533 2492 1575 2521 ἐπὶ
1593 2492 1788 2522 Κωνσταντίνου
1808 2494 1851 2520 τοῦ

1032 2537 1138 2568 Καϐαλλ
1143 2537 1207 2575 (νου,
1233 2537 1279 2572 ἔτη
1294 2537 1326 2566 κδ
1332 2538 1337 2546 ’
1343 2561 1349 2568 .

1072 2587 1270 2616 Κωνστανττνος
1294 2583 1414 2623 μοναχὸς
1429 2583 1472 2612 καὶ
1485 2581 1633 2614 ἐπίσκοπος
1652 2580 1698 2609 τοῦ⁹
1723 2579 1848 2620 Συλαέου,

819 2670 946 2702 VARUE
969 2671 1186 2705 LECTIONES.

196 2728 228 2754 75
258 2728 440 2763 Κώνσταντος.
459 2729 486 2755 τί
504 2731 690 2764 Κώνσταντος.

193 2788 206 2805 ο
219 2782 398 2815 Constante.
414 2788 428 2811 Ρ
444 2784 621 2818 Constante.
