1942 3081
81 110 149 144 917

765 115 1052 149 GR/ECO-ROMAN
1056 117 1110 148 UM

1723 114 1783 150 918

80 181 95 208 6
117 180 349 225 ἀποκεφαλισθεὶς,
375 180 417 209 ἐπὶ
442 183 638 211 Κωνσταντίνου
664 187 710 211 τοῦ
742 182 904 213 Καϐαλλίνου

984 184 1057 223 rpite
1081 184 1193 225 plexus,
1224 185 1388 225 imperante
1411 184 1602 216 Constantino
1628 173 1784 216 Caballin0

82 226 133 260 ἔτη
150 223 200 266 ιβ’,

129 273 259 310 Νικήτας,
277 274 291 301 6
307 273 358 302 ἀπὸ
372 272 508 314 Σθλαίϐων³
522 276 660 315 εὖνοῦχος,
675 274 847 314 πρεσϐύτερος
862 279 914 304 τῶν

83 316 170 355 ἁγίων
187 317 371 354 Ἀποστόλων,
394 319 438 346 καὶ
466 319 556 358 ἄρχων
578 322 630 347 τῶν
656 321 849 359 μοναπηρίων,
873 320 915 350 ἐπὶ

80 365 131 389 τοῦ
146 362 225 390 αὖῑοῦ
242 363 448 401 Κωνστιιντίνου,
465 364 508 391 καὶ
524 363 564 391 ἐπὶ
576 367 621 391 τοῦ
631 365 686 392 υἷοῦ
698 365 775 394 αὐτοῦ
789 365 912 402 Λέοντος,

77 409 128 434 τοῦ
149 405 179 434 ἐκ
194 409 241 440 τῆς
259 408 389 446 Χαζᾶρας,
406 407 453 441 ἔτη
477 407 523 447 ιγ’,
547 411 633 445 μῆνας
654 403 690 439 δ’.

127 450 231 483 Παῦλος
254 453 268 479 6
285 452 409 491 Κύπριος,
437 452 567 493 διάκονος,
597 453 640 481 καὶ
668 453 791 491 ἐλεήμων
813 454 829 482 ὅ
854 455 911 487 νέος

76 494 89 523 ὲ
114 496 122 506 \
171 496 184 502 ·-
220 497 246 512 υ-
264 501 274 506 ν
315 496 325 512 _I
526 498 534 509 κ
561 502 569 509 ν
696 498 701 508 I

91 506 124 523 πι
138 507 185 524 του
200 507 277 525 αυ.ου
292 500 416 537 Λεοντος,
435 498 477 526 καὶ
493 497 540 539 ἐπι.
551 502 747 539 Ιιωνσταντινου
770 499 813 527 καὶ
828 500 910 539 Εἰρή-

80 550 144 574 νης,
161 540 210 573 τῆς
226 542 303 570 αὐτοῦ
318 542 430 581 μητρὸς,
446 541 493 575 ἔτη
516 536 550 581 ε’,
564 542 650 579 μῆνας
665 537 718 579 ς’.

126 585 256 622 Ταράσιος
271 586 285 613 ὁ
307 585 359 613 ἀπὸ
383 586 553 626 ἀσηκρητῶν,
578 587 591 614 6
613 586 724 626 ἔξαρχος
739 590 787 621 τῆς
800 587 824 623 ζ’
838 589 911 617 συνό-

83 627 144 668 δου,
161 628 203 656 ἐπὶ
218 632 269 656 τῶν
285 630 368 658 at"):th
384 629 513 668 βασιλέων
530 631 724 660 Κωνσταντίνου
732 633 775 661 καὶ
784 633 908 672 Εἰρήνης,

82 674 132 716 καὶ.
145 673 187 701 ἐπὶ
203 674 352 714 Νικηφόρου
372 680 418 705 τοῦ
433 675 485 703 ἀπὸ
501 678 625 715 γενικῶν,
642 676 848 716 ἀρχιερατεύσας
863 677 909 711 ἔτη

83 712 143 754 xz‘,
162 721 248 756 μῆνας
263 715 301 757 β’,

129 764 279 803 Νικηφόρος
295 765 308 792 6
324 764 376 792 ἀπὸ
392 765 550 804 ἆσηκρητῶν
566 764 706 804 γενόμενος
722 767 854 807 μοναχὸς,
870 765 913 795 ἐπὶ

83 811 131 835 τοῦ
154 809 231 835 αὒτοῦ
245 808 374 846 βασιλέως
393 809 553 849 Νικηφόρου,
566 810 610 838 καὶ
624 809 666 838 ἐπὶ
678 811 851 851 Σταυρακίου,
868 813 911 840 καὶ

957 237 1004 259 an.
1021 238 1073 260 ΧΠ.

996 273 1126 314 Nicetas,
1149 274 1317 311 eunuchus,
1342 273 1496 305 Slavorum
1511 277 1599 313 gente
1609 277 1706 310 natus,
1723 272 1776 306 SS.

955 318 1159 357 Apostolorum
1177 317 1340 358 presbyter,
1354 323 1381 348 et
1392 327 1500 359 przeses
1516 318 1776 355 monasteriorum,

955 362 1146 400 regnantibus
1152 362 1256 393 eodem
1266 362 1594 402 Constantino,ejusque
1602 363 1661 393 tilio
1669 363 1777 400 Leone,

954 406 1005 446 qni
1018 407 1145 438 Chazara
1162 410 1254 437 matre
1264 406 1437 438 fuiteditus.
1449 416 1497 438 an.
1509 415 1573 444 xm,
1586 416 1680 438 mens.
1696 416 1736 437 iv.

993 450 1098 481 Paulus
1115 449 1248 491 Cyprius,
1266 450 1423 487 diaconus,
1451 455 1480 482 et
1495 451 1570 481 alter
1582 455 1778 489 cognomento

952 495 1134 532 misericors,
1153 495 1259 526 eodem
1275 496 1373 526 Leone
1388 499 1575 535 regnante,et
1585 495 1778 527 Constantino

951 543 1039 579 atque
1054 539 1140 570 Irena
1156 544 1262 577 matre,
1279 549 1327 570 an.
1344 548 1374 576 ν,
1394 549 1478 570 mens
1491 548 1529 569 v1.

991 585 1222 624 'l‘arasius,unus
1229 593 1262 614 ex
1277 584 1446 615 secretariis
1456 593 1566 624 praeses
1581 592 1632 615 vn.
1646 584 1776 622 concilii,

951 628 1146 668 regnantibus
1178 628 1284 658 iisdem
1315 637 1400 668 augg.
1431 628 1621 660 Constantino
1637 633 1666 659 et
1680 628 1778 666 Irena,

951 676 1082 713 itemque
1094 672 1275 713 Nicephoro,
1291 673 1442 713 quondam
1456 672 1606 710 Generali,
1623 673 1780 713 pontiﬁca-

954 723 1014 748 tum
1031 718 1123 758 gessit
1137 727 1185 748 an.
1203 726 1243 757 ιιι,
1262 727 1358 749 mens.
1371 726 1404 750 ll.

995 762 1190 803 Nicephorus,
1208 771 1243 793 ex
1258 763 1418 793 secretario
1431 763 1525 794 factus
1535 762 1708 800 monachus,
1724 762 1779 793 sub

954 807 1087 847 ejusdem
1104 806 1264 847 Nicephori
1275 816 1342 846 aug.
1355 812 1383 838 et
1394 806 1551 844 Stauracii,
1569 814 1598 837 et
1613 806 1779 845 Michaelis,

82 852 129 879 ἐπὶ
145 852 268 892 Μιχαὴλ,
289 854 338 896 ¹καὶ
363 854 405 882 ἐπὶ
430 854 541 887 Λέοντος
556 858 602 882 τοῦ
616 854 762 893 Ἀρμενίου,
779 856 906 896 ἀρχιερα-

997 853 1130 884 Armenii
1141 851 1249 883 Leonis
1258 852 1396 892 imperio,
1408 852 1610 892 pontiﬁcatum
1625 851 1715 891 gessit
1729 861 1779 883 an.

83 896 181 928 τεύσας
197 896 244 930 ἔτη
269 892 304 937 ϐ’,
327 897 454 934 ἐξεϐλήθη
482 899 532 927 ὑπὸ
553 904 600 929 τοῦ
619 892 698 928 ανξιτοῦ
727 892 839 933 Λέοντος
860 892 914 931 ’τοῦ

83 939 239 974 δυσσεϐοῦς.

126 985 253 1018 Θεόδοτος
269 988 283 1015 6
306 987 490 1024 Μηλισσηνὸς,
507 989 521 1016 6
537 990 581 1016 καὶ
603 992 780 1029 Κασσιτηρᾶς,
808 991 911 1018 οἰκονο-

85 1030 192 1071 μάχος,
208 1031 251 1060 ἐπὶ
264 1032 310 1060 τοῦ
323 1032 401 1061 αὒτοῦ
417 1032 539 1070 Λέοντος,
557 1032 602 1066 ἔτη
624 1033 676 1071 ς’.

125 1119 268 1153 Ἀντώνιος
284 1121 426 1154 ἐπίσκοπος
445 1126 490 1152 τοῦ
514 1121 637 1159 Συλαίου,
654 1123 667 1150 6
681 1123 725 1151 καὶ
742 1126 907 1160 Κασιματᾶς,

81 1165 94 1192 ἑ
118 1166 125 1176 \
176 1168 187 1173 -ν
221 1165 230 1182 ξ’
269 1169 279 1173 ~
325 1166 330 1174 ι
397 1178 406 1183 _
470 1168 477 1177 \
540 1167 547 1178 κ
609 1179 615 1183 _
652 1167 657 1174 ι
746 1171 756 1176 η.
882 1173 894 1177 ..

97 1176 127 1193 πι
142 1176 190 1193 του
204 1176 282 1194 anon
297 1169 417 1203 Λεοντο,,
435 1177 478 1195 και
506 1167 548 1195 ἐπι
571 1166 683 1207 Μιλατηλ
713 1178 759 1196 τυυ
781 1167 907 1208 Τραυλου,

81 1210 128 1237 καὶ
152 1209 194 1237 ἐπὶ
210 1209 348 1250 Θεοφίλου,
365 1210 412 1244 ἔτη
429 1211 476 1250 ιγ’.

126 1254 263 1294 Ἰωάννης,
287 1256 301 1282 6
316 1256 360 1283 καὶ
387 1255 484 1290 Ἰανῆς,
509 1257 523 1284 6
545 1254 671 1289 δυσσεϐης
700 1257 743 1284 καὶ
765 1257 908 1295 οἱκονομά-

82 1309 150 1338 χος,
167 1299 210 1327 ἐπὶ
224 1299 269 1327 to;
295 1301 373 1328 αὐτοῦ
393 1300 530 1341 Θεοφίλου,
561 1301 604 1328 καὶ
631 1300 674 1328 ἐπὶ
703 1300 837 1340 Θεοδώρας
866 1303 910 1330 καὶ

83 1342 213 1383 Μιχαήλ,
230 1344 379 1384 Καθῃρέοη,
396 1345 602 1385 ἀρχιερατεύσας
618 1344 664 1378 ἔτη
679 1344 722 1384 γ’.

124 1387 251 1419 Μεῡόόιος
288 1390 407 1429 μοναχὸς
456 1390 500 1418 καὶ
540 1388 724 1429 πρεσϐύτερος,
767 1390 909 1423 ἐπίσκοπος

80 1433 228 1472 γενόμενος
259 1433 378 1474 Κυζίκου,
421 1434 482 1462 εὖτα
510 1434 824 1471 Κωνσταντινουπόλεως,
867 1436 909 1464 ἐπὶ

954 906 995 934 ix.
1012 898 1048 928 ab
1064 898 1120 928 hoc
1135 897 1226 936 impio
1243 898 1344 928 Leone
1357 897 1473 937 pulsus.

993 986 1164 1017 Theodotus
1181 985 1366 1022 Melissenus,
1389 988 1587 1024 cognomento
1603 985 1779 1023 Cassiteras,

953 1031 1179 1062 simulacrorum
1206 1039 1339 1067 eversor,
1370 1030 1476 1061 eodem
1493 1029 1592 1061 Leone
1620 1034 1779 1070 regnante,

952 1086 1000 1107 an.
1017 1085 1058 1108 νι,

992 1121 1137 1153 Antonius
1150 1121 1307 1161 episcopus
1323 1119 1415 1160 Silwi,
1431 1123 1628 1160 cognomento
1643 1119 1777 1150 Casima~

952 1170 1006 1203 tas,
1024 1167 1129 1197 eodem
1148 1166 1246 1196 Leone
1277 1165 1454 1204 imperante,
1481 1164 1613 1205 itemque
1629 1164 1780 1196 Michaele

951 1211 1054 1248 Balbo,
1073 1215 1101 1242 et
1116 1210 1282 1250 Theophilo
1298 1219 1346 1240 an.
1359 1217 1421 1240 XIII.

991 1255 1184 1295 Joannes,qui
1194 1254 1539 1294 etJanes,virimpius,et
1552 1253 1777 1284 simulacrorum

952 1302 1055 1338 hostis,
1073 1301 1241 1340 imperante
1263 1298 1424 1339 Thophilo,
1442 1302 1472 1329 et
1493 1298 1662 1336 Theodora,
1677 1302 1706 1329 et
1720 1298 1776 1329 Mi-

951 1347 1043 1377 chaele
1053 1345 1204 1385 depositus
1217 1343 1482 1381 est,administrato
1495 1343 1664 1383 pontiﬁcatu
1673 1352 1720 1374 an.
1731 1351 1776 1375 ιιι.

991 1390 1158 1422 Melhodius
1180 1388 1343 1419 monachus
1358 1391 1387 1418 et
1411 1387 1575 1427 presbyter,
1592 1387 1686 1418 factus
1711 1387 1777 1428 epi-

951 1445 1058 1476 scopus
1074 1433 1217 1475 Cyzici,ac
1233 1432 1341 1463 deinde
1357 1432 1776 1472 Constantinopolis,regnan-

77 1480 134 1506 τῶν
159 1479 244 1520 ανίιτιῦν
264 1477 404 1518 βασιλέων,
436 1478 570 1518 Θεοδώρας
598 1480 642 1508 καὶ
663 1479 786 1520 Μιχαὴλ,
812 1479 858 1514 ἔτη
873 1475 906 1517 δ’,

984 1475 1031 1511 ηις
1046 1479 1153 1510 iisdem
1174 1477 1268 1517 Augg.
1291 1475 1448 1507 Theodora
1462 1481 1491 1508 et
1506 1477 1651 1515 Michaele,
1669 1486 1717 1508 an.
1736 1486 1775 1516 iv,

77 1524 168 1559 μῆνας
184 1517 221 1560 β’.

125 1565 256 1606 Ἰγνάτιος
282 1568 296 1596 6
331 1567 488 1606 ἁγιώτατος,
518 1569 560 1596 επὶ
588 1571 641 1596 τῶν
663 1569 750 1597 αὐτῶν
777 1569 908 1608 βασιλέων

81 1609 222 1650 Θεοδώρας
243 1612 287 1640 καὶ
309 1611 431 1651 Μιχαὴλ,
449 1611 496 1645 ἔτη
511 1611 549 1650 δ’,
573 1615 660 1650 μῆνας
681 1612 718 1651 β’.

119 1655 225 1686 Φώτιος
248 1657 261 1684 6
283 1655 335 1683 ἀπὸ
357 1656 516 1695 ἁσηκρητῶν
540 1657 680 1696 γενόμενος
710 1658 841 1697 μοναχὺς¹
865 1656 907 1697 ἐπὶ

83 1699 210 1740 Μιχαηλ,
233 1700 277 1728 καὶ
301 1700 343 1728 ἐπὶ
367 1699 500 1738 βασιλείου
525 1706 570 1730 τοῦ
599 1700 759 1742 Μακεδόνος,
781 1696 843 1735 Πὲτη
869 1696 904 1742 θ’,

79 1745 124 1772 καὶ
140 1743 267 1779 ἐξεϐλήθη
281 1746 331 1773 ὑπὸ
345 1745 392 1773 τοῦ
405 1744 565 1777 Μακεδόνος,

120 1788 250 1828 Ἰγνάτιος
265 1789 356 1830 πάλιν,
379 1789 421 1818 ἐπὶ
434 1793 480 1818 τοῦ
505 1791 582 1820 οςῖιτοῦ
605 1790 736 1828 βασιλέως
751 1796 798 1820 τοῦ
812 1794 903 1819 Μακε-

82 1833 171 1871 δόνος,
196 1833 242 1868 ἔτη
259 1835 309 1866 ια’,

120 1880 226 1912 Φώτιος
240 1880 330 1917 πάλιν,
347 1880 390 1909 ἐπὶ
411 1881 522 1913 Λέοντος
538 1881 584 1910 τοῦ
597 1880 753 1921 φιλοσόφου,

116 1925 251 1965 Στέφανος
267 1927 280 1954 ὁ
295 1925 407 1966 ἀδελφὸς
425 1926 551 1966 Λέοντος,
567 1927 611 1955 ἒπὶ
633 1929 683 1960 τῆς
706 1925 840 1964 βασιλείας
860 1931 907 1957 τοῦ

78 1972 160 2000 αὐτοῦ
175 1969 298 2006 Λέοντος,
321 1970 368 2005 ἔτη
383 1970 420 2010 γ’·

118 2015 261 2047 ’Λντώνιος
303 2016 317 2044 6
347 2015 477 2056 Καυλέας,
512 2016 554 2044 ἰπὶ
588 2019 635 2044 τοῦ
667 2017 746 2045 αὐτοῦ
779 2015 901 2052 Λέοντος,

76 2059 125 2093 ἔτη
141 2059 181 2098 β’.

119 2102 252 2146 Νικᾴλαος
266 2106 280 2133 6
303 2105 356 2133 ἀπὸ
386 2108 530 2146 μυστικῶν,
553 2105 595 2134 ἐπὶ
622 2108 668 2133 τοῦ
683 2105 761 2133 αὐτοῦ
775 2105 899 2145 Λέοντος,

79 2148 126 2182 ἔτη
145 2144 194 2188 ια’,
208 2149 252 2177 καὶ
266 2149 453 2184 κατεϐιϐάσθη.

117 2193 246 2231 Εὖθόμιος
262 2195 394 2235 μοναχὸς,
420 2196 434 2223 6
461 2195 514 2224 ἀπὸ
535 2194 696 2235 ωγκὲλλων,
713 2195 756 2223 επὶ
775 2192 900 2227 Ἀλεξάν-

76 2237 150 2278 δρου,
166 2238 214 2271 ’ἐτη
230 2238 263 2274 ε’,
288 2242 374 2277 μῆνας
390 2240 443 2277 ς’.

116 2282 248 2314 Νικόλαος
264 2285 334 2315 αὖθις
349 2285 363 2311 ὸ
385 2284 437 2312 ἀπὸ
451 2286 594 2322 μυστικῶν,
613 2284 654 2312 ἐπὶ
668 2287 714 2312 τοῦ
728 2284 805 2312 αὐτοῦ
820 2283 900 2312 Ἀλε-

76 2326 196 2367 ξάνδρου,
212 2328 254 2355 καὶ
270 2330 475 2367 Κωνσταντίνου,
493 2330 536 2357 καὶ
564 2325 698 2367 Ῥωμανοῦ
712 2333 757 2358 τοῦ
773 2331 898 2362 Λακαπη-

75 2376 132 2412 νοῦ,
150 2371 198 2405 ἔτη
213 2371 250 2411 ιγ’
256 2396 264 2412 ,

116 2416 252 2456 Στέφανος
286 2417 482 2458 μητροπολίτης
512 2417 665 2458 Ἀμασείας,
688 2417 731 2445 ἐπὶ
752 2421 796 2446 τοῦ
823 2418 901 2446 αὐτοῦ

77 2460 209 2499 βασιλέως
232 2465 276 2490 τοῦ
293 2457 438 2503 Ῥωμανοίη
455 2462 501 2497 ἕλιη
517 2462 557 2500 β’,
575 2466 661 2500 μῆνας
678 2462 723 2494 ια’,

115 2506 227 2546 Τρύφων
268 2507 401 2547 μοναχὺς,
437 2507 480 2536 ἐπὶ
519 2504 664 2545 Ῥωμινοῠ,
695 2506 900 2548 ἀρχιερατεύσας

77 2551 118 2579 ἐπὶ
140 2550 232 2590 χρόνῳ
249 2551 332 2588 ῥητῷ,
363 2551 458 2591 μέχρις
481 2552 512 2581 ἂν
534 2551 714 2592 Θεοφύλακτος
737 2553 751 2580 ὸ
777 2556 824 2580 τοῦ
848 2551 900 2588 βα-

76 2594 174 2626 σιλέως
203 2595 257 2626 υἱὸς
291 2595 327 2626 εἷς
366 2595 460 2636 μέτρον
501 2597 586 2637 φθάσῃ
628 2596 740 2634 νομίμου
783 2594 899 2631 ἡλικίας,

77 2640 124 2673 ’ἐτη
140 2640 183 2678 γ’.

1023 1534 1047 1556 S.
1060 1533 1092 1555 ll.

1023 1533 1068 1556 s.l
1086 1549 1092 1555 .

950 1533 1133 1610 magnatius,
1160 1567 1203 1597 vir
1218 1566 1432 1610 sanctissimus,
1457 1565 1560 1596 iisdem
1585 1568 1676 1605 Augg.
1693 1566 1776 1598 The-

950 1609 1042 1646 odora
1057 1618 1086 1644 et
1101 1612 1245 1644 lllichaele
1260 1609 1454 1650 regnantibus
1469 1619 1505 1640 an
1531 1618 1572 1648 iv,
1589 1619 1685 1641 mens.
1702 1619 1734 1641 ιι.

991 1658 1114 1690 Pliotius
1129 1667 1162 1688 ex
1179 1655 1341 1687 secretario
1367 1655 1459 1685 factus
1475 1655 1651 1692 monachus,
1675 1654 1774 1696 impe-

947 1703 1082 1734 rantibus
1099 1701 1258 1738 Michaele,
1285 1709 1319 1731 ac
1342 1699 1452 1731 Basilio
1478 1698 1650 1737 Maeedone,
1668 1708 1716 1731 an.
1732 1708 1773 1741 1x,

947 1752 976 1779 et
991 1748 1104 1788 ejectus
1120 1756 1136 1777 a
1151 1746 1324 1776 Macedone.

985 1786 1114 1832 Ignatius
1140 1791 1260 1827 iterum,
1292 1789 1397 1820 eodem
1426 1786 1589 1820 Macedone
1617 1791 1771 1828 regnante,

947 1845 997 1868 an.
1012 1846 1054 1868 XI.

988 1882 1109 1913 Pholius
1124 1882 1243 1916 iterum,
1260 1881 1403 1918 regnante
1420 1877 1518 1908 Leone
1534 1876 1729 1918 Philosopho.

987 1926 1167 1966 Stephanus,
1185 1924 1291 1955 Leonis
1305 1923 1408 1959 frater,
1436 1921 1491 1952 sub
1513 1921 1640 1962 imperio
1665 1921 1773 1952 Leonis

947 1972 1093 2013 ejusdem,
1112 1979 1160 2001 an.
1179 1979 1208 2001 ιιι

986 2015 1133 2047 Anlonius
1163 2013 1298 2050 Cauleas,
1330 2012 1435 2044 eodem
1465 2012 1564 2042 Leone
1591 2011 1769 2051 imperante,

964 2070 993 2092 n.
1011 2069 1045 2092 ιι.

945 2070 962 2092 a
984 2104 1133 2144 Nicolaus,
1147 2109 1233 2134 antea
1243 2102 1384 2144 mysticus
1394 2101 1578 2143 (3t),eodem
1603 2100 1702 2132 Leone
1719 2109 1770 2131 re-

942 2153 1064 2190 gnante.
1079 2158 1127 2180 an.
1144 2157 1185 2188 XI,
1200 2148 1318 2178 tandem
1335 2147 1409 2178 solio
1421 2146 1566 2187 dejectus.

982 2193 1154 2234 Euthymius
1188 2192 1360 2230 monachus,
1387 2197 1475 2223 antea
1496 2190 1655 2231 syncellus,
1671 2190 1769 2230 impe-

943 2242 1026 2270 rante
1038 2237 1216 2271 Alexandro.
1235 2246 1282 2268 an.
1299 2245 1329 2274 ν,
1344 2245 1440 2267 mens.
1457 2245 1498 2267 VI.

983 2282 1120 2314 Nicolaus
1150 2281 1290 2322 mysticus
1320 2281 1440 2318 iterum,
1470 2280 1574 2311 eodem
1599 2278 1769 2309 Alexandro

942 2327 1119 2368 imperante,
1135 2329 1164 2357 et
1178 2326 1384 2366 Constantino,
1402 2329 1431 2356 et
1444 2324 1575 2355 Romano
1603 2324 1768 2363 Lacapeno,

942 2382 990 2404 an.
1011 2381 1060 2404 XIII

983 2416 1151 2457 Stephanus
1167 2415 1413 2455 metropolitanus
1428 2413 1708 2453 Amaseze,potiente
1717 2421 1768 2444 re-

941 2471 1007 2492 rum
1025 2460 1129 2491 eodem
1146 2461 1279 2491 Romano
1298 2460 1375 2499 Aug.
1393 2469 1440 2490 an.
1459 2467 1488 2498 Ii,
1507 2467 1600 2489 mens.
1617 2466 1659 2490 xl.

982 2505 1098 2545 Trypho
1115 2505 1288 2541 monachus,
1306 2504 1470 2544 imperante
1487 2504 1632 2539 Romano,
1651 2501 1768 2542 pontifi-

943 2554 1041 2581 catum
1068 2549 1288 2580 administravit
1316 2548 1352 2580 ad
1377 2552 1491 2580 certum
1517 2551 1645 2587 tempus,
1670 2546 1768 2577 donec

942 2593 1191 2634 Theophylactus,
1204 2593 1391 2634 imperatoris
1399 2591 1684 2632 ﬁlius,aetatisjustze
1700 2600 1766 2622 mo-

941 2639 1011 2669 dum
1027 2638 1195 2677 aitingeret.
1211 2637 1328 2669 Praefuit
1341 2647 1376 2669 an
1393 2647 1436 2669 ιιι.

855 2718 980 2751 ΝΟΤΔΕ.

119 2778 184 2820 (31)
203 2777 318 2810 Nomen
334 2780 485 2821 dignitatis
501 2782 647 2823 palatina.
