1942 3081
93 139 154 172 921

763 144 1118 177 ϐΒᾹἘΟΟ-ΗΟΜΑΝΗΜ.

1727 147 1789 179 922

95 207 211 243 ἐπίκλην
234 210 390 250 Κουρκούας,
414 210 456 260 ἐπὶ
470 216 516 241 τοῦ
541 212 785 260 Πορρρυρογεννήτου
800 211 911 245 ﬂavour,

993 219 1082 260 mus,_
1100 211 1200 260 Oxjtes
1225 212 1310 254 (33),
1333 219 1526 253 cognomento
1555 215 1697 251 Curcuas,
1733 213 1787 245 sub

95 256 145 282 τοῦ
167 258 320 294 Κομνηνοῦ,
343 254 390 288 ἔτη
412 254 451 294 β’,
467 255 554 294 μῆνας
567 254 609 290 η’.

140 346 250 386 Κοσμᾷς
279 345 293 372 ὁ
330 344 462 385 Ἀττικὸς,
478 345 522 374 ὶπὶ
541 349 588 376 τοῦ
602 345 682 382 «τέτοῦ
715 345 924 386 ἀρχιερατεύσας

96 390 187 426 μῆνας
202 383 226 438 ιζ
243 387 369 424 ἐξεϐλήθη
392 398 401 406 ”
430 383 474 418 καὶ
488 389 520 423 ἧν
545 390 563 424 ἡ
599 383 923 431 ἐυλψιάάψδυυυ

97 444 189 471 μηνας
204 445 213 461 ι
227 457 235 464 .

140 478 270 511 Νικόλαος
294 479 424 520 μοναχὸς,
449 480 462 508 ὁ
491 479 645 517 Μουζάλων,
681 478 724 508 ἐπὶ
751 483 797 508 τοῦ
832 479 921 516 αὖτοῠ,

95 521 308 562 ἀρχιεπίσκοπος
345 523 488 562 γενόμενος
543 524 667 564 πρότερον
715 523 831 563 Κύπρου,
880 524 923 551 καὶ

97 567 340 606 παραιτησάμενος,
384 569 420 601 ὡς
457 567 551 597 πολλοὶ
588 569 637 606 μὲν
665 567 768 608 ἔλεγον,
803 568 846 597 καὶ
873 567 923 602 τήν

96 611 299 652 ἆρχιερωσύνην
328 612 422 650 αὐτὴν,
451 612 546 642 πολλοὶ
573 612 612 650 δὲ,
642 613 727 651 μόνην
755 612 804 646 τὴν
819 611 920 646 διοίκη-

96 668 141 685 σιν
170 661 223 686 τῶν
258 658 433 698 πραγμάτων,
469 659 514 687 καὶ
540 658 582 687 ἐπὶ
612 659 752 698 τριάκοντα
779 658 846 686 ἑπτὰ
874 657 921 691 ἔτη

96 701 247 742 σχολάσας,
263 703 325 731 εἶτα
360 702 518 736 ἀνεϐιϐάσθη
534 703 570 735 εἷς
598 704 644 731 τὸν
671 703 760 742 θρόνον
780 705 828 736 τῆς
846 707 921 742 [{va-

97 741 352 785 σεαντινουπόλεως,
368 748 412 776 καὶ
440 748 557 782 ποιήσας
584 741 696 788 χρόνους
714 741 752 787 γ’,
782 749 868 784 μῆνας
884 741 918 781 δ’,

96 792 160 820 εἶτα
176 793 351 832 παρῃτήσασο
382 791 536 832 ἀμφιϐόλως
570 792 600 820 ἐκ
627 793 684 831 βίας
712 794 764 820 τῶν
799 791 919 831 ἀποσχι-

94 836 210 865 σθέντων
224 836 271 865 ἀπ’
284 837 373 877 αὑτοῦ,
390 837 496 866 πολλῶν
531 836 626 873 ὄντων,
661 837 704 866 καὶ
731 835 757 869 ἒξ
777 837 814 864 ὧν
843 836 920 869 αὖτὸς

94 881 309 922 ἐχειροτόνησεν.

138 926 264 959 Θεόδοτος
285 927 416 967 μοναχὸς,
433 927 476 956 καὶ
489 927 634 967 ἡγούμενος
660 928 744 965 μονῆς
779 929 828 960 τῆς
844 927 919 966 ἁγίας

94 971 278 1012 ἀναστάσεως,
294 971 337 1000 ἰπὶ
350 976 396 1001 τοῦ
424 972 502 1000 αὑτοῦ
529 975 608 1011 κυροῦ
636 971 760 1006 Μανουὴλ
788 975 834 1001 τοῦ
865 978 918 1002 Ko-

94 1023 210 1059 μνηνοῦ,
231 1018 278 1052 ἔτη
285 1041 290 1048 .
298 1042 304 1048 .
311 1043 318 1050 .

136 1064 283 1104 Νεόφυτος,
302 1062 465 1104 ἔγκλειστος,
482 1065 495 1092 ὁ
517 1063 570 1092 ἀπὸ
592 1066 641 1097 τῆς
669 1066 752 1102 μονῆς
766 1067 816 1098 τῆς
833 1066 915 1104 Εὐερ-

94 1107 211 1147 γέτιδος,
228 1108 286 1142 ἔτη,
293 1133 300 1140 ,
306 1130 314 1138 .

134 1152 282 1192 Χλιαρηνὸς
315 1158 526 1193 Κωνσταντῖνος,

93 1197 162 1235 λίου,
180 1197 266 1232 ἔτη...

135 1245 236 1275 Λωκᾶς
252 1244 266 1271 ὁ
288 1241 482 1282 Χρδσοϐέργης,
497 1242 585 1277 ἔτη...

137 1287 250 1327 Μιχαὴλ
284 1286 415 1325 διάκονος,
453 1289 496 1316 καὶ
530 1287 572 1316 ἰπὶ
607 1289 655 1320 τῆς
683 1287 854 1325 σακὲλλης,δ
872 1292 918 1317 τοῦ

94 1331 256 1372 Ἀγχιάλου,
278 1332 323 1360 καὶ
338 1331 437 1364 ὕπατος
458 1335 510 1361 τῶν
525 1331 686 1371 φιλοσόφων,
710 1332 758 1366 ἵτη
772 1327 813 1366 η’,

137 1373 166 1405 ⁴0
178 1377 299 1425 μοναχὸς
314 1377 446 1417 Χαρίτων,
476 1379 524 1410 νῆς
553 1379 638 1415 μονῆς
672 1380 725 1406 τῶν
755 1377 916 1416 Μαγκάνων,

94 1424 185 1458 μῆνας
202 1432 228 1449 ια
234 1424 249 1452 ⁷.

137 1461 166 1494 ’0
183 1466 302 1506 μοναχὸς
339 1465 488 1503 θεοὸόσιος,
525 1467 539 1494 ὁ
580 1465 606 1499 εξ
634 1465 798 1506 Ἀντιοχείας
826 1465 918 1506 ὁρμώο

568 1151 698 1190 διάκονος,
739 1154 783 1182 καὶ
816 1152 915 1182 σακελ-

930 903 950 927 Β

966 255 1103 286 Manuele
1131 256 1283 289 Comneno
1311 258 1343 289 in
1374 259 1522 300 porphyra
1559 264 1640 300 nato,
1674 268 1724 290 an.
1751 266 1786 296 il,

967 307 1063 330 mens.
1079 309 1140 332 VIII.

1005 345 1126 377 Cosmas
1138 346 1262 383 Atticus,
1280 355 1346 377 cum
1358 346 1412 377 sub
1428 347 1532 380 eodem
1558 349 1692 389 principe
1709 358 1785 389 pon-

966 388 1106 433 tificatum
1122 399 1217 422 meus.
1234 400 1253 422 x
1266 391 1513 431 administrasset,
1531 394 1644 433 ejectus
1657 388 1715 426 festi
1732 405 1739 424 :
1757 399 1787 428 et

964 432 1095 465 Ecclesia
1110 435 1196 466 vidua
1213 436 1321 466 mansit.
1337 445 1433 467 mens.
1450 446 1478 468 x.

1003 477 1141 510 Nicolaus
1154 480 1328 521 monachus,
1355 481 1476 519 Muzalo,
1494 481 1549 513 sub
1564 481 1669 513 eodem
1687 483 1784 523 impe—

963 526 1082 561 ratore,
1112 523 1205 555 factus
1224 524 1468 565 archiepiscopus
1493 530 1578 557 antea
1603 525 1700 567 Cypri,
1717 536 1783 558 cum

963 567 1173 607 renuntiasset,
1192 573 1222 599 ut
1237 569 1371 610 plerique
1386 569 1536 607 dicebant,
1554 570 1611 610 ipsi
1628 571 1781 611 pontifica-

965 611 1026 649 tui;
1042 616 1074 642 ut
1087 612 1149 649 alii,
1165 613 1220 643 soli
1246 623 1346 644 rerum
1376 614 1636 653 administrationi,
1660 615 1784 656 jamque

963 664 1063 687 xxxvu
1089 666 1138 689 an.
1173 658 1356 689 vacationem
1386 659 1538 691 habuisset
1568 670 1574 690 :
1604 661 1723 691 tandem
1746 661 1783 691 ad

964 700 1101 731 thronum
1130 702 1399 742 Constantinopolis
1425 709 1545 735 evectus
1569 707 1613 735 est
1633 715 1640 734 :
1665 705 1695 735 iu
1724 714 1783 745 quo

962 745 1108 785 exegisset
1131 755 1224 777 annos
1249 756 1290 782 Ill,
1315 756 1411 780 meus.
1436 757 1474 785 IV,
1492 748 1599 780 iterum
1626 749 1783 780 renuntia-

962 789 1002 820 vit
1028 789 1184 830 ambigue,
1214 796 1335 822 coactus
1360 793 1387 822 vi
1417 793 1599 824 divulsorum
1627 794 1664 824 ab
1693 794 1780 834 ipso,

962 835 1011 875 qui
1029 835 1112 866 multi
1127 841 1221 874 erant,
1240 844 1268 868 et
1281 847 1408 878 quorum
1424 838 1541 880 al.quos
1557 839 1684 880 ipsemet
1699 839 1782 871 ordi-

962 884 1054 912 uarat.

1001 924 1174 956 Theodotus
1189 926 1364 964 monachus,
1381 930 1410 958 et
1424 927 1515 958 abbas
1531 928 1693 959 mansionis
1709 938 1781 959 san-

961 971 1015 999 ctae
1030 968 1276 1008 Resurreclionis,
1293 971 1348 1002 sub
1369 971 1475 1002 eodem
1498 972 1619 1004 domino
1645 973 1782 1004 Mauuele

960 1012 1122 1053 Comueno,
1135 1023 1239 1047 au.....
1798 1024 1801 1027 ’

996 1057 1176 1100 Neophytus,
1193 1060 1340 1099 inclusus,
1356 1069 1391 1092 ex
1407 1061 1561 1092 mansione
1581 1061 1776 1102 Evergetidis,

957 1112 1061 1135 an.....

998 1148 1206 1180 Constantinus
1233 1149 1419 1188 Chliarenusl
1448 1149 1602 1189 diaconus,
1629 1154 1657 1181 et
1681 1151 1784 1182 sacelli

960 1193 1128 1233 praefectus,
1145 1203 1181 1225 an

1000 1237 1093 1269 Lucas
1106 1238 1335 1278 Chrysoberges,
1350 1248 1438 1271 an....
1447 1264 1454 1271 .

999 1281 1122 1313 Michael
1138 1282 1291 1320 diaconus,
1309 1287 1338 1314 et
1353 1283 1455 1315 sacelli
1468 1284 1636 1324 praefectus,
1651 1283 1783 1315 Anchia-

959 1325 1049 1363 linus,
1065 1332 1094 1358 et
1109 1336 1244 1358 summus
1259 1328 1512 1368 philosophorum,
1535 1339 1583 1360 an.
1599 1337 1663 1360 vm.

1000 1370 1116 1402 Charite
1145 1373 1323 1410 monachus,
1350 1372 1514 1404 mansionis
1544 1375 1756 1414 Manganorum
1772 1396 1781 1410 ,

960 1425 1055 1447 mens.
1071 1425 1111 1448 XI.

1000 1460 1185 1493 Theodosius
1197 1462 1370 1499 monachus,
1384 1461 1529 1493 oriundus
1552 1472 1587 1494 ex
1611 1462 1780 1499 Antiochia,

93 1521 186 1548 μενος,
203 1505 353 1540 ὶπὶηπολὺν
375 1510 402 1538 δὲ
423 1511 521 1550 χρόνον
548 1512 607 1549 περὶ
627 1512 673 1539 τὸν
702 1505 748 1539 te;
776 1511 850 1550 ἁγίου
862 1512 911 1540 Αὖ-

993 1505 1009 1535 Ii
1025 1506 1112 1546 longo
1128 1511 1261 1547 tempore
1275 1505 1468 1537 monasticam
1483 1507 1691 1538 exercueratin
1704 1507 1783 1539 colle

91 1555 191 1588 ξεντίου
205 1555 299 1593 βουνὸν
313 1555 444 1590 ἀσκήσας,
460 1554 546 1589 ἔτη...
563 1555 624 1583 εἶτα
639 1556 822 1594 παρῃτήσατο,

135 1595 165 1628 Ὀ
180 1599 350 1640 Χαρτοφύλαξ
376 1600 419 1628 καὶ
448 1595 616 1640 11’ϊιέρτιι.ιος,
641 1603 717 1638 κῦρος
747 1599 881 1632 Βασίλειος
903 1601 917 1628 ὁ

93 1645 267 1684 Καματηρός.
319 1644 521 1684 Καθαιρεθέντος
569 1643 596 1672 δὲ
651 1645 740 1681 αὐτοῦ,
790 1643 916 1673 ἀνεϐιϐά-

133 1729 163 1764 ’0
178 1733 262 1774 μέγας
277 1733 464 1774 σακελλάριος,
474 1738 552 1773 κῦρος
568 1733 687 1768 Νικήτας
711 1734 725 1761 ὁ
747 1734 913 1767 Μουντάνης,

93 1779 164 1808 Εἶτα
177 1779 362 1818 παρῃτήσατο,

133 1822 198 1851 Μετ’
215 1823 305 1861 αὐτὸν,
323 1824 337 1851 ὁ
359 1823 385 1851 ἐν
412 1826 447 1861 τῇ
480 1823 548 1851 κατά
575 1823 621 1851 τὸν
655 1823 748 1861 βουνὸν
769 1822 815 1851 τοῦ
842 1822 916 1861 ἁγίου

91 1867 228 1901 Αὒξεντίου
257 1871 324 1906 μονῇ
353 1867 406 1896 τῶν
434 1867 516 1906 ἁγίων
557 1867 712 1896 ἀποστόλων
749 1867 915 1906 ἡγεμονεύων

91 1915 221 1952 μυναχῶν
235 1912 369 1949 Λεόντιος,
403 1911 475 1944 ὅστις
511 1912 554 1940 καὶ
576 1911 694 1943 διάκονος
721 1914 769 1945 τῆς
795 1911 914 1952 ξΕκχλη-

90 1959 150 1989 σίας
165 1951 298 1996 Πγέγονε.
346 1957 394 1985 Καὶ
435 1955 587 1989 διαϐιϐάσας
636 1959 723 1994 μῆνας
778 1951 813 1996 ζ’,
846 1967 915 1996 παρ-

90 2003 212 2038 ητήσατο
217 2025 224 2033 .

133 2048 184 2077 Καὶ
216 2045 275 2084 μετ’
291 2047 380 2086 αὺτὸν,
407 2047 534 2084 μετετέθη
555 2047 569 2074 ὸ
603 2046 770 2086 πατριάρχης
797 2045 913 2085 Ἰεροσο-

91 2093 194 2130 λύμων,
226 2093 356 2132 μοναχὸς,
393 2093 471 2131 κῦρος
501 2091 629 2127 Δοσίθεος,
660 2091 696 2122 εἷς
737 2091 767 2118 τὸ
792 2101 916 2130 πατριαρ-

927 1545 946 1570 (ἶ
959 1545 1052 1581 sancti
1067 1545 1203 1582 Auxentii
1220 1561 1326 1582 an.....
1344 1550 1461 1581 tandem
1476 1552 1667 1586 renuntiavit.

998 1594 1141 1626 Dominus
1175 1595 1300 1627 Basilius
1320 1597 1500 1633 Camaterus,
1529 1596 1737 1633 chartularius,
1755 1600 1784 1627 et

959 1639 1153 1680 hypertimus,
1168 1650 1226 1681 quo
1247 1641 1394 1681 deposito,
1412 1645 1530 1672 evectus
1544 1645 1599 1673 est.

998 1729 1142 1761 Dominus
1157 1730 1274 1761 Nicetas
1290 1732 1586 1770 Muutanes,magnus
1594 1729 1779 1768 sacellarius,

958 1774 1008 1814 qui
1023 1775 1213 1806 renuntiavit.

999 1819 1141 1850 Leontius
1170 1819 1239 1850 huic
1268 1819 1423 1857 successit,
1440 1819 1490 1859 qui
1521 1819 1733 1850 monachorum
1750 1818 1780 1849 in

958 1863 1043 1893 collis
1059 1864 1152 1894 sancti
1163 1863 1302 1895 Auxentii
1315 1864 1469 1894 mansione
1483 1867 1651 1894 sanctorum
1664 1866 1781 1903 aposto-

958 1908 1052 1938 lorum
1078 1908 1181 1946 abbas,
1198 1917 1225 1939 ev
1253 1908 1393 1939 Ecclesia:
1407 1908 1550 1939 diaconus
1566 1907 1631 1940 fuit.
1649 1907 1781 1948 Cumque

956 1961 1051 1983 mens.
1068 1961 1108 1984 vn
1123 1952 1281 1993 exegisset,
1294 1953 1485 1984 renuntiavit.

994 2039 1063 2071 Post
1077 2041 1157 2072 hunc
1172 2041 1311 2072 dominus
1326 2041 1483 2073 Dositheus
1493 2041 1780 2078 monachus,Hiero-

957 2085 1138 2125 solymorum
1172 2086 1348 2125 patriarcha,
1370 2087 1529 2118 translatus
1543 2091 1590 2118 est
1605 2087 1640 2117 ad
1657 2086 1781 2126 patriar-

90 2144 171 2178 χεῖον
195 2136 509 2173 Κωνσταντινουπόλεως,
532 2135 668 2172 οἰκονομίᾳ
692 2139 738 2165 τοῦ
772 2134 911 2174 βασιλέως1

996 2133 1076 2178 atum
1091 2130 1685 2178 Constantinopolitanum,dispeusatione
1697 2131 1780 2170 prin-

89 2168 169 2222 ξυροῦ
192 2181 321 2210 Ἰσαακίου
354 2186 400 2210 τοῦ
428 2180 567 2220 ³Αγγέλου,
606 2179 834 2213 συνευδοκησάσης
869 2180 911 2207 καὶ

993 2173 1042 2214 pis,
1061 2174 1172 2204 domini
1190 2168 1293 2205 [saucii
1307 2168 1556 2215 Angeli,concilio
1569 2176 1657 2206 etiam
1671 2168 1776 2206 assen-

88 2230 138 2260 τῆς
153 2225 272 2256 συνόδου.
289 2226 338 2255 Καὶ
353 2224 482 2254 διεϐίϐασε
497 2224 647 2265 χρόνους...
664 2225 708 2252 καὶ
721 2222 910 2257 κατεϐιϐάσθη.

90 2271 140 2300 Καὶ
161 2270 255 2310 γέγονε
270 2268 329 2308 μετ’
344 2269 422 2297 αὐτὸν
436 2269 617 2309 πατριάρχης,

130 2310 160 2344 “ο
184 2314 267 2354 μέγας
291 2312 458 2354 σκευοφύλαξ.
479 2313 609 2352 Γεώργιος
645 2315 659 2342 ἕ,
692 2311 845 2353 Ξιφιλῗνος.
863 2313 912 2341 Καὶ

87 2352 231 2396 ζήσας
254 2353 306 2398 ς’,
329 2352 416 2396 μῆνας
439 2352 469 2398 ι’,
499 2357 588 2389 καλῶς
616 2359 660 2386 καὶ
688 2356 828 2397 θεοφιλῶς,
845 2357 910 2396 πρὸς

89 2405 184 2445 Κύριον
200 2403 357 2442 ὲξεδήμησε.
382 2403 430 2432 Καὶ
446 2401 488 2431 διὰ
502 2404 531 2431 τὸ
560 2402 709 2441 ἀποδημεῖν
744 2413 789 2430 τον
831 2401 911 2439 βασι-

88 2449 137 2478 λέα
157 2451 236 2488 κῦρον
256 2447 382 2484 Ἐλέξιον,
425 2448 469 2476 τὸν
498 2446 609 2487 ἀδελφὸν
654 2450 699 2476 τοῦ
719 2449 797 2486 κυροῦ
820 2445 910 2474 ἰσαα-

87 2494 156 2533 κίου,
194 2494 230 2526 εἷς
251 2491 375 2525 ταξείδιον
410 2492 478 2520 κατὰ
505 2490 586 2530 δύσιν,
623 2491 750 2532 ἐχήρευεν
778 2493 791 2520 ὁ
819 2490 910 2530 θρόνος

88 2532 176 2577 μῆνας
192 2532 229 2576 β’.
247 2541 314 2566 Εττα
328 2537 432 2576 γέγονε.

129 2582 255 2617 Ἰωάννης
285 2581 402 2613 διάκονος
429 2582 473 2610 καὶ
501 2580 668 2623 χαρτοφύλαξ
694 2582 708 2610 ὁ
737 2581 909 2621 Καματηρὸς,

89 2627 132 2656 ἐπὶ
173 2628 222 2662 τῆς
244 2625 378 2666 βασιλείας
404 2629 450 2666 1:06
493 2626 572 2656 αὑτοῦ
594 2629 671 2663 κυροῦ
700 2624 828 2666 Ἀλεξίοο,
863 2625 911 2659 ἔτη

90 2671 171 2712 μέχρι
186 2662 374 2706 τῆςόλώσεως
390 2665 424 2711 ε’,
455 2672 541 2709 μῆνας
562 2665 602 2708 η’,
628 2662 730 2710 ἧμέρας
744 2665 780 2707 ζ’.
806 2662 911 2705 "EC-qus

953 2227 995 2249 so.
1014 2219 1146 2259 Cumque
1162 2229 1320 2251 annos.....
1332 2220 1490 2260 exegisset,
1505 2220 1677 2251 deturbatus
1690 2223 1780 2258 est,et

954 2263 1127 2295 SllelilUiUs
1142 2264 1170 2295 in
1188 2265 1252 2305 ejus
1269 2265 1377 2296 locum.

995 2309 1141 2347 Georgius
1155 2309 1337 2350 Xiphilinus,
1356 2319 1479 2349 magnus
1504 2319 1638 2340 vasorum
1667 2313 1777 2346 custos,

953 2354 1002 2394 qui
1024 2363 1091 2384 cum
1119 2363 1167 2386 an.
1194 2363 1234 2388 v1,
1264 2364 1358 2385 mens.
1377 2363 1405 2392 Χ,
1425 2355 1566 2395 praeclare
1590 2364 1624 2384 ac
1639 2353 1779 2393 religiose

951 2398 1077 2434 vixisset.
1100 2398 1296 2429 adDominum
1314 2399 1460 2438 migravit.
1476 2399 1510 2430 Et
1525 2398 1662 2439 quoniam
1679 2399 1782 2429 aberat.

953 2453 1074 2483 peregre
1090 2443 1242 2474 dominum
1251 2443 1371 2474 Alexius
1385 2444 1590 2483 Aug.,domini
1603 2443 1707 2474 Isaacii
1719 2443 1779 2474 fra-

953 2487 1041 2524 ter,in
1058 2487 1246 2528 expeditione
1262 2488 1440 2520 occidentali
1457 2500 1463 2518 :
1484 2488 1578 2519 caruit
1589 2498 1641 2519 suo
1656 2499 1673 2529 p
1685 2487 1779 2518 Itriar-

952 2533 1006 2563 cha
1026 2533 1150 2564 thronus
1168 2533 1320 2564 mensibus
1334 2535 1477 2565 ILPostea
1495 2534 1586 2564 factus
1598 2537 1653 2564 est.

992 2579 1121 2608 Joannes
1144 2577 1288 2608 diaconus
1319 2582 1348 2608 et
1368 2578 1575 2618 cbarlularius,
1591 2579 1776 2614 Camaterus,

953 2622 1059 2654 eodem
1074 2622 1178 2653 Alexio
1189 2622 1367 2663 imperante,
1400 2623 1574 2664 przefuitque
1601 2623 1637 2654 ad
1663 2625 1777 2663 captam

952 2677 1046 2709 usque
1058 2666 1174 2706 urbem,
1189 2677 1238 2699 an.
1256 2676 1286 2706 v,
1304 2677 1400 2700 mens.
1417 2677 1480 2709 vm,
1498 2668 1578 2700 dieb.
1595 2677 1635 2700 vu
1646 2667 1726 2700 Vixit
1749 2673 1778 2698 et

1101 2715 1110 2726 9

870 2748 993 2782 ΝΟΤΕ.

129 2811 194 2852 (33)
207 2811 249 2843 Ex
266 2811 362 2843 insula
376 2808 468 2849 Oxea,
485 2819 550 2852 quze
564 2810 777 2844 monasterium
793 2810 932 2843 habebat.
