1942 3081
71 129 142 163 929

73 195 162 234 γάρις
190 194 303 232 δίδωσιν,
341 195 460 235 ἐργάζου,
500 195 548 223 ’ίνα
587 196 618 223 τὸ

76 242 117 278 τῇ
141 239 287 276 Ἐκκλησίᾷ
304 248 311 255 ·
329 241 373 269 καὶ
415 242 437 269 ot
473 239 665 280 ὁμολογοῦντες
696 241 804 273 ἑαυτοὺς
819 239 912 269 δεσπο-

77 284 145 312 τικὰ
164 282 293 324 πρόϐατα1
324 286 388 325 πρὸς
425 286 455 313 τὸ
483 290 529 315 τοῦ
570 285 698 325 μακαρίου
725 285 824 325 Πέτρου
849 285 911 314 ἐπι-

78 328 220 368 στρέψωσι
244 329 380 370 βόσκημα,
419 330 446 363 ὃς
474 330 524 363 τὴν
553 329 638 358 αὐτῶν
665 329 786 370 φροντίδα
809 329 911 363 ἐδέξατο

79 371 114 401 ἐκ
146 377 194 402 τοῦ
216 376 380 404 Λεσποτικοῦ
414 385 630 413 προσταγματος.
662 370 759 412 Ἠμεϊς
788 375 835 412 μὲν
866 374 910 403 οὖν

79 417 111 445 ἐν
142 418 227 455 τούτῳ
248 419 277 446 οὖ
305 418 355 452 τὴν
382 419 540 458 πρόσκαιρον
568 418 680 452 εὐδοξίαν
707 421 866 459 θεωροῦμεν⁷
882 420 912 447 οὒ

78 461 133 495 τὴν
150 462 355 502 παρερχομένην
377 461 453 495 δόξαν
470 463 643 503 ἐκζητοὺμεν³
660 464 686 491 οἳ
702 464 733 491 τὸ
763 464 910 496 ποιμαίνειν

78 504 224 544 ἐδεξάμεθα
255 507 285 535 ἐκ
312 511 358 535 τοῦ
396 507 526 547 ὖωφικίου,
571 507 683 540 Δούλους
706 508 776 545 ἡμᾶς
805 508 911 536 πάντων

79 554 138 578 τῶν
160 555 207 579 τοῦ
228 555 294 579 Θεοῦ
322 551 421 579 δούλων
456 551 647 591 ὁμολογοῦμει.
679 551 753 581 Ἀλλ’
782 551 838 580 ἐπεὶ
866 553 911 580 τὸν

82 596 176 633 κύριον
205 596 248 624 καὶ
282 595 436 625 διδάσκαλον
470 598 560 637 ἡμῶν,
588 597 633 625 ἵνα
660 596 705 625 ἕνα
733 598 822 637 νεκρὸν
844 597 911 625 ἀνα-

81 640 186 678 στήσῃ,
215 640 241 668 ἐν
272 641 374 679 σώματι
409 640 534 670 ἀπελθεῖν
562 640 620 669 ὁδὸν
649 641 679 666 87
708 642 752 670 καὶ
786 640 909 681 δακρῦσαι

82 684 302 723 ἀναγινώσκομεν
320 687 347 713 ἒν
365 689 404 723 τῷ
426 687 556 723 μνήματι²
594 686 636 713 καὶ
665 685 790 721 λαλῆσαι,
810 686 909 724 Λάζαρε

83 727 159 767 δεῦρο
174 728 223 761 ἔξω
241 737 248 745 ·
276 729 383 762 ἀνάξιον
410 730 542 769 κρίνομεν,
583 730 626 758 ἐὰν
662 731 692 758 τὸ
724 729 851 758 τάλαντον
880 730 910 758 τὸ

85 774 248 801 Δεσποτικὶιν
286 774 453 814 ἐπισχῶμεν,
483 776 527 803 καὶ
561 774 738 812 ἀμελήσωμεν
771 775 814 806 οὒς
830 773 909 801 δυνά-

83 819 152 855 μεθα
168 817 195 845 ἐν
220 821 296 858 ψυχῇ
318 820 475 853 ἀναστῆσαι.
500 820 561 858 Περὶ
573 823 619 847 τοῦ
633 818 736 854 λοιποῦ,
760 819 819 851 τοὺς
840 818 909 857 ἀγα-

771 127 1112 164 ϐΒλΕΟΟ-ΒΟΜΑΝΙΙΜ

675 196 798 234 ποίμνιον
827 195 905 233 ἑνωθῗ

995 193 1075 225 ιτὶειιη
1092 193 1266 234 quaerimus,
1283 194 1491 244 qui-pascendi
1504 194 1693 236 suscepimus
1710 196 1777 226 ofﬁ-

1718 128 1781 162 930

953 238 1031 269 cium
1044 245 1065 270 ν.
1079 239 1185 269 Servos
1196 248 1250 269 nos
1265 238 1398 269 omnium
1414 239 1466 270 Dei
1478 249 1633 271 servorum
1650 240 1775 271 conﬁte-

954 283 1092 314 mur.Sed
1109 293 1176 314 cum
1194 283 1351 315 Dominum
1376 288 1405 314 et
1429 284 1596 323 Magistrum
1626 288 1774 323 nostrum,

952 331 983 357 ut
999 337 1088 358 unum
1107 332 1255 358 mortuutn
1276 328 1469 359 resuscitaret
1497 329 1526 360 in
1554 338 1689 369 corpore,
1706 338 1777 369 pro-

952 372 1061 403 fectum
1078 372 1167 403 fuisse
1180 376 1239 409 ﬁet,
1266 372 1455 412 lacrymatum
1480 372 1604 412 legimus
1620 374 1656 404 ad
1672 374 1773 414 sepul-

953 426 1048 453 crum,
1077 421 1106 447 et
1121 416 1255 447 dixisse:
1283 418 1398 454 Lazare,
1417 417 1462 447 exi
1490 417 1777 457 foraszjudicamus

953 461 1119 501 indignum,
1136 462 1160 492 si
1175 460 1294 492 Domini
1311 461 1492 492 retineamus
1504 462 1691 502 talentum,et
1702 471 1776 502 quos

953 514 1121 545 possumus,
1132 507 1161 536 in
1178 506 1276 536 anima
1291 505 1469 536 resuscitare
1486 506 1679 545 negligamus.
1691 506 1774 542 Quod

953 554 1107 589 superest,
1131 550 1255 581 dilectos
1290 550 1368 580 ﬁlios
1392 554 1509 580 nostros
1539 549 1716 581 Balduinum
1747 553 1777 579 et

953 593 1199 625 Balditzioninum
1226 599 1387 635 praesentes
1411 594 1602 625 tabellarios!
1616 594 1653 625 ad
1678 594 1774 624 dilec-

953 638 1099 669 tissimutn
1117 639 1210 670 tilium
1224 643 1358 670 nostrum
1371 639 1595 670 Emmanuelem
1611 639 1774 679 imperato-

951 692 1014 714 rem
1031 683 1387 724 Constantinopolitanum
1402 693 1419 714 a
1435 683 1574 723 religioso
1601 688 1678 715 caztu
1701 683 1773 713 mis-

952 737 1011 764 sos,
1027 728 1178 758 dilectioni
1205 731 1263 759 tuac
1286 728 1418 759 studiose
1433 728 1680 759 commendamus
1698 739 1703 758 :
1724 738 1774 759 ro-

952 776 1065 811 gantes,
1080 778 1109 802 ut
1126 782 1178 812 per
1192 784 1202 799 ι
1217 772 1408 803 dilectionem
1425 772 1479 802 Dei
1491 772 1627 812 beatique
1643 772 1733 809 Petri,
1747 777 1776 804 et

953 816 1032 846 sedis
1048 817 1217 856 apostolicae
1232 821 1261 847 et
1277 817 1392 857 pietatis
1405 817 1515 847 cultum
1529 822 1551 853 ε,
1569 821 1689 857 aspectu
1706 827 1775 857 gra-

83 873 186 895 πητους
219 862 363 902 ἡμετέρους
392 865 461 897 υἱοὺς
497 863 625 892 Βαλδούτν
669 864 712 892 καὶ
740 862 905 899 Παιλδίζίονιν1

996 870 1028 891 so
1039 861 1069 891 in
1086 871 1187 892 eorum
1205 861 1435 892 necessitatibus
1446 861 1679 892 consolationem
1694 862 1774 893 adhi-

82 906 148 939 τοὺς
182 909 235 934 τῶν
267 908 404 947 παρόντων
438 909 601 948 γραμμάτων
636 908 830 947 ἆποκομιστὰς,
846 908 905 946 πρὸς

995 915 1037 937 as.
1054 905 1096 936 De
1111 910 1159 936 tua
1170 906 1338 937 valetudine
1357 907 1494 945 cupimus
1512 915 1564 946 per
1577 906 1690 937 litteras
1713 906 1778 938 ﬁeri

82 951 131 978 τὸν
155 951 395 990 ἆγαπητικώτατον
422 954 477 981 υἱὸν
505 954 583 991 ἡμῶν
612 952 783 991 Ἐμμανουῆλ
808 952 913 980 τὸναῦ-

85 996 238 1035 τοκράτορα
274 997 575 1030 Κωνσταντινουπόλεως
604 998 655 1026 ἀπὸ
681 1001 725 1025 τοῦ
762 997 884 1028 εὔλαὸνιυς

953 950 1109 981 certiores.

915 995 1086 1033 ἀθροίσματος
1117 996 1295 1035 πεμφθέντας,
1330 999 1364 1034 τῇ
1397 995 1489 1034 ἀγάπῃ
1505 1007 1550 1024 σου
1593 999 1774 1035 προσεκτικιῦς

83 1039 260 1078 παραδίδομεν
278 1049 286 1058 '
302 1041 460 1081 ἐρωτῶντες,
478 1042 523 1070 ἵνα
538 1042 628 1074 αὐτοῖς
643 1041 684 1070 διὰ
700 1043 748 1075 τὴν
764 1042 869 1080 ἀγάπην
884 1045 930 1070 τοῦ
945 1043 1019 1075 Θεοῦ,
1037 1040 1079 1067 καὶ
1094 1045 1140 1069 τοῦ
1154 1041 1281 1079 μακαρίου
1311 1040 1420 1079 Πέτρου,
1450 1041 1494 1068 καὶ
1526 1043 1572 1068 τοῦ
1601 1039 1777 1068 ἀποστολικοῡ

88 1085 195 1122 θρόνου²
212 1086 258 1113 καὶ
272 1086 321 1119 τὴν
336 1087 383 1119 τῆς
398 1086 529 1119 εὐλαϐείος
546 1086 681 1117 εὐλάϐειαν
696 1085 1001 1126 88,βλέμματιχαρίεντι
1011 1083 1037 1111 ἐν
1045 1091 1105 1115 ταῖς
1120 1084 1193 1116 ἰδίαις
1209 1085 1335 1124 ἀνάγκαις
1349 1085 1396 1116 τὰς
1412 1083 1591 1124 παρακλήσεις
1607 1084 1751 1116 ἀποδώσεις
1770 1095 1777 1102 ’

85 1128 115 1156 δὲ
132 1130 179 1161 σὰς
192 1130 290 1169 ὑγιείας
304 1129 346 1161 διὰ
361 1134 413 1160 τῶν
429 1135 482 1160 σῶν
497 1135 603 1172 γραφῶν
625 1132 734 1169 θέλομεν
751 1132 817 1169 ἡμῖν
831 1130 1008 1163 δηλιύσαοθαι.

307 1188 484 1214 ΒΑΣΙΛΕΙΟΥ
499 1188 667 1214 AXPIAHNJ
674 1190 702 1216 ι’.

87 1224 133 1261 Α..
163 1231 330 1272 Ἀντιφραῶὴ
363 1233 396 1259 89
432 1237 479 1263 τοῦ
515 1233 664 1272 ἅγιωτάτου
698 1232 913 1273 ἆρχιεπισμόπου

131 1271 339 1313 βεσσαλονικῆς,
397 1275 484 1313 κυρίου
534 1271 670 1313 Βρισιλείου
716 1271 766 1303 ’τοῦ
807 1273 912 1313 ,Ἀχρι-

129 1310 222 1360 δηνοῡ,
252 1310 334 1353 πρὸς
358 1315 404 1342 τὸν
425 1310 516 1343 πάπαν
553 1310 657 1352 Ῥώμης
691 1314 777 1353 κύριον
806 1310 913 1353 Ἀδρια-

130 1363 187 1383 νον,
209 1364 219 1380 Ι

130 1399 298 1440 Ἀνέγνωμὲν
328 1414 375 1433 σου
408 1403 458 1437 τὴν
486 1402 639 1439 επιστολὴν,
666 1402 797 1442 ἁγιώτατε
825 1402 911 1438 πάπα,

89 1446 142 1473 καὶ
177 1448 377 1486 κατενοήσαμεν
411 1447 436 1481 ἐξ
459 1449 540 1481 αὺτής
571 1448 601 1476 τὸ
629 1447 694 1485 ὕψος
724 1447 772 1480 τῆς
801 1445 913 1479 διανοίας
922 1471 943 1496 C

88 1500 149 1527 σου,
165 1491 196 1518 τὸ
210 1491 289 1529 βάθος
304 1495 353 1525 τῆς
367 1493 563 1529 ταπεινώσεως,
591 1493 621 1520 τὸ
656 1491 755 1523 πλάτος
783 1493 831 1525 τῆς
846 1491 914 1518 κατὰ

90 1537 158 1565 Θεὸν
180 1537 286 1576 ἀγάπης
302 1540 344 1567 καὶ
359 1538 496 1572 διαθέσεως
514 1548 521 1555 ⁸
537 1539 580 1579 ὑφ’
602 1541 634 1573 ἧς
665 1539 693 1566 οὔ
707 1531 914 1578 στενοχωρεῖταί

90 1592 138 1619 ρου
152 1583 170 1615 ἡ
202 1582 366 1617 ἆποστολικὴ
401 1584 502 1624 καρδία,
533 1583 601 1611 ἄλλα
629 1583 786 1612 πλατύνεται
815 1581 914 1620 μᾶλλον

89 1626 123 1654 τὰ
145 1626 288 1667 σπλάγχνα
317 1629 353 1661 εἰς
381 1628 517 1669 ὑποδοχὴν
546 1630 591 1656 καὶ
613 1628 781 1667 περιποίησιν
808 1627 861 1655 τῶν
888 1627 914 1654 ἐν

91 1671 208 1703 ἀπάσαις
242 1679 303 1704 ταῖς
344 1672 513 1707 Ἐκκλησίαις
542 1676 715 1712 Χριστιανῶν.
744 1671 912 1710 Ἐπέγνωμέν

91 1726 140 1743 σου
154 1716 203 1750 τὴν
218 1717 309 1756 φωνὴν
337 1716 378 1748 διὰ
405 1729 458 1746 των
489 1718 652 1758 γραμμάτων
676 1716 829 1751 λαλήσασαν
844 1716 913 1754 ἡμῖν

92 1761 129 1792 εἰς
143 1761 176 1788 τὰ
189 1762 245 1789 ὦτα
275 1762 318 1790 καὶ
347 1763 396 1796 τὴν
425 1762 551 1794 διάνοιαν.
579 1762 743 1799 Ἦκούσαμεν
771 1760 913 1792 λαλοῦντος

92 1806 130 1848 ᾡς
148 1806 259 1846 πατρὸς,
287 1807 324 1839 ὡς
349 1807 488 1848 ποιμένος,
525 1806 625 1845 μᾶλλον
653 1805 681 1834 δὲ
709 1805 912 1846 ἀρχιποίμενος.

92 1844 141 1882 ιΩς
172 1844 219 1888 μέν
258 1851 308 1891 γὰρ
348 1844 447 1890 πατὴρ,
477 1844 530 1880 itali
546 1844 847 1891 cobcﬁﬂnuocptwseai
871 1860 917 1878 σου

92 1893 234 1928 δόκοῦντας
257 1896 339 1936 υἱοὺς,
368 1897 418 1924 ὕπὸ
447 1897 507 1928 τοὺς
548 1895 689 1935 πατρικοὺς
717 1906 763 1923 σου
799 1893 913 1926 κόλπους

93 1939 228 1980 συνάγεις,
254 1941 296 1968 καὶ
323 1940 469 1979 κηδόμενος
504 1941 603 1970 τούτων
636 1939 766 1971 διατελεῖς
782 1947 790 1955 '
820 1940 857 1970 ὡς
887 1937 914 1966 δὲ

93 1984 209 2021 ποιμὴν,
237 1986 283 2013 οἷα
318 1984 436 2024 πρόϐατα
476 1985 670 2023 πεπλανημένα
705 1983 826 2025 ἀνακαλῇ
842 1992 850 1998 ·
877 1985 914 2015 ὡς

93 2026 121 2055 δὲ
145 2028 277 2063 ποιμένων
292 2030 394 2067 ποιμὴν
415 2030 464 2064 τὴν
493 2030 671 2068 ποιμαντικήν
693 2040 738 2058 σου
766 2029 809 2056 καὶ
828 2027 914 2056 θεοδί-

93 2071 189 2101 δακτον
199 2072 355 2111 ἐπιστήμην
370 2073 499 2107 διδάσκεις
534 2076 618 2115 ἡμᾶς³
643 2075 688 2103 καὶ
708 2076 760 2102 τῶν
785 2073 914 2110 ποιμνίων

1174 1181 1308 1213 BASlLll
1329 1180 1545 1213 ACHBIDENL

953 1233 976 1263 l.
994 1233 1182 1274 Rescriptum
1196 1233 1622 1274 sanctissimiarchiepiscopi
1647 1233 1670 1264 Τ
1669 1234 1775 1265 hessu-

994 1273 1163 1314 lonicensis,
1181 1275 1299 1305 (lumini
1312 1273 1423 1305 Basilii
1435 1273 1657 1311 Achridem',ad
1666 1283 1778 1314 papam

994 1313 1175 1347 Romanum.
1193 1314 1347 1345 dominum
1362 1314 1553 1345 Adrianum.

996 1402 1135 1442 Legimus
1152 1407 1229 1433 tuam
1245 1402 1412 1442 epistolam,
1431 1402 1619 1433 sanctissime
1640 1412 1724 1443 papa,
1742 1412 1777 1433 ex

955 1456 1012 1487 qua
1029 1447 1233 1487 perspeximus
1248 1447 1359 1485 ingenii
1376 1447 1417 1477 tui
1433 1446 1779 1485 sublitnitatem,bumili-

957 1491 1022 1522 tatis
1038 1491 1279 1531 profunditatem,
1297 1491 1481 1522 latitudinem
1495 1504 1508 1524 ι,
1524 1495 1580 1522 tuae
1596 1500 1667 1531 erga
1681 1491 1775 1523 Deum

955 1535 1124 1566 dilectionis
1139 1541 1166 1565 et
1182 1536 1357 1573 affectionis,
1374 1545 1427 1576 per
1441 1545 1527 1576 quam
1546 1545 1604 1566 non
1629 1544 1776 1576 coangus-

956 1584 1033 1610 tatur
1054 1580 1248 1620 apostolicutn
1274 1590 1325 1611 cor
1347 1584 1441 1618 tuum,
1459 1581 1530 1621 quiti
1551 1580 1649 1620 potius
1663 1581 1777 1612 viscera

956 1625 1134 1664 dilatantur,
1169 1625 1205 1655 ad
1242 1624 1463 1665 suscipiendum
1501 1625 1778 1665 acquirendumque

955 1669 1087 1699 omnium
1118 1668 1316 1700 Ecclesiarum
1347 1668 1540 1700 Christianos.
1554 1668 1664 1699 Vocem
1697 1672 1777 1699 tuam

956 1713 1128 1753 agnovimus
1144 1723 1196 1754 per
1214 1714 1338 1752 litteras,
1352 1713 1554 1754 alloquentem
1571 1722 1625 1744 nos
1640 1713 1675 1743 ad
1690 1723 1778 1744 aures

957 1758 1599 1799 mentisqueintima,Audivimusloquentem
1609 1762 1641 1788 ut
1649 1762 1776 1799 patrem,

956 1807 988 1834 ut
1013 1808 1172 1843 pastorem,
1202 1804 1247 1834 vel
1276 1804 1374 1844 potius
1401 1803 1672 1843 archipastoremC.
1703 1802 1776 1833 Nam

958 1848 1041 1888 quasi
1070 1853 1164 1888 pater,
1181 1848 1268 1886 ﬁlios,
1285 1848 1335 1889 qui
1360 1858 1376 1879 a
1401 1853 1430 1879 te
1451 1847 1609 1879 abalienati
1625 1848 1774 1886 videntur,

955 1892 1009 1924 sub
1026 1897 1166 1933 paternos
1193 1893 1275 1924 sinus
1291 1898 1355 1924 tuos
1370 1893 1463 1932 cogis,
1483 1902 1646 1932 eorumque
1659 1892 1776 1924 sollici-

955 1937 1087 1968 tudinem
1104 1938 1194 1969 habes
1208 1948 1215 1968 :
1227 1938 1310 1978 quasi
1326 1941 1426 1978 pastor
1440 1941 1663 1975 autern,utoves
1672 1946 1775 1968 erran-

955 1987 1009 2019 tes,
1027 1991 1168 2020 revocas;
1184 1983 1268 2023 quasi
1296 1987 1445 2023 pastorum
1470 1986 1580 2022 pastor,
1598 1982 1776 2022 pastoralem

954 2030 1035 2057 tuam
1052 2035 1077 2057 et
1095 2027 1236 2058 divinitus
1247 2027 1372 2058 infusam
1390 2027 1544 2059 scientiam
1561 2036 1615 2057 nos
1625 2026 1726 2065 doces,
1739 2037 1777 2058 ne

954 2080 1059 2111 greges
1073 2072 1258 2111 negligamus
1267 2072 1318 2103 sed
1336 2072 1404 2103 totis
1419 2071 1532 2103 viribus
1547 2071 1776 2112 prospiciamus,

94 2118 135 2154 μὴ
149 2117 272 2156 ἀμελεῖν,
295 2117 363 2147 ἁλλὰ
387 2119 459 2158 πάσῃ
481 2118 586 2157 δυνάμει
615 2120 796 2159 προνοεῖσθαι,
825 2119 869 2146 καὶ
883 2118 905 2145 τί

1001 2116 1039 2156 ei,
1057 2117 1135 2157 quod
1149 2116 1225 2147 male
1241 2117 1340 2158 habet,
1354 2116 1458 2147 sedulo
1480 2116 1663 2147 medeamur.
1680 2117 1777 2148 Audi-

93 2165 185 2194 κακῶς
200 2161 264 2203 ἕχον
293 2164 442 2200 θεραπεύειν
478 2163 622 2203 ἐπιμελῶς.
653 2162 820 2201 Ἦκούσαμεν
844 2161 912 2191 ἂνα-

93 2204 257 2245 χαλουμένου
292 2209 357 2248 πρὸς
400 2208 502 2249 ἑαυτὸν,
545 2210 589 2237 καὶ
631 2207 832 2248 ὲπεστράφημὲν
871 2217 917 2236 σου

93 2252 161 2292 πρὸς
189 2252 240 2286 τὴν
266 2254 359 2292 φονήν.
400 2253 503 2285 Πάντας
551 2253 578 2282 δὲ
608 2255 629 2282 εἱ
666 2252 818 2292 ἀλλοτρίους
846 2252 916 2284 υἱοὺς

95 2295 161 2336 [τῆς
189 2301 237 2330 σῆς
265 2296 415 2337 ἁγιότητος]
466 2298 637 2337 ἐλογιζόμεθα
673 2297 792 2336 ἑαυτοὺς,
822 2296 840 2331 ἢ
868 2299 917 2329 τῆς

94 2343 146 2374 σῆς
200 2344 377 2379 ποιμαντικῆς
431 2343 659 2383 ἀπομακρύνεσθαι
723 2341 917 2382 προῃρούμεθα,

95 2385 144 2414 οὒκ
159 2384 191 2413 ἂν
200 2385 277 2427 Αοῧτε
310 2386 462 2426 ἐπέγνωμεν
499 2389 536 2419 ὡς
578 2388 709 2427 πατρικὴν
750 2387 800 2421 τήν
829 2386 920 2426 φωνὴν

95 2430 155 2459 οὔτε
170 2424 347 2469 ποιμένος
362 2424 392 2464 τὸ
410 2424 587 2466 ἆνακλητικδν
612 2424 717 2468 ᾅδοντος
754 2424 918 2470 ἐπανεστρά-

94 2485 196 2516 φημεν.
230 2476 303 2504 Κατὰ
331 2477 380 2517 γὰρ
422 2477 466 2505 τὸν
495 2480 541 2505 τοῦ
583 2477 675 2516 Κυρίου
710 2476 801 2515 λόγον,
838 2474 918 2506 οὐδείς

95 2530 162 2548 ποτε
177 2519 350 2560 ἐπιγνώσεται
379 2523 431 2551 τῶν
464 2520 608 2562 ἀλλοτρίων
642 2522 692 2556 τὴν
721 2521 823 2561 φωνὴν,
852 2519 919 2548 ἀλλὰ

958 2160 1249 2192 vimusrevocantem
1261 2161 1297 2192 ad
1313 2161 1456 2202 seipsum,
1473 2164 1503 2192 et
1517 2160 1553 2191 ad
1568 2169 1672 2191 vocem
1698 2164 1777 2192 tuam

958 2205 1093 2236 conversi
1108 2215 1222 2237 sumus.
1238 2205 1328 2237 Plane
1343 2206 1368 2236 si
1387 2206 1502 2236 alienos
1516 2214 1533 2235 a
1549 2209 1598 2236 tua
1621 2205 1778 2237 sanctitate

958 2249 1034 2280 ﬁlios
1050 2259 1103 2281 nos
1117 2250 1199 2291 ipsos
1208 2250 1473 2286 existimassemus,
1486 2254 1536 2280 aut
1548 2249 1634 2289 longe
1649 2259 1666 2280 a
1682 2255 1780 2290 pasto-

958 2295 1012 2325 rali
1032 2304 1104 2326 cura
1129 2300 1177 2326 tua
1201 2295 1334 2335 separari
1357 2295 1564 2333 voluissetnus,
1591 2304 1778 2336 nequaquam

961 2339 1184 2379 agnovissemus
1194 2344 1388 2380 utpaternam
1404 2339 1661 2379 vocem,nequead
1678 2344 1780 2380 pasto-

960 2393 1023 2415 rem
1038 2384 1171 2424 receptui
1182 2389 1337 2416 canentem
1347 2384 1500 2415 dconversi
1516 2384 1685 2415 fuissetnus.
1704 2384 1779 2415 Nam

958 2429 1043 2469 juxta
1058 2430 1184 2460 verbum
1200 2429 1422 2466 Domini,nemo
1433 2438 1565 2468 unquam
1576 2433 1678 2459 noscet
1688 2432 1783 2460 extra-

961 2483 1085 2504 neorum
1100 2483 1214 2511 vocem,
1231 2473 1284 2504 sed
1298 2473 1396 2514 potius
1410 2473 1447 2504 ab
1462 2482 1498 2504 ea
1511 2473 1614 2512 fugiet.
1631 2472 1706 2509 Quid
1722 2473 1781 2513 igi-

962 2523 1009 2549 tur
1021 2518 1057 2549 ad
1073 2527 1127 2549 nos
1143 2518 1272 2549 errantis
1296 2518 1358 2549 ovis
1387 2518 1568 2557 similitudo,
1591 2517 1780 2551 sanctissime
1817 2548 1821 2552 .

768 2603 900 2636 VARLE
910 2602 1127 2636 LECTIONES.

135 2671 169 2697 88
182 2670 310 2712 εὗρεϐείας
326 2671 416 2704 εὖλαϐ.
432 2673 464 2700 89
477 2674 655 2715 ἀντίγραμμα,

136 2749 149 2765 ν
161 2733 307 2773 pascendi
320 2743 433 2767 munus
440 2738 625 2775 suscepimus
632 2743 671 2766 ex
680 2733 788 2775 ofﬁcio.
802 2736 815 2751 ι
830 2732 954 2775 longum
964 2732 1024 2763 iter
1036 2731 1207 2771 confecisse.
1223 2734 1235 2755 ι
1249 2731 1485 2775 Boldftzionem,
1498 2731 1719 2763 latoresharum
1730 2731 1780 2763 lit-

97 2772 246 2806 terarum.
270 2780 281 2796 ι
295 2779 327 2806 ιιι
338 2779 477 2816 propter.
500 2780 512 2797 ι
524 2772 746 2807 reverentiam.
760 2773 773 2794 ιτ
787 2772 1032 2813 amplitudinem.
1048 2778 1060 2795 ο
1069 2774 1222 2811 pastorem
1233 2772 1415 2813 principem.
1431 2772 1444 2793 ιι
1458 2776 1492 2804 ut
1502 2776 1624 2813 pastore
1646 2774 1782 2812 receptui

95 2817 231 2846 canente.
