1942 3081
172 130 227 165 931

885 131 951 164 JUS
970 129 1192 164 CANONICUM

1803 125 1876 158 932

172 197 269 239 papa?
285 197 354 238 quid
372 197 470 237 imago
485 197 602 228 amissae
620 196 791 228 drachmze?
807 197 865 228 Nos
881 198 939 228 enii

1109 209 1137 226 ον
1153 198 1195 226 καὶ
1210 197 1328 237 φεύξεται
1344 196 1389 226 ἀπ’
1407 197 1499 230 αὐτῆς.
1531 197 1560 224 Τί
1596 194 1641 224 οὖν
1673 194 1740 234 πρὸς
1755 194 1837 231 ἡμᾶς
1856 191 1876 224 ἡ

173 243 240 274 sinu
257 247 305 273 tuo
320 242 466 273 excidisse
484 251 636 282 negamus,
653 246 682 272 et
708 242 836 273 ﬁliorum
866 243 996 282 appella-

174 288 296 323 tionem,
315 290 365 317 aut
385 287 562 326 pastoralem
580 295 679 317 curam
698 297 754 317 non
771 287 946 326 refugimus,
964 292 996 318 ut

173 333 230 363 tale
243 332 405 363 convicium
432 331 517 361 nobis
544 331 735 370 exprobetur.
759 331 833 362 Tuto
850 336 945 362 autem
962 342 995 363 ac

173 377 310 411 ﬁrmiter.
321 375 373 407 Dei
391 375 484 414 gratia
505 376 661 406 stetimus°
674 375 702 405 in
721 375 796 406 beati
821 376 898 406 l'etri
923 386 995 407 con-

173 421 312 453 fessione.
330 420 364 451 Et
374 429 462 460 quem
478 419 530 450 ille
546 419 699 450 confessus
711 425 799 457 est,et
815 421 993 460 praedicavit,

174 466 351 497 conﬁtemur
365 470 393 495 et
419 464 625 504 praedicamus;
652 464 725 495 nihil
751 474 785 495 ex
807 465 995 505 synodalibus

172 513 342 542 sanctorum
358 507 476 539 Patrum
503 507 631 539 decretis
645 508 828 541 innovantes.
848 519 902 540 nec
916 510 992 550 adji—

174 556 288 586 cienies
299 553 476 592 evangelicis
492 558 522 584 et
543 553 712 593 apostolicis
724 553 834 591 verbis,
850 555 885 584 ad
904 564 993 585 unum

173 599 288 640 apicem
311 607 414 638 usque,
433 597 478 628 vel
493 597 554 628 iota
579 607 683 629 unum.
704 598 869 629 Didicimus
885 599 964 629 enim
979 608 994 629 a

173 644 306 685 gentium
322 651 468 683 praacone,
494 651 582 682 quam
598 643 695 682 gravis
710 642 924 683 impendeatiis
932 653 995 684 pte-

174 698 225 729 ua,
242 688 291 728 qui
308 687 376 718 talia
387 685 574 717 audent.Etsi
588 686 667 716 enim
680 696 745 726 ego,
759 687 882 727 (inquit‘-
893 688 936 719 vel
946 696 996 719 an-

174 733 259 771 gelus
273 732 310 762 de
326 730 400 762 caelo
415 730 631 761 annuntiaverit
646 730 728 762 vobis
742 736 848 771 praeter
859 732 898 769 id,
916 732 994 772 quod

174 776 344 817 accepistis,
360 775 518 806 anathema
534 779 607 806 esto.
624 775 686 806 Hoc
703 781 880 813 metuentes,
900 777 995 808 viviﬁ-

1036 241 1174 281 παραϐολὴ
1217 246 1262 271 τοῦ
1309 241 1486 275 πλανηθέντος
1529 239 1672 280 προϐάτου,
1730 239 1876 278 ἀγιόηατε

1035 287 1135 326 πάπας
1165 286 1195 315 Τί
1230 285 1256 314 δὲ
1300 287 1376 315 εἰκὼν
1419 289 1468 319 της
1519 284 1686 315 ἀπολωλυίας
1722 281 1874 323 δραχμῆς,

1037 325 1132 368 Ἡμεῖς
1148 331 1198 370 γὰρ
1213 330 1270 358 οὔτε
1296 331 1455 362 ἐκπεσόντας
1484 331 1590 361 ἑαυτοὺς
1625 331 1678 356 τῶν
1712 328 1765 355 σῶν
1800 326 1876 354 κόλ-

1037 386 1094 402 πων
1108 375 1205 415 φαμὲν,
1236 375 1293 403 οὔτε
1329 375 1377 409 τὴν
1405 376 1514 408 υἱότητα
1550 375 1568 408 ἢ
1604 374 1653 407 τὴν
1684 371 1876 409 ποιμαντικὴν

1037 419 1230 459 ἀποφεύγομεν,
1248 419 1294 448 ’ἕνα
1314 420 1358 448 καὶ
1390 418 1473 451 οὕτως
1501 417 1686 456 ὀνειδιζώμεθα
1710 425 1716 432 '
1741 415 1875 450 ἑστήκασ-

1037 474 1085 500 μεν
1101 462 1138 499 δέ,
1165 467 1230 493 Θεοὺ
1251 465 1352 504 χάριτι,
1383 463 1425 492 ἐπὶ
1446 466 1495 498 τῆς
1524 467 1570 492 τοῦ
1606 461 1735 501 μακαρίου
1762 459 1875 504 Πέτρου

1037 507 1178 547 ὁμολογίας
1192 507 1220 532 91
1245 503 1370 548 ἀσφαλῶς
1385 520 1413 536 τε
1429 510 1473 537 καὶ
1494 507 1608 540 ὰκλινὼς
1625 517 1632 524 ·
1663 506 1706 534 καὶ
1735 505 1765 532 ὃν
1779 503 1874 541 ,ἐκεῖ-

1036 564 1080 584 νος
1116 553 1274 592 ὡμολόγησε
1301 554 1344 581 καὶ
1372 553 1507 593 ἐκήρυξεν,
1544 550 1728 591 ὁμολογοῦμέν
1755 558 1786 577 τε
1823 550 1877 577 καὶ

1036 597 1202 636 κηρύσσομεν
1225 605 1232 612 ·
1271 601 1309 635 μὴ
1345 597 1504 633 καινίζοντὲς
1532 609 1557 625 τι
1597 599 1650 625 τῶν
1679 601 1738 627 τοῖς
1779 593 1877 633 ἁγίοις

1039 641 1153 680 [Ιατράσι
1170 640 1309 673 συνοδικῶς
1338 641 1513 681 δεδογμένων,
1537 642 1575 679 μὴ
1603 640 1788 680 προστιθέντες
1804 646 1876 671 τοῖς

1037 685 1220 724 εὐαγγελικοῖς
1235 687 1278 714 καὶ
1293 686 1482 718 ἀποστολικοτς
1504 686 1605 725 λόγοις,
1633 684 1697 724 ἄχρι
1731 685 1777 713 καὶ
1800 687 1877 722 μιᾶς

1036 730 1154 769 κεραίας,
1171 730 1187 764 ἢ
1203 732 1267 759 ἱὼτα
1283 730 1351 763 ἑνός,
1369 729 1518 769 Ἐμάθομεν
1549 731 1598 769 γὰρ
1626 730 1685 757 οἷόν
1708 729 1763 757 ἐστι
1794 729 1878 767 παρὰ

1037 775 1075 810 τῷ
1089 775 1183 814 κήρυκι
1211 775 1263 803 τῶν
1292 774 1371 804 ἐθνῶν
1400 776 1464 815 βαρὺ
1491 776 1523 804 τὸ
1551 774 1742 813 ἐπικρεμασθὲν
1777 773 1875 801 ἐπιτί-

174 831 238 852 cam
263 824 292 851 et
315 820 502 850 incruentam
531 818 682 856 hostiam',
708 825 738 850 ut
766 820 817 860 qui
845 821 941 860 accepi

1112 825 1170 850 τοῖς
1191 819 1224 846 τὰ
1239 823 1347 848 τοιαῦτα
1361 819 1491 857 τολμῶσι,
1524 818 1578 848 Κᾶν
1599 820 1648 858 γὰρ
1677 817 1731 856 ἐγὼ
1760 817 1873 858 (φησὶν)

176 865 302 898 Domino
318 864 403 894 nobis
417 863 547 904 tradidit,
556 864 598 894 sic
611 863 785 894 exhibemus
796 871 810 892 I’
823 876 828 893 :
841 863 994 896 Iudaicam

175 911 295 952 quidem
325 908 534 945 humilitatem,
552 912 581 938 et
596 908 671 948 legis
696 908 832 939 umbram
857 918 994 948 superas—

174 955 337 986 cendentes
346 954 370 988 ll;
384 962 450 983 cum
465 952 537 983 Jesu
551 957 660 990 autem,
675 957 703 983 et
719 953 784 992 ejus
798 953 950 993 discipulis
966 955 996 984 in

175 999 311 1030 sublimis
322 997 421 1037 gratiae
434 996 574 1037 palatium
591 997 827 1028 conscendentes
837 1003 877 1029 :el
891 1008 996 1038 panem

175 1043 375 1078 comedentes,
392 1051 449 1072 non
465 1041 643 1078 afﬂictionis,
658 1046 699 1077 (ut
714 1042 760 1072 lex
776 1042 840 1083 ait),
857 1043 908 1072 sed
920 1043 996 1074 lari-

176 1088 233 1125 tiae,
249 1091 279 1119 et
292 1095 344 1118 cor
359 1095 463 1117 revera
488 1086 725 1116 conﬁrmantem.
748 1086 830 1122 Quod
848 1087 872 1117 si
896 1092 926 1118 ut
943 1097 995 1127 pa-

174 1138 269 1164 stores
284 1131 327 1162 illi
340 1131 534 1171 desipuimus,
557 1131 646 1171 (quod
663 1131 750 1168 absit,
768 1141 822 1162 nec
838 1136 948 1163 tantum
965 1133 995 1163 in

173 1187 227 1209 nos
243 1176 334 1217 possit
349 1176 506 1216 malignus)
517 1175 554 1206 de
569 1175 677 1216 quibus
692 1177 837 1207 .leremias
852 1177 995 1217 propheta

173 1222 337 1253 lamentans
351 1220 410 1251 ait:
426 1219 602 1251 Sacerdotes
625 1230 681 1251 non
697 1220 836 1251 diverunt
850 1230 856 1252 :
878 1222 934 1252 Ubi
950 1226 994 1252 est

172 1267 364 1298 Dominus?et
374 1265 425 1305 qui
441 1264 499 1304 legi
508 1264 710 1304 adhzerebant,
725 1265 913 1296 nesciverunt
929 1276 992 1297 me:

173 1315 203 1343 et
219 1315 350 1351 pastores
365 1309 395 1339 in
412 1318 459 1339 me
483 1308 568 1349 impii
589 1309 720 1341 fuerunt.
738 1308 768 1340 Si
785 1310 858 1341 tales
876 1310 928 1341 tibi
949 1311 993 1342 vi-

173 1355 331 1391 debantur,
342 1353 527 1384 sanctissime
546 1356 640 1391 Pater,
657 1363 784 1394 quonam
798 1359 881 1394 pacto
894 1364 994 1395 posses

1008 855 1054 896 Βῆ
1089 862 1200 902 ἅγγελος
1229 863 1254 896 ἐξ
1282 865 1390 903 οὖροινοῦ
1411 855 1640 903 ἐῦαγγελζηται.
1662 855 1727 900 ὕμῖν

1036 906 1210 947 παρελάϐετε,
1239 908 1355 946 ἀνάθεμα
1379 908 1458 938 ἕστο).
1509 910 1591 937 Τοῦτο
1619 906 1792 947 φοϐούμενοι,
1823 908 1873 935 καὶ

1038 952 1086 984 τὴν
1107 954 1237 987 ζωοποιὸν
1251 954 1295 981 καὶ
1323 952 1483 990 ἀναίμακτον
1512 954 1600 980 θυσίαν
1632 953 1668 983 ὡς
1705 952 1718 979 ὁ
1744 950 1875 990 παραλα-

1038 994 1092 1024 ϐὼν
1117 997 1170 1024 ἀπὸ
1197 1000 1243 1024 τοῦ
1273 999 1377 1037 Κυρίου“
1399 996 1550 1037 παρέδωκεν
1578 998 1657 1036 ἡμῖν,
1686 995 1769 1027 οὕτως
1803 995 1872 1024 ἑπι-

1039 1039 1164 1078 τελοῡμεν
1181 1048 1188 1055 ·
1225 1042 1274 1075 τὴν
1315 1041 1364 1075 μὲν
1407 1041 1556 1076 Ἰουδαϊκὴν
1590 1040 1784 1077 ταπεινότητα,
1823 1043 1874 1068 καὶ

1038 1085 1087 1118 τὴν
1111 1085 1158 1113 τοῦ
1186 1086 1266 1124 νόμου
1296 1086 1371 1114 σκιὰν
1411 1085 1672 1126 ὑπεραναϐαίνοντες,
1703 1085 1739 1116 οἷς
1768 1083 1797 1112 δὲ
1837 1087 1871 1113 τὸ

1036 1130 1154 1169 ὑπερῷον
1185 1132 1233 1163 τῆς
1261 1129 1369 1168 ὑψηλῆς
1401 1131 1509 1170 χάριτος
1537 1131 1604 1168 μετὰ
1631 1133 1678 1157 τοῦ
1710 1127 1802 1161 Ἰησοῦ
1822 1134 1872 1158 καὶ

1035 1175 1088 1201 τῶν
1100 1174 1179 1202 αυτοῦ
1199 1176 1323 1212 μαθητῶν
1352 1174 1535 1207 ἀναϐαίνοντες
1554 1185 1561 1192 ·
1591 1175 1635 1203 καὶ
1657 1172 1734 1214 ἄρτον
1759 1172 1873 1204 ἔσθων.

1034 1228 1090 1255 τες,
1113 1217 1174 1258 οὐχὶ
1198 1219 1243 1246 τὸν
1277 1221 1331 1258 τῆγ
1359 1219 1515 1257 κακώσεως,
1551 1221 1587 1248 di:
1614 1220 1628 1247 ὁ
1659 1219 1739 1256 νόμος
1769 1220 1867 1260 φησὶν,

1035 1261 1103 1290 ἀλλὰ
1118 1263 1162 1290 τὸν
1189 1265 1239 1296 τῆς
1273 1264 1446 1304 εὐφροσύνης,
1476 1265 1521 1292 καὶ
1549 1264 1632 1296 ὄντως
1653 1263 1760 1303 καρδίαν
1797 1276 1868 1298 στη-

1036 1307 1148 1345 ρίζοντα,
1186 1307 1215 1336 Εἰ
1237 1306 1264 1335 δὲ
1290 1308 1358 1336 κατὰ
1378 1308 1438 1340 τοὺς
1467 1309 1596 1346 ποιμένας
1625 1308 1739 1340 ἐκείνους
1774 1309 1867 1349 ἠφρο-

1036 1352 1179 1388 νευσιίμεθα
1209 1351 1233 1391 (ὃ
1259 1353 1296 1389 μή
1323 1352 1425 1391 γένοιτο
1460 1353 1528 1391 μηδὲ
1569 1354 1606 1386 εἰς
1633 1358 1759 1382 τοσοῦτον
1803 1354 1866 1382 καθ’

173 1409 226 1431 nos
237 1399 323 1430 aliter
339 1398 504 1434 nominare,
522 1407 608 1438 quam
625 1393 694 1428 oves
705 1393 940 1438 errantes,cldra

1102 1408 1111 1422 ν
1126 1396 1224 1436 ἰσχύσῃ
1239 1397 1253 1424 ὁ
1281 1397 1412 1436 πονηρὸς)
1438 1399 1495 1437 περὶ
1509 1399 1546 1425 ὧν
1574 1399 1588 1426 ὁ
1615 1399 1755 1438 προφήτης
1786 1393 1869 1438 Ἱερε-

174 1454 250 1475 mam
270 1443 427 1484 perditam,
447 1447 475 1472 et
492 1442 650 1473 multorum
667 1442 782 1473 dierum
800 1447 941 1473 mortuum

1117 1441 1219 1479 θρηνῶν
1234 1440 1323 1480 ἔλεγεν
1339 1451 1348 1459 ο
1365 1443 1395 1470 Οἱ
1409 1443 1488 1482 ἱερεῖς
1527 1443 1575 1471 οὒκ
1613 1444 1702 1482 εἶπον,
1733 1446 1785 1470 ποῦ
1809 1443 1866 1472 ἔστι

171 1489 309 1529 sepulcro
322 1486 497 1527 jacentem?
514 1487 621 1517 Verum
638 1496 676 1517 ne
691 1496 756 1518 eam
772 1487 809 1518 de
823 1487 910 1518 nobis
925 1498 938 1518 ο

1100 1495 1128 1516 ος
1146 1494 1153 1524 ;
1171 1486 1214 1513 καὶ
1244 1486 1267 1514 οἱ
1302 1486 1478 1527 ἀντεχόμενοι
1508 1492 1553 1517 τοῦ
1595 1489 1688 1527 νόμου,
1717 1491 1767 1520 οὐκ
1794 1489 1866 1522 ἠπί-

172 1533 292 1564 nionem
308 1531 469 1571 concipias.
487 1531 589 1571 Neque
604 1530 683 1561 enim
695 1531 774 1561 aliud
791 1531 939 1562 novimusl

1101 1529 1129 1557 τό
1165 1540 1198 1567 με
1216 1538 1223 1545 '
1254 1531 1298 1558 καὶ
1326 1532 1350 1558 οἱ
1377 1531 1501 1569 ποιμένες
1529 1531 1640 1566 ἠσέϐουν
1668 1535 1704 1566 εἷς
1735 1535 1797 1573 ἐμὲ.
1838 1534 1868 1562 Εἰ

172 1577 354 1614 damentum,
372 1584 459 1616 quam
475 1574 553 1615 quod
568 1574 770 1606 substructum
787 1579 841 1607 est.
866 1575 939 1607 Eade

1099 1575 1147 1602 ἱτοί
1168 1585 1209 1602 σοι
1241 1575 1320 1613 ἦμεν,
1350 1575 1481 1614 ἁγιώτατε
1512 1577 1607 1616 Πάτερ,
1625 1581 1682 1610 πῶς
1711 1578 1742 1607 ἂν
1771 1578 1866 1610 ἄλλως

172 1631 229 1662 que
247 1626 357 1657 tecum,
389 1619 583 1660 praedicamus
607 1623 636 1650 et
664 1619 804 1651 docemus
833 1630 886 1660 ego
913 1621 939 1652 ii.

1101 1629 1113 1650 ς
1130 1618 1275 1664 νόνομάζιιν
1310 1621 1382 1657 ἡμᾶς
1413 1620 1431 1654 ἢ
1467 1620 1586 1660 πρόϐατα
1607 1621 1786 1664 πλανηθέντα,
1819 1625 1867 1651 καὶ

172 1675 287 1700 omnes,
308 1665 357 1705 qui
385 1664 421 1695 ad
451 1673 584 1704 magnam
614 1665 865 1704 apostolicamque
889 1666 990 1696 sedem

171 1709 522 1750 Constantinopolitanam
550 1712 742 1748 pertinemus.
769 1709 804 1739 Et
825 1719 911 1747 unus,
941 1711 991 1751 qui

171 1755 201 1786 in
213 1755 345 1795 utrisque
361 1753 503 1785 Ecclesiis
519 1758 670 1794 personat,
686 1762 784 1784 sermo
800 1753 870 1785 ﬁdei
881 1763 887 1786 :
898 1754 991 1786 idem-

171 1809 229 1840 que
244 1799 425 1830 sacriﬁcatur
439 1807 542 1838 agnus,
559 1797 610 1838 qni
639 1797 715 1828 tollit
740 1802 860 1838 peccata
889 1799 991 1830 mundi

169 1844 313 1881 Christus,
344 1842 423 1874 inter
448 1841 647 1873 occidentales
672 1841 828 1880 antistites,
852 1844 903 1884 qui
936 1844 989 1874 sub

172 1892 252 1920 tuum
282 1887 447 1928 principale
471 1886 589 1917 culmen
618 1891 722 1927 agunt,
750 1891 779 1918 et
801 1897 865 1925 nos,
892 1888 941 1928 qui
956 1888 992 1919 ab

171 1933 288 1964 oriente
314 1933 378 1963 sole
405 1929 547 1962 sublimii
571 1931 896 1971 Constantinopolitana
923 1933 993 1964 sede

171 1977 330 2009 sacerdotii
342 1975 514 2016 accepimus
528 1975 719 2016 splendorem
732 1985 739 2007 :
753 1976 886 2016 quamvis
906 1986 993 2017 parva

172 2022 306 2062 quaedam
321 2020 502 2052 olfendicula
515 2020 546 2051 in
563 2020 660 2050 medio
676 2020 835 2060 interjecta
846 2030 900 2052 nos
912 2031 995 2062 sepa-

171 2066 311 2101 rarint,et
321 2073 358 2096 ex
368 2074 427 2096 uno
439 2065 603 2104 eodemque
611 2065 717 2104 spiritu
728 2065 834 2096 multos
841 2065 992 2098 fecerinti.

171 2110 243 2146 Quae
257 2109 378 2141 omnino
396 2109 500 2140 tollere
526 2109 564 2140 de
586 2109 695 2146 medio,
714 2114 743 2140 et
764 2110 845 2140 velut
869 2110 993 2150 lapides,

167 2156 251 2195 juxta
267 2153 471 2195 propheticum
483 2162 687 2191 sermonem,e
697 2153 743 2184 via
759 2154 994 2194 projicere,uni-

171 2197 526 2239 tatemqueEcclesiarum
536 2197 601 2228 sine
612 2197 789 2228 oll'endiculo
800 2198 938 2230 constitue

515 2207 526 2228 ι
536 2197 601 2228 sine
612 2197 789 2228 oll'endiculo
800 2198 993 2240 constituere,
1005 2199 1027 2224 Ι)
1039 2200 1156 2238 ρωσύνης
1170 2200 1252 2240 αὐγάς
1275 2210 1282 2218 ·

172 2247 228 2274 tua;
241 2241 406 2274 sanctitatis
427 2242 506 2272 erit:
520 2251 587 2282 quae
601 2241 710 2273 Christi
735 2243 871 2283 exemplo
887 2244 966 2275 velut
981 2254 998 2275 e

172 2288 249 2319 cmlo
265 2286 462 2328 prospiciens,
479 2286 620 2317 distantia
647 2286 677 2316 in
702 2296 793 2317 unum
818 2296 998 2328 congregare

170 2332 232 2363 vult
245 2335 258 2356 k
274 2336 303 2363 et
318 2335 425 2372 potest.
443 2332 504 2363 Nos
520 2330 600 2362 enim
617 2330 703 2371 pauci
716 2331 723 2352 ¹
737 2340 852 2369 sumus,
865 2335 894 2363 et
909 2342 999 2372 parvo

171 2377 253 2417 gregi
265 2385 440 2417 praesumus,
454 2375 637 2407 mediocrem
648 2375 781 2415 quidem,
798 2380 827 2406 et
842 2380 874 2407 ut
886 2381 998 2416 guttam

171 2421 291 2452 dicendi
334 2420 504 2452 facultatem
547 2419 714 2460 habentes,
757 2419 858 2451 vitulis
899 2427 997 2454 autem

171 2465 373 2507 nequidquam
397 2463 560 2505 participes
587 2474 593 2494 :
621 2464 708 2495 etiam
733 2464 758 2494 si
783 2468 831 2495 tua
859 2466 1000 2499 sanctitas

172 2509 343 2551 [contrarii]
360 2509 555 2550 persuasione
569 2508 705 2550 decepta,
723 2509 850 2540 maxima
862 2510 997 2551 quaedam

1035 1661 1158 1703 δραχμὴν
1183 1663 1381 1704 ἀφανισθεῖσαν,
1409 1665 1453 1693 καὶ
1482 1666 1573 1705 νεκρὸν
1601 1667 1629 1694 εν
1663 1668 1739 1707 τάφῳ
1766 1661 1866 1706 κείμε-

1033 1718 1076 1735 νον
1091 1706 1258 1748 πολυήμερον
1281 1707 1389 1748 ςἈλλά
1411 1710 1449 1747 μὴ
1478 1708 1560 1742 οὕτως
1587 1710 1646 1739 οἵου
1674 1706 1733 1752 περὶ
1765 1714 1863 1750 ἡμῶν.

1032 1751 1096 1780 Οὔτε
1111 1753 1161 1791 γὰρ
1183 1752 1304 1790 θεμέλιον
1320 1752 1400 1781 ἄλλον
1425 1753 1537 1792 οἴδαμεν
1551 1755 1621 1795 παρὰ
1650 1757 1694 1784 τὸν
1723 1757 1861 1795 κείμενον,

1031 1797 1120 1825 καὶτὰ
1151 1797 1216 1826 αὐτά
1251 1808 1293 1827 σοι
1328 1796 1504 1838 πρεσϐεύομεν
1532 1800 1577 1827 καὶ
1614 1799 1773 1838 διδασκομεν
1804 1801 1864 1841 ἐγὼ

1033 1852 1062 1869 τε
1075 1842 1120 1869 καὶ
1140 1842 1235 1873 πάντες
1252 1844 1276 1871 οἱ
1306 1847 1353 1872 τοῦ
1381 1842 1497 1882 μεγάλου
1519 1845 1578 1873 καὶ.
1596 1844 1775 1874 ἀποστολικοῦ
1809 1849 1863 1880 τῆς

1036 1887 1335 1930 Κωνσταντινουπόλεως
1367 1888 1458 1926 θρόνου
1482 1896 1489 1904 ⁸
1506 1889 1550 1916 καὶ
1576 1889 1619 1921 εἶς
1634 1889 1661 1918 ἐν
1697 1890 1864 1930 ἀμφοτέραις

1034 1937 1094 1963 ταῖς
1111 1925 1280 1965 Ἐκκλησίαις
1296 1933 1310 1960 ὁ
1331 1922 1491 1971 λαλούμενος
1524 1932 1603 1974 λόγος
1635 1935 1683 1968 τῆς
1855 1922 1863 1954 έ

1035 1976 1106 2004 καὶὸ
1121 1975 1199 2008 αὐτὸς
1236 1977 1317 2014 ἀμνὸς
1346 1977 1443 2015 θύεται,
1467 1979 1481 2006 ὁ
1508 1983 1555 2008 τοῦ
1581 1980 1683 2017 κόσμου
1711 1979 1796 2019 αἴρων
1812 1981 1864 2014 τὴν

1035 2020 1176 2060 ἁμαρτίαν,
1209 2022 1334 2060 Χριστὸς,
1369 2021 1396 2050 ἐν
1431 2032 1460 2050 τε
1487 2029 1546 2055 τοῖς
1574 2025 1642 2052 κατὰ
1667 2023 1738 2052 δύσιν
1759 2024 1864 2064 ἀρχιε-

1037 2070 1118 2105 ρεῦσι,
1135 2072 1194 2098 τοῖς
1208 2067 1259 2095 ὑπὸ
1273 2068 1322 2101 τὴν
1338 2072 1388 2101 σὴν
1409 2067 1511 2098 τελοῦσι
1540 2071 1682 2110 κορυφαίαν
1712 2070 1861 2111 ἀκρότητα,

1036 2111 1078 2138 καὶ
1093 2111 1160 2148 ἡμῖν
1175 2117 1234 2143 τοῖς
1262 2111 1288 2144 ἐξ
1316 2111 1390 2142 ἡλίου
1424 2113 1580 2153 ἀνίσχοντος
1614 2118 1660 2143 τοῦ
1681 2114 1786 2152 ὑψηλοῦ
1811 2115 1862 2149 τῆς

1037 2156 1337 2189 Κωνσταντινουπόλεως
1353 2157 1443 2196 θρόνου
1478 2157 1634 2197 δεχομένοις
1669 2159 1716 2191 τὰς
1753 2162 1804 2192 τῆς
1818 2161 1861 2187 ἱε-

1309 2202 1331 2229 εί
1370 2203 1415 2230 καί
1448 2213 1507 2230 τινα
1532 2203 1636 2243 βραχέα
1664 2204 1861 2243 προσκόμματα

1039 2245 1076 2276 εἷς
1091 2244 1173 2282 μέσον
1207 2245 1400 2286 παραῤῥιφὲντα
1428 2246 1572 2280 διάστησαν
1608 2248 1691 2286 ἡμᾶς,
1720 2249 1764 2277 καὶ
1798 2248 1864 2277 πολ-

1040 2289 1101 2322 λοὺς
1115 2291 1290 2332 πεποιήκασι,
1316 2292 1376 2324 τοὺς
1405 2291 1463 2324 ἑνὸς
1491 2292 1535 2321 καὶ
1556 2296 1602 2321 τοῦ
1630 2293 1708 2324 αὐτοῦ
1736 2295 1863 2332 Πνεύμα-

1040 2345 1097 2367 τος,
1115 2330 1155 2363 ’Ἀ
1169 2335 1275 2367 πάντως
1283 2330 1389 2369 ’ἐξελεῖν
1403 2336 1431 2364 ἐγ
1460 2339 1506 2365 τοῦ
1528 2336 1622 2375 μέσου,
1637 2338 1682 2366 καί
1709 2339 1746 2370 ὡς
1774 2330 1861 2370 λίθους

1040 2380 1112 2412 τινὰς
1139 2379 1168 2408 ἐκ
1194 2383 1243 2414 τῆς
1265 2380 1325 2410 ὀδοῦ
1368 2379 1514 2420 διαρρῖψαι,
1543 2382 1612 2410 κατὰ
1637 2383 1681 2411 τὸν
1697 2384 1863 2422 προφητικὸν

1039 2423 1131 2463 λόγοι,
1167 2425 1210 2452 καὶ
1248 2424 1418 2464 ἀπρόσκοπον
1445 2426 1495 2459 τὴν
1523 2425 1636 2460 ἑνότητα
1664 2430 1718 2455 τῶν
1748 2426 1865 2461 Ἐκκλη-

1039 2469 1103 2497 σιῶν
1137 2472 1314 2507 καταστῆσαι,
1350 2470 1400 2504 τῆς
1436 2472 1485 2504 σῆς
1514 2470 1586 2499 ’ἔσται
1622 2472 1783 2511 ἁγιωσύνης,
1812 2473 1862 2506 τῆς

1039 2514 1260 2554 χριστομιμήτως
1275 2515 1312 2547 ὡς
1334 2514 1360 2548 ἐξ
1390 2516 1498 2554 οὖρανοῦ
1526 2515 1730 2554 διακυπτούσης,
1761 2517 1806 2546 καὶ
1829 2519 1862 2546 τὰ

831 2593 957 2628 VARLE
977 2597 1202 2631 LECTIONES.

211 2662 244 2688 90
258 2663 352 2704 πάτερ,
373 2663 402 2689 9|
421 2662 465 2692 ἐπὶ
485 2665 520 2702 τῇ
534 2666 579 2692 τοῦ
601 2662 730 2703 μακαρίου
745 2662 846 2703 Πέτροῦ
859 2664 999 2705 ὁμολογίᾳ,

171 2768 176 2776 ε
212 2734 366 2776 feturam.
392 2729 621 2776 ﬁdei-fﬁcium.
639 2731 710 2776 Isis
723 2730 915 2776 p_erficin_zus:
930 2745 943 2766 Ιι
959 2733 1246 2776 (ramctmdtmtes.1i
1260 2735 1313 2776 qui
1327 2736 1368 2768 ad
1389 2735 1482 2768 solem
1510 2737 1656 2769 orientem
1680 2746 1699 2769 a
1727 2737 1863 2771 sublimi.

167 2770 177 2796 ³
194 2773 224 2803 et
239 2770 353 2802 mullos
368 2771 531 2811 effecerint,
549 2772 602 2811 qui
616 2771 709 2801 unius
724 2773 754 2802 et
767 2771 900 2811 ejusdem
914 2773 1044 2813 spiritus
1057 2783 1174 2806 sumus.
1191 2775 1204 2796 ¹ι
1218 2770 1369 2816 dirempta
1384 2777 1482 2809 denuo
1496 2781 1639 2819 copulare
1654 2777 1729 2810 υυιι.
1742 2778 1748 2796 ¹
1762 2770 1863 2819 parui
