1942 3081
216 120 274 156 943

216 191 338 223 obnoxii
348 197 427 231 sunt;
436 202 496 225 non
506 193 586 224 enim
596 193 876 234 judicaturillicitus
887 195 1040 235 hujusmo-
1050 204 1072 221 Δ

218 236 252 268 di
272 241 450 275 contractus,
472 238 550 278 quod
566 238 601 269 ad
624 243 739 270 sextum
763 239 885 278 gradum
912 239 1041 271 externis

219 282 397 322 porrigatur.
411 282 514 323 Neque
527 283 631 314 eadem
647 283 769 314 fratrum
786 284 1041 324 proximitas,quze

219 327 316 365 patrui
343 328 517 358 avunculive
542 337 607 358 cum
634 328 731 359 fratris
756 329 901 359 sororisve
922 329 994 366 filio,
1012 332 1040 358 et

217 371 388 402 consobrini
407 372 594 412 aliorumque
614 377 817 412 cognatorum.
841 373 898 405 Sed
928 384 965 403 ex
981 383 1040 404 uno

215 415 336 456 quidem
352 416 431 447 fonte
448 416 537 456 primi
547 417 690 456 genitoris
708 418 883 458 procedunt,
899 417 1038 458 paulatim

214 465 312 491 autem
337 461 374 491 ab
396 460 522 492 invicem
540 462 727 501 elongantur,
752 462 843 492 veluti
859 462 888 492 in
906 462 1038 493 diversos

213 504 299 536 scissi
327 505 448 536 rivulos.
474 505 526 535 Est
541 510 570 536 et
584 506 642 536 alia
657 506 775 545 species
800 506 984 546 cognationis
1000 515 1037 537 ex

214 549 367 590 afﬁnitate,
384 559 449 590 quae
464 550 605 588 gradibus
635 550 754 590 quidem
779 560 838 581 non
856 551 1037 588 continetur,

214 598 372 634 propterea
389 594 467 634 quod
483 594 571 625 trium
589 603 731 634 generum
741 595 1036 635 habetcomplexum.

213 639 432 670 Prohibitarum
441 643 539 670 autem
554 648 747 678 personarum
760 644 874 670 tantum
888 641 933 670 lex
944 640 1041 671 nomi-

214 683 306 714 natim
317 683 501 714 mentionem
516 683 800 724 faciens,sequentes
816 689 898 715 extra
908 684 1038 724 prohibi-

212 727 323 758 tionem
339 731 368 758 et
381 727 601 758 accusationem
618 728 695 758 sivit.
715 728 831 759 Etenim
844 730 860 760 4
873 739 900 759 c.
917 729 1037 764 5,1it28

212 772 266 803 lib.
282 772 324 803 sic
337 772 377 803 ait
389 772 424 802 ad
441 772 563 803 verbum
578 781 584 803 :
603 771 705 813 Neque
722 782 798 810 eam,
812 782 876 813 quae
892 772 946 803 fuit
966 783 1040 804 uxor

211 817 337 857 privigni
352 817 422 853 mei,
438 816 563 856 accipio,
581 826 678 856 neque
692 826 818 848 noverca
833 817 928 847 virum
940 827 1036 857 quon-

210 861 277 892 dam
295 871 356 892 suae
370 861 510 901 privignae
521 885 529 896 .
542 861 661 902 accipit.
683 861 718 892 Et
733 862 796 892 haec
807 862 927 902 quidem
942 861 1035 893 habe-
1051 878 1068 902 Β

211 907 249 938 de
266 908 440 947 cognatione
463 916 500 938 ex
528 907 690 947 sanguine,
723 912 751 938 et
777 908 941 939 affinitate:
961 912 991 939 et
1006 912 1039 939 ut

209 952 349 992 equidem
365 952 502 983 arbitror.
505 952 589 992 juxta
597 957 730 983 exactam
736 953 814 992 juris
826 952 1014 993 disciplinam
1029 966 1035 988 ;

212 997 345 1038 quamvis
361 996 496 1036 plurimm
510 997 661 1027 canonica;
678 1002 706 1028 et
730 997 832 1027 civiles
851 997 1035 1034 sanctiones,

212 1041 290 1082 quod
306 1041 336 1071 in
354 1041 516 1072 multorum
540 1050 677 1073 versuum
694 1041 805 1081 scripta
819 1041 1037 1082 diffundantur,

210 1086 269 1116 sint
285 1085 502 1125 prastermissaz.
523 1084 607 1121 Quod
622 1090 720 1117 autem
738 1090 767 1117 et
781 1095 876 1125 major
900 1086 1034 1125 cognatio

210 1139 246 1161 ex
268 1130 394 1170 spiritali
418 1131 630 1170 consequentia
655 1140 792 1168 nascens,
808 1131 887 1161 inter
902 1140 958 1162 nos
971 1130 1035 1171 pios

208 1174 387 1212 intercedit,
405 1174 443 1205 de
459 1183 493 1205 ea
509 1175 553 1205 sic
567 1176 729 1205 summarie
745 1175 941 1206 tractandum.

208 1220 257 1253 τῆς
292 1219 454 1259 πολυραφίας
470 1219 643 1259 πολύστιχον⁷
660 1220 880 1260 κατελείφθησαν,
899 1214 963 1248 “Ott
979 1219 1005 1247 δὲ
1020 1222 1064 1248 καὶ

208 1275 309 1292 moueat
324 1263 350 1291 ἒν
366 1265 433 1302 ἡμῖν
447 1271 504 1296 τοῖς
527 1264 642 1292 εὐσεϐέσι
657 1264 813 1302 μεσολαϐεῖ,
830 1265 874 1292 καὶ
889 1265 946 1303 περὶ
961 1265 1058 1298 ταύτης

248 1309 349 1339 Canon
367 1308 405 1339 56
420 1307 522 1347 synodi
546 1308 575 1345 6,
598 1308 636 1338 de
661 1308 833 1348 hujusmodi
858 1309 1034 1348 cognatione

209 1354 273 1384 haec
289 1353 476 1393 promulgat:
495 1352 641 1388 Quoniam
664 1353 804 1393 spiritalis
830 1352 1031 1390 necessitudo,

207 1406 261 1428 seu
275 1397 412 1433 affinitas,
425 1405 584 1436 corporum
596 1397 806 1437 conjunctione
822 1398 916 1436 major
930 1402 988 1427 est:
1003 1397 1034 1427 in

207 1441 357 1472 nonnullis
376 1445 474 1471 autem
489 1441 563 1471 locis
577 1442 767 1481 cognovimus
782 1442 991 1482 quosdam,qui
999 1451 1032 1472 ex

207 1489 310 1516 sancto
327 1489 356 1516 et
375 1485 495 1515 salutari
511 1484 687 1525 baptismate
712 1485 840 1516 infantes
856 1486 1032 1526 suscipiunt,

209 1534 311 1576 postea
323 1539 439 1570 quoque
450 1539 516 1576 cum
533 1529 677 1576 matribus
692 1530 809 1561 illorum
826 1530 922 1576 viduis
934 1531 1033 1561 matri-
1043 1551 1062 1576 ρ

209 1574 341 1604 monium
367 1574 566 1604 contrahere:
587 1574 754 1612 statuimus,
772 1579 803 1605 ut
826 1575 856 1605 in
882 1580 1033 1615 posterum

207 1618 283 1649 nihil
299 1619 348 1649 fiat
363 1618 522 1658 ejusmodi.
537 1618 568 1649 Si
583 1620 631 1658 qui
647 1623 745 1649 autem
761 1629 833 1659 [per
859 1624 1034 1660 praesentem

208 1672 353 1694 canonem
369 1663 425 1693 hoc
440 1663 538 1694 facere
549 1663 730 1703 deprehensi
744 1664 896 1701 fuerint,ii
912 1664 1034 1704 quidem

208 1707 303 1747 primo
317 1707 354 1737 ab
371 1707 428 1738 hoc
443 1707 546 1738 illicito
563 1712 591 1738 et
607 1708 715 1747 injusto
736 1708 1033 1738 matrimonioKdesi-

207 1751 422 1782 stantzdeinde
432 1755 462 1782 et
475 1751 685 1782 fornicatorum
704 1752 797 1792 poenis
822 1752 1030 1792 subjiciantur.

206 1795 278 1827 Cum
295 1796 385 1835 igitur
406 1805 536 1836 praesens
551 1806 646 1827 canon
662 1797 806 1837 majorem
822 1801 904 1827 vocet
919 1796 1033 1835 spirita«

207 1841 266 1871 lem
274 1840 586 1881 cognationem,quam
594 1841 759 1872 carnalem:
774 1851 898 1872 necesse
910 1841 1028 1879 habent,

207 1885 258 1925 qui
274 1895 327 1926 per
342 1895 406 1916 eam
424 1885 554 1916 devincti
565 1887 680 1921 sunt,in
696 1890 738 1916 tot
747 1886 855 1925 gradus
866 1890 1028 1916 venerato

206 1939 274 1960 nem
292 1930 357 1969 ejus
375 1933 404 1960 et
418 1930 509 1960 decus
524 1930 695 1968 observare,
713 1935 783 1970 quot
799 1935 827 1960 et
840 1939 875 1961 ex
889 1929 1030 1968 sanguine

205 1974 399 2013 cognationis.
416 1975 489 2005 Nam
506 1976 578 2012 Deo,
593 1975 698 2014 inquit,
716 1984 768 2015 per
782 1974 1030 2014 baptismainter-

204 2020 449 2055 cedente,eorum
460 2019 567 2051 animae
578 2020 842 2059 conjunguntur,et
855 2029 930 2049 unus
941 2020 1030 2050 homo

205 2066 302 2106 fit,qui
318 2075 353 2096 ex
368 2075 452 2095 sacro
467 2065 793 2106 haptismateinfantem
812 2065 952 2105 suscepit,
971 2066 1028 2096 hu-

201 2110 311 2151 jusque
328 2110 473 2140 natural-is
489 2114 581 2150 pater.
602 2111 686 2141 Unde
701 2114 730 2141 et
744 2114 962 2150 consequenter
975 2119 1028 2140 eo-

205 2163 271 2184 rum
285 2154 385 2194 liberi,
402 2154 508 2185 fratres
523 2154 983 2195 nominantur,quemadmodum
1000 2158 1029 2184 et

905 128 920 158 J
924 127 971 159 US
991 124 1215 160 CANONIGUM

1849 128 1913 160 944
1939 113 1940 123 ‘

1082 197 1162 222 πᾶσιν
1191 194 1345 234 ἰγνώρισαν.
1383 199 1462 227 Θεῖος
1495 196 1545 235 γὰρ
1593 197 1637 224 καὶ
1665 195 1784 235 ἀνεψιὸς,
1822 195 1914 233 τρίτου

1081 237 1154 271 ὄντες
1169 239 1281 277 βαθμοῦ,
1306 240 1362 276 θείᾳ
1382 241 1426 268 καὶ
1459 239 1556 277 ἀνεψιᾷ
1583 240 1610 273 ἒξ
1638 239 1727 279 ἐτέρου
1754 240 1850 278 γένους
1863 239 1912 266 τὸν

1081 284 1160 312 αὐτὸν
1183 283 1309 323 ἐχούσαις
1345 284 1446 322 βαθμὸν
1476 284 1598 323 γαμικῶς
1636 284 1844 321 συναπτόμενοι,
1861 284 1913 311 οὗ·

1081 326 1164 359 δόλως
1193 328 1377 366 ἐπιτιμῶνται,
1407 327 1473 357 Οὐδὲ
1493 329 1542 369 γὰρ
1578 328 1700 367 ἀθέμιτον
1727 330 1758 357 τὸ
1787 332 1912 357 τοιοῦτον

1083 372 1254 412 συνάλλαγμα
1284 373 1409 413 κρίνεται,
1431 374 1468 405 ὡς
1497 380 1538 405 εῖς
1553 373 1628 402 ἕκτον
1643 374 1743 412 βαθμὸν
1769 373 1799 401 ἐκ
1829 376 1912 412 τριῶν

1080 417 1124 445 καὶ
1145 421 1224 456 τριῶν
1255 417 1429 456 ἀναγόμενον,
1453 417 1516 447 Οὒδὲ
1546 419 1626 458 γὰρὴ
1655 418 1722 452 αὐτή
1743 419 1797 446 τῶν
1829 416 1914 445 ἁδελ-

1080 464 1134 500 γῶν
1149 462 1262 500 ἰγγύτης
1277 463 1351 496 καὶὴ
1373 467 1418 491 τοῦ
1449 462 1518 490 θείου
1544 463 1610 502 πρὸς
1631 464 1676 490 τὸν
1711 463 1836 500 ἀνεψιὸν,
1869 463 1916 489 καὶ

1080 507 1097 539 ἠ
1119 511 1164 535 τοῦ
1178 506 1317 546 ἔξαδέλφου
1345 507 1389 534 καὶ
1409 507 1461 534 τῶν
1485 506 1571 535 ἄλλων
1593 509 1726 546 συγγενῶν
1750 514 1757 521 ·
1777 506 1845 546 ἀλλ,
1884 506 1917 534 ἐκ

1080 551 1129 588 μὲν
1143 553 1236 590 πηγῆς
1258 554 1320 588 μιᾶς
1335 556 1382 580 τοῦ
1410 551 1514 591 πρώτου
1542 552 1699 591 γεννήτορος
1737 550 1914 590 ἐξέρχονται,

1080 596 1147 624 κατὰ
1177 596 1270 633 μικρὸν
1305 594 1332 623 δὲ
1361 595 1486 630 ἀλλήλων
1516 596 1701 636 μακρύνουσιν,
1744 596 1840 635 ὥσπερ
1876 597 1915 626 εἰς

1079 639 1217 680 διαφόρους
1265 641 1419 680 σχιζόμενοι
1448 641 1557 679 ῥύακας,
1588 635 1670 669 ’Ἐστι
1713 639 1740 668 δὲ
1769 641 1817 668 καὶ
1847 639 1914 668 me

1079 684 1152 716 εἶδος
1187 685 1337 724 συγγενείας
1367 684 1397 713 ἐκ
1424 685 1589 724 ἀγχιστείας,
1639 684 1702 724 ὅπερ
1724 685 1846 723 βαθμοῖς
1863 685 1913 722 μὲν

1079 728 1198 766 οὐδαμῶς
1212 729 1376 769 περιέχεται,
1403 728 1446 756 διὰ
1471 730 1501 756 τὸ
1530 729 1686 767 συμπλοκὴν
1721 733 1801 769 τριῶν
1836 729 1914 768 ἔχειν

1080 777 1162 813 γενῶν
1181 782 1187 788 ·
1221 773 1410 806 κεκωλυμένων
1447 772 1474 801 δὲ
1499 774 1586 811 μόνων
1628 774 1778 813 προσώπων
1814 773 1912 812 ῥητῶς

1081 820 1094 846 ὁ
1109 819 1189 856 νόμος
1216 819 1351 856 μνησθεὶς,
1379 818 1412 846 τὰ
1442 817 1500 851 ἐξῆς
1527 818 1650 846 ἀκώλυτα
1678 819 1722 847 καὶ
1750 817 1915 857 ἆκέγκλητα

1080 862 1181 894 εἴασεν,
1199 862 1243 891 Ἐν
1264 863 1314 902 γὰρ
1342 865 1380 898 τῷ
1407 861 1432 889 δ’
1458 862 1593 902 κεφαλαίῳ
1619 866 1665 891 τοῦ
1693 858 1717 890 ε’
1746 862 1840 891 τίτλου
1867 867 1916 891 τοῦ

1079 902 1126 941 κη’
1140 906 1240 945 βιϐλίου
1259 907 1338 947 φησὶν
1360 906 1491 939 αὖτολεξεὶ
1518 908 1613 935 οὑτωσί
1629 916 1636 923 '
1667 906 1733 936 Οὐδὲ
1759 908 1810 940 τὴν
1843 907 1913 936 ποτὲ

1079 958 1193 990 γυναῖκα
1221 949 1349 988 λαμϐάνω
1377 955 1424 980 τοῦ
1458 951 1587 991 προγόνου
1622 962 1685 989 μου,
1711 950 1770 979 οὔτε
1799 952 1817 985 ἡ
1850 963 1911 988 μη-

1078 997 1157 1035 τρυιὰ
1184 994 1313 1034 λαμϐάνει
1340 996 1386 1024 τὸν
1415 996 1556 1034 γενόμενον
1585 994 1663 1035 ἄνδρα
1696 996 1744 1029 τῆς
1773 997 1912 1035 προγόντά

1079 1042 1172 1074 αὐτῆς,
1190 1041 1239 1069 Καὶ
1274 1040 1341 1068 οὕτω
1369 1040 1418 1078 μὲν
1443 1040 1542 1080 ἔχομεν
1567 1041 1625 1080 περὶ
1659 1043 1710 1074 τῆς
1738 1040 1764 1073 εξ
1788 1040 1911 1078 αἵματος

1078 1087 1122 1114 καὶ
1149 1084 1304 1125 ἀγχιστείας
1340 1085 1490 1124 συγγενείας
1508 1094 1516 1102 ·
1540 1086 1596 1125 καὶ,
1625 1086 1661 1117 ὼς
1689 1085 1807 1124 ἐγῷμαι,
1838 1085 1911 1125 ἐχο-

1076 1130 1159 1168 μένης
1174 1132 1223 1162 τῆς
1238 1127 1370 1168 ἀκριϐείας
1387 1139 1395 1146 ·
1420 1129 1441 1157 εἷ
1467 1130 1512 1157 καὶ
1538 1129 1572 1157 τὰ
1593 1129 1708 1157 πλεῖστα
1735 1129 1789 1157 τῶν
1819 1141 1911 1158 κανο-

1076 1175 1154 1203 νικών
1169 1175 1213 1202 καὶ
1241 1177 1356 1211 νομικῶν
1391 1174 1575 1211 θεσπισμάτων
1611 1173 1637 1201 ἐν
1667 1175 1781 1210 τούτοις,
1805 1173 1853 1202 διὰ.
1880 1176 1910 1202 το

1092 1219 1188 1256 μείζων
1218 1218 1356 1257 συγγένεια
1378 1218 1404 1246 ἐν
1427 1221 1608 1256 πνευματικῆς
1625 1218 1778 1251 ἀκολουθίας
1802 1219 1908 1247 ἀνακύ-

1074 1265 1163 1304 χρεὼν
1180 1262 1248 1304 οὕτω
1262 1262 1410 1296 διαλαϐεῖν,

1117 1304 1145 1337 (Ο
1161 1302 1216 1344 vg'
1230 1308 1316 1336 κανὼν
1338 1310 1386 1341 τῆς
1402 1302 1444 1344 ς’
1465 1306 1572 1337 συνόδου
1601 1308 1660 1347 περὶ
1690 1310 1736 1341 τῆς
1773 1308 1906 1340 τοιαύτης

1075 1354 1226 1392 συγγενείας
1257 1353 1338 1380 ταῦτα
1373 1351 1518 1392 διαγορεύει
1536 1361 1545 1371 '
1575 1351 1684 1385 Ἐπειδὴ
1713 1353 1812 1389 μείζων
1835 1353 1911 1381 ἐστὶν

1074 1400 1090 1432 ἡ
1105 1398 1174 1426 κατᾶ
1194 1401 1297 1434 πνεῦμα
1327 1398 1457 1430 οἶκειοτης
1487 1399 1535 1431 τῆς
1568 1398 1622 1425 τῶν
1650 1397 1782 1434 σωμάτων
1819 1409 1906 1427 συνα-

1074 1444 1160 1484 φείας,
1177 1442 1294 1481 ἔγνωμεν
1310 1441 1337 1469 δὲ
1360 1442 1386 1469 ἕν
1413 1453 1466 1470 τισι
1491 1442 1582 1473 τόποις
1611 1442 1684 1473 τινὰς
1713 1442 1743 1469 ἐκ
1764 1447 1814 1472 τοῦ
1830 1443 1909 1482 ἁγίου

1074 1489 1118 1516 καὶ
1150 1486 1333 1526 σωτηριώὸους
1363 1487 1545 1524 βαπτίσματος
1593 1485 1690 1518 παῖδας
1726 1486 1905 1526 ἀναδεχομὲ-

1076 1543 1145 1569 νους,
1181 1532 1225 1559 καὶ
1255 1531 1322 1569 μετὰ
1349 1535 1425 1560 τοῦτο
1462 1538 1522 1562 ταῖς
1568 1530 1674 1559 ἐκείνων
1703 1532 1821 1570 μητρᾶσί
1851 1543 1907 1571 χηλ

1075 1577 1209 1616 ρευούσαις
1260 1577 1373 1614 γαμικὸν
1437 1575 1661 1607 συναλλάττοντας
1712 1576 1881 1604 συνοικέσιον
1899 1585 1905 1591 ·

1075 1622 1205 1661 ὁρίζομεν,
1233 1621 1286 1649 ἀπὸ
1314 1624 1360 1649 τοῦ
1405 1621 1535 1660 παρόντος
1577 1620 1660 1658 μηδὲν
1688 1625 1806 1650 τοιοῦτον
1837 1632 1907 1661 πρα-

1075 1667 1185 1706 χθῆναι.
1203 1666 1232 1693 Εἰ
1245 1664 1273 1692 δέ
1297 1676 1365 1697 τινες
1399 1667 1442 1693 καὶ
1470 1666 1538 1703 μετὰ
1569 1666 1613 1693 τὸν
1649 1665 1766 1705 παρόντα
1801 1666 1909 1693 κανόνα
1939 1669 1940 1694 l

1075 1711 1220 1750 φωραθεῖεν
1256 1714 1333 1738 τοῦτο
1373 1713 1522 1747 ποιοῦντες,
1565 1711 1744 1749 πρωτοτύπως
1790 1711 1841 1747 μὲν
1885 1712 1909 1738 οἱ

1073 1760 1186 1785 τοιοῦτοι
1228 1756 1428 1797 ἆφιστάσθωσαν
1477 1761 1523 1786 τοῦ
1573 1757 1690 1785 τοιούτου
1742 1757 1908 1796 παρανόμου

1072 1801 1244 1839 συνοικεσίου,
1275 1800 1365 1829 ἔπειτα
1400 1801 1427 1829 δὲ
1456 1802 1500 1829 καὶ
1540 1808 1599 1834 τοῖς
1638 1804 1691 1829 τῶν
1719 1802 1908 1841 πορνευόντων

1072 1845 1211 1883 ἕπιτιμίοις
1241 1845 1478 1881 ὑποϐληθήτωσαν.
1521 1841 1585 1875 ’Ὁτι
1632 1846 1717 1875 τοίνυν
1765 1848 1779 1875 ὁ
1808 1848 1908 1886 παρὼν

1071 1891 1158 1918 κανὼν
1188 1890 1294 1928 μείζονα
1329 1890 1409 1920 καλεῖ
1439 1891 1489 1924 τὴν
1527 1891 1708 1928 πνευματικὴν
1746 1891 1907 1930 συγγένειαν

1072 1935 1142 1974 παρὰ
1157 1935 1205 1967 τὴν
1231 1935 1370 1975 σαρκικὴν,
1393 1935 1511 1974 ἀνάγκην
1535 1935 1642 1975 ἔχουσιν
1671 1936 1694 1963 οἱ
1728 1934 1771 1966 διὰ.
1797 1936 1905 1969 trum;

1071 1979 1232 2011 συνδεθέντες
1261 1981 1297 2011 εἰς
1340 1980 1480 2012 τοσούτους
1522 1980 1637 2018 βαθμοὺς
1687 1986 1829 2020 συντηρεῖν
1871 1982 1905 2008 τὸ

1071 2024 1168 2056 ταύτης
1197 2023 1343 2062 σεϐάσμιον
1372 2026 1415 2052 καὶ
1443 2025 1584 2064 εὐπρεπὲς,
1621 2025 1659 2057 είς
1691 2023 1767 2056 ὅσους
1796 2025 1843 2053 καὶ
1872 2026 1904 2053 τὸ

1071 2071 1119 2101 τῆς
1132 2068 1157 2101 ἐξ
1173 2069 1287 2106 αἵματος
1301 2069 1464 2108 συγγενείας.
1488 2070 1537 2097 Διὰ
1564 2070 1615 2109 γὰρ
1641 2073 1687 2098 τοῦ
1701 2069 1902 2107 βαπτίσματος,

1071 2117 1145 2150 Θεοῦ,
1169 2114 1245 2153 φησὶ,
1264 2114 1435 2151 μεσάζοντος.
1452 2115 1478 2142 αἱ
1493 2115 1578 2154 ψυχαὶ
1599 2116 1684 2143 αὐτῶν
1709 2114 1902 2155 συνάπτονται,

1069 2158 1164 2189 καὶεῖς
1195 2157 1342 2197 ἄνθρωπος,
1365 2159 1391 2196 ὃ,
1420 2159 1449 2186 τὲ
1477 2159 1508 2186 ἐχ
1541 2163 1588 2187 τοῦ
1610 2159 1684 2197 ἁγίου
1711 2158 1902 2196 βαπτισμῇος

204 2198 260 2236 illi,
272 2203 443 2244 rcompatrcs
463 2209 470 2230 :
487 2199 625 2230 similiter
640 2204 670 2230 et
684 2209 749 2240 quae
774 2209 808 2230 ex
825 2199 871 2230 his
886 2199 989 2244 deince

1129 2201 1212 2230 παῖδα
1227 2201 1378 2244 δεξάμενος,
1393 2204 1437 2231 καὶ
1452 2204 1466 2231 ὁ
1481 2204 1550 2233 κατὰ
1563 2203 1647 2242 σάρκα
1674 2203 1765 2230 τούτου
1794 2204 1900 2244 πατὴρ,

205 2243 410 2283 producuntur
424 2253 558 2284 personae
570 2244 754 2283 cognationis
765 2253 799 2274 ex
814 2243 956 2282 sanguine
967 2253 989 2274 St

1115 2257 1198 2276 ονται.
1230 2241 1312 2275 ιὈθεν
1343 2247 1492 2280 ἀκολούθως
1528 2248 1573 2275 καὶ
1608 2249 1632 2276 οἱ
1659 2247 1760 2275 τούτων
1788 2247 1899 2289 παῖδες,

205 2290 318 2331 tiuntur
333 2288 558 2328 appellationes.

1116 2292 1175 2331 λφοὶ
1209 2291 1392 2329 ὀνομάζονται,
1429 2293 1496 2321 καθα
1520 2293 1565 2321 καὶ
1598 2292 1712 2329 ἐκεῖνοι,
1747 2292 1900 2330 σύντεκνοι,

206 2329 341 2365 Ὡσαύτως
364 2334 405 2361 χοὶ
420 2334 453 2362 τὰ
473 2335 505 2360 iw.
525 2334 625 2361 τούτων
646 2333 815 2372 καταγόμενα
830 2332 922 2372 ἐφεξης
937 2334 1067 2371 πρόσωπα
1095 2329 1144 2367 τάξ
1171 2338 1220 2370 τῆς
1241 2335 1268 2369 ΕΞ
1295 2336 1409 2375 α’ίματος
1430 2337 1580 2377 συγγενείας
1592 2336 1702 2372 κλήσεις
1717 2329 1899 2378 μεταλαγχάέ

205 2389 289 2418 νουσι,
306 2379 348 2405 καὶ
364 2378 426 2405 εἰσὶν
438 2377 543 2410 ἀληθῶς
558 2379 602 2405 καὶ
617 2378 788 2415 ὀνομάζονται
804 2384 952 2416 συγγενεῖς,

243 2423 378 2462 Suntque
404 2431 484 2459 vere,
502 2427 531 2452 et
547 2422 740 2453 nominantur
763 2423 911 2461 cognanti.
929 2423 1029 2453 Sancti

207 2467 287 2497 enim
304 2467 426 2506 spiritus
444 2466 568 2497 uniendi
592 2471 721 2507 potestas
736 2476 840 2497 omnes
861 2466 1030 2498 conciliavit

204 2512 235 2542 in
251 2520 349 2542 veram
365 2511 625 2551 propinquitatem,
641 2521 705 2551 quze
721 2511 921 2542 contractibus
937 2511 1027 2542 illici-

204 2555 241 2586 tis
256 2555 397 2586 confundi
405 2565 463 2586 non
470 2555 794 2596 potestProhibitorius
801 2563 872 2595 ergo
885 2555 1029 2586 terminus

206 2601 236 2631 in
252 2601 355 2641 hac,ut
369 2600 400 2630 in
415 2600 566 2640 sanguinis
578 2600 861 2640 cognatione,usque
879 2600 916 2630 δτι
932 2600 1026 2639 septi~

203 2654 283 2676 mum
310 2644 435 2684 gradum
459 2644 676 2676 observabitur.
702 2643 753 2675 Est
767 2648 796 2675 et
810 2644 866 2675 alia
892 2643 1028 2684 cognatio

1114 2421 1144 2453 Ἠ
1158 2426 1207 2466 γὰρ
1223 2430 1268 2454 τοῦ
1282 2427 1356 2465 ἁγίου
1385 2427 1537 2465 Πνεύματος
1566 2426 1680 2460 ἰνωτικὴ
1708 2425 1818 2464 δύναμις
1861 2428 1899 2460 εἰς

1070 2466 1181 2504 γνησίαν
1203 2467 1334 2505 ἐγγύτητα
1363 2468 1465 2498 πάντας
1493 2467 1669 2506 συνήρμοσεν,
1698 2467 1731 2499 ἣν
1753 2466 1898 2495 συνθολοῦ-

1069 2512 1126 2538 σθαι
1157 2509 1369 2550 συναλλάγμασιν
1397 2511 1523 2550 ἀθέσμοις
1550 2511 1637 2544 πάντη
1659 2510 1796 2543 ἀδύνατον.
1835 2515 1895 2540 [Ια-

1070 2556 1280 2595 ρατηρηθήσεται
1316 2555 1343 2583 δὲ
1371 2555 1398 2584 ἐν
1433 2557 1516 2594 ταύτῃ
1557 2557 1588 2584 τὸ
1637 2555 1783 2585 κωλυτιχὸν
1811 2555 1895 2596 δριον,
1939 2556 1940 2559 “

1068 2601 1136 2628 κατὰ
1151 2599 1249 2641 τὴν
1271 2599 1388 2638 αἵματος
1414 2601 1576 2641 συγγένειαν,
1599 2600 1680 2640 μέχρι
1701 2601 1746 2629 καὶ
1781 2599 1896 2638 ἑϐδόμου

1069 2645 1180 2683 βαθμοῦ.
1214 2639 1295 2674 "iam
1317 2644 1344 2673 δὲ
1373 2646 1417 2674 καὶ
1443 2639 1519 2684 ἑτέρα
1553 2639 1694 2685 away“
1713 2644 1756 2673 διὰ
1783 2645 1893 2683 θέσεως,

873 2723 999 2756 VARIE
1022 2722 1236 2755 LECTLONES.

264 2798 358 2829 latum
375 2797 454 2829 hunc
470 2802 535 2837 post
550 2805 706 2830 canonem.
734 2800 748 2820 π
763 2796 800 2827 ab
815 2796 871 2827 hac
886 2797 1008 2835 nefaria
1022 2795 1253 2830 cohabitatione.
