1942 3081
182 107 237 140 951

180 182 363 214 purpureum
377 182 564 214 nequaquam
580 174 916 215 novit,quandoquidem
941 181 1002 204 sac-
1013 176 1035 201 Α
1045 175 1097 211 ρῶν
1121 180 1128 187 ·

183 227 233 249 cus
249 218 279 248 in
295 218 389 249 tribus
403 218 544 249 duntaxat
566 219 636 250 anni
658 219 827 249 celebribus
844 219 1006 250 Dominicis

179 262 262 293 festis
289 272 375 293 suum
403 262 530 304 przebet,
559 263 700 294 nimirum
720 273 827 303 magno
858 263 1006 294 Paschalis

178 306 347 344 Dominico,
366 308 552 346 Pentecoste,
567 311 596 340 et
610 307 707 339 Natali
726 308 846 339 Christi.
863 308 925 338 Hoc
948 307 1005 347 igi—

181 355 227 382 tur
242 351 312 382 satis
329 351 446 392 plenam
463 352 553 383 ﬁdem
574 352 656 389 facit,
673 362 777 383 saccus
794 357 824 383 ut
838 354 876 382 sit
891 361 1006 392 purpu-

182 405 264 433 reus,
295 405 419 427 necesse
450 406 510 427 non
535 406 600 427 esse
619 408 625 428 :
646 406 712 427 cum
729 397 816 427 etiam
835 397 893 427 sint
909 397 1006 428 luctus

181 439 314 478 insignes
338 449 488 480 purpurea
499 441 670 480 hujusmodi
685 441 870 471 vestimenta.
888 440 920 471 In
937 441 1008 471 solis

184 484 264 515 enim
301 485 409 526 jejunii
445 485 576 523 diebus,
605 488 635 516 et
669 490 853 516 mortuorum
891 495 1009 516 memo-

185 538 239 560 l‘llS
244 552 252 560 .

224 618 440 659 Interrogatio.
458 618 522 655 Quo
536 619 603 658 jure
619 623 784 650 censentur
808 623 979 650 consecrata
993 629 1012 651 a

184 662 296 694 Latinis
324 673 436 704 azyma,
463 664 596 704 profana,
619 673 656 694 an
678 663 804 695 sancta?
819 664 890 694 ltem
907 673 1009 695 eorum

184 707 349 739 ministerio
365 708 525 738 servientia
540 713 652 744 vasa,et
668 708 867 739 sacerdotales
883 709 1009 740 amictus

184 756 213 783 el
227 752 250 783 si
268 752 339 793 quid
354 752 853 792 hujusmodi,etanconsentaneum
864 753 901 783 sit
914 762 1010 784 annu-

185 796 247 827 lum
263 797 299 827 ab
312 797 348 827 iis
363 797 482 835 gestari.

226 841 494 881 Resp.Lanctorum
504 842 623 882 quidem
636 842 836 881 apostolorum
852 843 888 874 7O
899 852 1006 880 canon,
1019 836 1039 861 Β

185 890 214 917 et
224 886 307 924 37,et
317 887 356 917 38
367 886 542 918 Laodicenae
553 887 745 927 synodi,et60
757 887 1008 926 Carthaginensis,

182 940 348 971 azymorum
367 931 782 969 memineruntJudaicorum,
800 938 829 962 et
853 932 880 963 fe
889 932 1007 963 stivua—

185 979 247 1007 tum
258 979 351 1016 k,quaa
361 975 500 1007 ﬁdelibus
518 977 673 1007 mittuntur
688 976 725 1006 ab
741 976 1010 1008 hazreticisEtbzec

184 1029 305 1051 sumere
333 1020 437 1051 ﬁdeles
467 1021 671 1058 dehortantur,
706 1021 852 1061 simulque
882 1031 948 1052 cum
973 1021 1010 1052 iis

184 1064 292 1096 festum
315 1064 477 1096 cetebrare.
495 1065 695 1096 Latinicorum
720 1072 818 1096 autem
843 1076 1009 1106 azymorum

185 1110 285 1140 nullus
299 1119 394 1140 canon
406 1110 542 1141 meminit
551 1111 801 1150 usquam,quippe
815 1111 892 1151 quod
910 1115 1009 1150 poste-

184 1154 246 1185 rius
264 1157 306 1191 (ut
318 1154 473 1194 probabile
489 1155 543 1195 est)
561 1164 664 1185 eorum
678 1164 743 1185 mos
760 1156 899 1185 Romanae
910 1155 1010 1186 Eccle-

186 1199 238 1230 sia:
254 1208 286 1230 se
301 1199 452 1230 luxuriose
478 1198 683 1230 insinuaverit.
700 1199 739 1230 Ex
769 1209 826 1240 quo
851 1209 920 1231 vero
945 1200 1009 1231 talis

186 1253 251 1274 mos
280 1244 413 1281 emersit,
444 1244 529 1275 multi
557 1247 742 1281 nostrorum,
771 1244 878 1274 eximio
903 1245 1009 1275 atl‘cctu

185 1287 345 1325 ducti,suis
359 1287 480 1328 scriptis
496 1297 549 1328 per
566 1297 598 1318 se
613 1288 681 1326 hoc,
695 1292 728 1319 ut
742 1288 884 1325 alienum,
902 1297 1008 1329 repro-

187 1331 342 1363 baverunt.
360 1331 461 1372 Neque
476 1332 507 1363 id
525 1332 626 1372 modo,
642 1332 695 1363 sed
720 1337 749 1363 et
769 1333 846 1372 quod
864 1333 901 1364 de
916 1334 1009 1364 sancti

187 1376 317 1417 Spiritus
331 1376 523 1416 processione
537 1386 554 1407 a
568 1376 680 1408 Latinis
704 1376 838 1413 traditur,
865 1377 1009 1408 absonum

189 1421 476 1461 dissentaneumque
492 1423 574 1451 omni
593 1421 679 1451 modo
688 1423 1011 1461 coargueruntzetmul-

185 1470 231 1497 tas
243 1475 346 1496 eorum
361 1465 434 1496 alias
449 1465 691 1503 consuetudines,
701 1470 731 1496 ut
742 1466 894 1496 catholicae
906 1466 1009 1498 Eccle-

187 1510 239 1541 siae
255 1520 314 1541 non
331 1510 552 1544 convenientes.
570 1510 786 1541 abominandas
801 1515 1012 1551 reputaverunt

1122 1507 1266 1546 νῆλεγξαν,
1298 1509 1346 1538 Καὶ
1373 1509 1459 1537 mne
1487 1508 1513 1537 δὲ
1537 1509 1612 1548 ἔτερα
1649 1509 1694 1541 ἔθη
1708 1509 1821 1543 τούτων,
1840 1507 1883 1538 ὤς

185 1558 214 1586 et
224 1554 549 1595 rejecerunt.Nonnulli
562 1559 660 1585 tamen
677 1554 832 1593 benignius
848 1564 911 1585 rem
927 1556 1009 1586 exci—

183 1600 300 1640 pientes
316 1599 417 1640 l,quod
427 1599 462 1630 ad
479 1599 536 1630 alia
551 1599 719 1640 quidem,in
736 1599 872 1630 eamdem
889 1609 955 1630 cum
973 1601 1010 1632 iis

186 1644 366 1674 sententiam
392 1643 624 1682 descenderunt,
642 1644 781 1675 duritiem
796 1649 825 1675 et
839 1645 1010 1685 superbiam

184 1691 398 1728 cognoscentes
404 1688 577 1727 nationis,et
587 1689 771 1730 frequentem
785 1689 1008 1720 barbaricorum

184 1742 301 1764 morum
317 1733 540 1774 contagionem.
564 1733 597 1764 In
622 1734 684 1765 solo
702 1738 802 1765 autem
833 1733 956 1765 articulo
972 1734 1009 1765 de

183 1778 279 1809 sancti
289 1778 418 1819 Spiritus
434 1779 625 1819 processione
640 1788 827 1820 nequaquam
840 1778 1010 1820 adstipulati

182 1827 262 1861 sunt,
280 1827 331 1854 aut
344 1827 572 1854 consenserunt.
589 1823 719 1860 Quorum
736 1833 812 1854 unus
834 1828 878 1854 est
905 1828 935 1854 et
959 1833 1008 1855 sa-

182 1867 386 1908 pientissimus
406 1867 551 1907 Bulgaria;
565 1868 668 1899 beatus
692 1867 941 1908 Theophylactus,
959 1868 1009 1908 qui

182 1912 213 1943 in
230 1913 363 1944 oratione
376 1922 393 1943 a
407 1921 440 1943 se
453 1913 544 1943 missa
567 1912 603 1943 ad
628 1912 781 1943 Nicolaum
811 1912 967 1943 diaconum
983 1918 1013 1944 et

183 1957 384 1998 Castrensem,
401 1957 452 1997 qui
475 1961 578 1997 postea
593 1957 648 1988 fuit
663 1957 818 1989 Melesoba:
841 1956 1009 1997 episcopus,

186 2005 340 2042 postquam
352 2010 403 2032 eos
413 2001 674 2042 reprehendit,qui
685 2001 855 2032 indistincte
865 2000 906 2031 eis
915 2001 1012 2031 adhae-

182 2051 258 2084 rent,
277 2051 424 2078 eteorum
454 2055 536 2078 sacra
556 2047 678 2078 omnino
694 2046 880 2086 rejiciuntm:
900 2050 928 2076 et
945 2051 1011 2086 post

183 2091 439 2123 enumerationem
450 2091 655 2132 apparentium
672 2091 834 2127 defectum,
852 2090 1008 2131 persequi-

183 2140 231 2167 tur
245 2140 276 2167 et
289 2136 353 2167 haec
379 2136 410 2166 in
435 2136 514 2166 hunc
538 2136 754 2176 moduszgo
781 2140 878 2166 autcm
902 2136 1008 2165 horum

182 2180 240 2212 alia
246 2181 366 2221 quidem
373 2180 454 2211 nulla
463 2180 720 2212 animadversione
727 2180 864 2220 indigere
870 2179 1007 2217 arbitror,

181 2225 240 2256 alia
249 2229 349 2256 autem
360 2225 516 2261 mediocri,
529 2229 558 2256 et
566 2235 631 2266 quae
644 2225 746 2266 possit,
765 2224 790 2255 si
806 2224 925 2264 quidem
939 2233 1009 2264 per-

182 2270 288 2302 fecerit
303 2269 463 2310 quispiam,
481 2279 585 2310 parum
598 2269 739 2301 Ecclesiae
749 2269 926 2308 indulgeren
942 2277 948 2299 ξ
963 2268 1010 2299 sin

182 2315 292 2355 minus,
303 2323 400 2355 neque
416 2314 556 2345 damnum
572 2315 690 2353 aﬂ‘erre,
709 2313 787 2355 quod
804 2313 1009 2353 imperfectum

180 2360 334 2392 remansit.
352 2358 435 2395 Quod
448 2362 546 2391 autem
563 2360 692 2391 maxime
708 2359 781 2390 mihi
796 2358 914 2388 videtur
925 2357 1009 2390 Lati-

181 2414 288 2436 norum
306 2403 478 2435 societatem
493 2404 570 2435 bene
579 2404 778 2436 senttentibus
795 2401 1008 2434 exsecrandam

178 2449 321 2490 reddere,
334 2452 363 2479 et
378 2448 456 2489 quod
471 2457 531 2479 non
548 2449 750 2486 emendatum,
762 2456 900 2488 magnum
910 2445 1010 2477 conci-

178 2494 250 2526 liato
262 2493 403 2525 damnum
429 2493 482 2524 ﬁlii
507 2493 682 2532 haereditati,
708 2502 794 2534 quam
819 2492 849 2523 in
865 2490 1004 2531 gentibus

177 2539 293 2580 aecepit
308 2547 315 2570 :
333 2538 389 2569 hoc
404 2536 458 2568 tibi
469 2537 668 2575 ostendam,et
682 2536 1002 2576 demonstrabo,quan-

894 106 960 138 JUS
980 105 1202 139 GANONIGUM

1817 101 1894 136 952

1153 173 1256 201 Σάκκον
1298 173 1324 201 δὲ
1359 178 1506 214 πορφυροῦν
1535 172 1650 204 οὒόόλως
1675 171 1863 211 ἐπιγινώσκει
1886 177 1893 184 ·

1047 216 1138 250 ἐπειδὴ
1154 218 1168 245 ὁ
1183 217 1280 249 σάκκος
1298 217 1323 246 ὲν
1345 219 1414 258 τρισί
1446 218 1538 256 μόναις
1560 221 1606 246 τοῦ
1632 217 1707 249 ἔτους
1736 216 1897 254 λαμπρατς

1050 266 1226 294 Δεσποτικαϊς
1255 263 1360 301 ἑορταῖς
1399 262 1450 296 τὴν
1486 263 1579 291 ἑαυτοῦ
1607 264 1705 302 χρῆσιν
1736 260 1867 300 παρέχει
1888 267 1895 273 ·

1048 305 1128 344 ἤγουν
1163 305 1190 333 ὲν
1219 309 1252 345 τῇ
1280 307 1395 345 μεγάλῇ,
1428 311 1474 335 τοῦ
1500 307 1594 347 πάσχα
1624 309 1754 346 κυριακῇ,
1785 304 1819 332 ὲν
1856 306 1897 340 τῇ

1048 353 1234 388 Πεντηκοστῇ,
1250 352 1306 379 καὶ.
1321 351 1348 378 ὲν
1369 355 1403 389 τῇ
1431 352 1552 390 γεννήσει
1580 356 1626 380 τοῦ
1663 353 1788 390 Χριστοῦ.
1810 349 1897 376 Αὒτὶ)

1049 398 1109 433 γοῦν
1125 395 1201 423 τοῦτο
1237 395 1417 436 πληροφορετν
1445 395 1550 436 ἱξαρκεῖ
1577 397 1612 428 ὡς
1633 397 1664 425 οὒ
1691 395 1781 435 χρεὼν
1805 392 1897 421 εἶναι

1051 438 1147 468 σάκκον
1183 440 1339 479 πορφύρεον.
1372 441 1420 469 Καὶ
1449 439 1505 478 ἅμα
1547 439 1587 468 ὅτι
1618 440 1726 471 πένθους
1767 438 1822 466 εἷσί
1859 437 1899 464 τὰ

1050 486 1168 523 πορρυρᾶ
1203 488 1309 512 τοιαῦτα
1329 484 1476 524 ἐσθήματα,
1514 485 1675 524 σήμαντρον,
1706 482 1751 511 Ἐν
1781 482 1898 520 μόναις

1050 527 1100 566 γὰρ
1129 527 1266 566 νηστίμοις
1295 528 1420 569 ἡμέραις,
1442 529 1487 556 καὶ
1518 528 1545 556 ἐν
1581 528 1760 566 μνημοσύνοις
1796 525 1900 554 ἀπελ-

1049 570 1159 602 θόντων.

1092 615 1250 655 Ἐρώτησις.
1267 621 1328 650 Πῶς
1358 617 1504 658 λογίζονται
1519 619 1552 646 τὰ
1579 617 1650 656 παρὰ
1678 620 1729 645 τῶν
1760 615 1898 643 Λατίνων

1051 662 1252 700 ίερουργούμενα
1282 662 1379 700 ἄζυμα,
1409 664 1495 700 κοινὰ,
1532 663 1550 697 ἢ
1581 663 1643 701 ἅγιαι
1672 661 1800 692 ὡσαύτως
1846 660 1899 687 καὶ

1051 705 1083 732 τὰ
1097 706 1294 745 ὑπουργούμενοι
1323 707 1415 739 αὒτοτς
1450 708 1543 747 σκεύη,
1573 708 1617 734 καὶ
1643 706 1762 745 ἱερατικὰ
1778 703 1895 743 ἄμφω,

1051 750 1094 777 καὶ
1110 750 1135 777 εἴ
1150 762 1174 778 τι
1199 755 1317 779 τοιοῦτον
1334 760 1341 767 ·
1371 753 1414 780 καὶ
1446 753 1468 780 εἰ
1494 751 1604 790 ἕλλογόν
1628 751 1682 779 ἔστι
1710 750 1740 778 τὸ
1769 750 1898 779 τούτους

1051 793 1278 835 δακτυλιοφορετν.

1092 837 1153 868 Ἀπ.
1183 839 1212 868 Ὀ
1235 841 1283 878 μὲν
1310 842 1324 869 ὁ
1353 844 1406 869 τῶν
1435 841 1516 880 ἁγίων
1538 840 1693 869 ἀποστόλων
1729 839 1821 866 κανὼν
1840 840 1895 880 καί

1051 878 1204 919 ὁλξκαὶὸ
1228 881 1274 918 ληΙ
1309 888 1357 919 τῆς
1387 886 1414 914 ἐν
1445 877 1583 921 Ᾰαοδικείᾳ
1611 884 1728 923 συνόδου,
1758 883 1804 912 καὶ
1822 884 1839 911 ὁ
1867 877 1896 915 ξ’

1050 931 1099 961 τῆς
1127 929 1154 955 ἓν
1183 929 1345 968 Καρθαγὲνῃ,
1388 930 1494 968 ἀζύμων
1542 930 1673 967 μέμνηναι
1715 931 1768 956 τῶν
1806 926 1894 956 ’ῐουο

1046 971 1150 1000 ama.»
1181 974 1224 1001 καὶ
1259 974 1446 1014 ὲορταστικῶν,
1469 975 1649 1012 πεμπομένων
1670 979 1729 1005 τοῖς
1764 978 1891 1002 πιστοῖς

1051 1017 1121 1056 παρὰ
1135 1021 1188 1045 τῶν
1204 1020 1340 1057 ιῖρετικιῦν
1358 1027 1364 1034 '
1395 1021 1438 1047 καὶ
1473 1020 1650 1059 ἀποτρέπουσι
1680 1019 1724 1046 καὶ
1744 1018 1776 1045 τὶ
1805 1016 1893 1053 λιμ-

1051 1059 1136 1089 ϐἀνειν
1175 1067 1267 1100 ταῦτα,
1315 1064 1359 1091 καὶ
1402 1065 1432 1092 τὸ
1480 1064 1658 1102 συνεορτάζειν
1695 1064 1788 1093 αὐτοῖς
1818 1061 1894 1092 τοὺς

1051 1106 1169 1137 πιστούς.
1188 1110 1336 1135 Λατινικῶν
1349 1107 1376 1136 δὲ
1399 1108 1505 1146 ἀζύμων
1534 1107 1617 1139 αὒδεὶς
1659 1106 1773 1144 οὖδαμοῦ
1790 1106 1892 1133 κανὼν

1051 1150 1183 1187 μέμνηται
1201 1154 1268 1180 ⁶οἷα
1295 1152 1414 1192 ὕστερον,
1442 1154 1478 1185 ὡς
1506 1153 1586 1190 ἔοικε,
1622 1155 1667 1180 τοῦ
1693 1154 1746 1179 τῶν
1769 1151 1888 1187 ἀζύμων

1051 1193 1122 1226 ἔθους
1152 1194 1178 1223 ἔν
1205 1199 1238 1234 τῇ
1265 1198 1317 1224 τῶν
1347 1192 1481 1234 Ῥωμαίων
1522 1196 1668 1232 Ἐκκλησία
1701 1195 1887 1232 ἐπεισκωμά-

1051 1249 1156 1270 σαντος.
1185 1239 1227 1273 Ἐξ
1255 1241 1284 1268 οὖ
1313 1241 1400 1278 μέντοι
1448 1243 1478 1269 τὸ
1520 1245 1636 1270 τοιοῦτον
1663 1239 1718 1272 ἔθος
1748 1239 1886 1276 ἀνέκυψε)

1050 1283 1145 1312 πολλοὶ
1171 1287 1223 1312 τῶν
1258 1285 1405 1325 ἡμετέρων,
1443 1286 1510 1314 κατᾶ
1555 1285 1635 1321 ζῆλον
1663 1283 1885 1322 ὑπερϐάλλοντα,

1051 1329 1253 1367 συγγράμμασιν
1281 1329 1352 1362 ἰδίοις
1381 1329 1438 1359 καθ’
1468 1331 1573 1363 ἑαυτοὺς
1599 1331 1635 1361 ὡς
1658 1328 1768 1369 ἕκιρυλον
1799 1332 1886 1356 τοῦτο

1052 1372 1275 1412 ἀπεσκοράκισαν.
1292 1376 1327 1403 Οὐ
1343 1375 1424 1412 μόνον
1440 1374 1488 1412 βὲ,
1514 1375 1582 1403 ἀλλὰ
1610 1376 1652 1403 καὶ
1687 1375 1717 1402 τὸ
1746 1374 1807 1412 περὶ
1829 1376 1885 1405 τῆς

1052 1417 1230 1457 ἐκπορεύσεως
1259 1424 1304 1448 τοῦ
1333 1420 1407 1459 ἁγίου
1448 1421 1596 1458 Πνεύματος
1646 1426 1704 1450 τοῖς
1755 1418 1886 1447 Λατίνοις

1052 1461 1285 1504 δογματιζόμενον,
1317 1463 1415 1500 ἀπᾷδον
1468 1465 1508 1493 ἐαὶ
1561 1465 1728 1504 ἀπεμιραῖνον
1770 1463 1883 1491 παντά-

1851 1506 1865 1516 ιι

1051 1555 1085 1589 τῇ
1110 1552 1238 1591 καθολικῇ
1267 1553 1413 1590 Ἐκκλησίᾳ
1440 1554 1478 1591 μὴ
1514 1553 1715 1589 ἀκολουθοῦντα,
1745 1551 1884 1590 βδελυκτᾶ

1051 1595 1214 1635 ἐλογίσαντο,
1244 1599 1288 1625 καὶ
1316 1598 1467 1629 ἀπώσαντο,
1493 1594 1582 1627 ⁷Ἐνιοι
1612 1598 1700 1636 μέντοι
1729 1596 1886 1637 ιριλανθρω-

1051 1641 1162 1680 πότερον
1191 1646 1228 1679 τῷ
1259 1643 1392 1681 πράγματι
1428 1644 1608 1683 χρησάμενοι,
1661 1643 1703 1670 ἐπὶ
1738 1642 1787 1679 μὲν
1818 1648 1885 1672 τοῖς

1052 1684 1144 1718 ἄλλοτε,
1169 1685 1367 1725 συγκατέϐησαν
1396 1688 1500 1728 αὐτοῖς,
1527 1689 1557 1715 τὸ
1585 1691 1632 1715 τοῦ
1666 1686 1754 1718 ἔθνους
1777 1685 1884 1717 εἰδότες

1050 1729 1164 1768 σκληρὸν
1182 1731 1225 1758 καὶ
1246 1731 1398 1771 ἀγέρωχον,
1421 1733 1464 1760 καὶ
1499 1731 1668 1771 βαρϐαρικοῖς
1694 1731 1731 1763 ὡς
1753 1729 1886 1759 ταπολλα

1050 1776 1330 1814 συναναχρωννύμενον
1367 1776 1467 1813 ἤθεσιν,
1496 1777 1538 1804 ἐπὶ
1571 1777 1645 1814 μόνῳ
1678 1775 1705 1803 δὲ
1739 1779 1779 1812 τῷ
1817 1777 1884 1815 περὶ

1050 1821 1098 1852 τῆς
1134 1819 1180 1848 τοῦ
1215 1821 1289 1859 ἁγίου
1325 1822 1475 1858 Πνεύματος
1516 1821 1694 1860 ἐκπορεύσεως
1753 1819 1883 1857 οὐδαμῶς

1053 1865 1294 1904 συγκεχωρήκεσαν
1319 1867 1362 1894 καὶ
1390 1867 1546 1904 συνῄνεσαν.
1570 1863 1617 1893 Ὧν
1656 1867 1697 1897 εἷς
1724 1866 1780 1892 ἔστι
1795 1866 1843 1893 καὶ
1868 1866 1882 1892 ὁ

1053 1909 1204 1948 σοφώτατος
1228 1909 1389 1949 Κουλγαρίας
1418 1912 1431 1938 ὁ
1467 1911 1628 1950 μακαριστὸς
1659 1909 1848 1950 Θεοφύλαιιτος
1869 1919 1875 1925 ·

1053 1953 1081 1984 ὃς
1103 1953 1129 1981 ἐν
1144 1956 1182 1990 τῷ
1196 1954 1260 1991 πρὸς
1291 1954 1420 1983 Νικόλαον
1455 1954 1585 1991 διάκονον,
1616 1955 1659 1983 καὶ
1689 1954 1878 1993 Κανατρίσὶον,

1052 1999 1096 2026 τὸν
1125 1998 1230 2038 ὕστερον
1259 2000 1402 2029 ἐπίσκοπον
1430 1999 1594 2036 Μελεσόϐης,
1638 1999 1781 2040 πεμφθέντι
1810 1999 1878 2039 παρ’

1051 2044 1129 2072 αὐτοῦ
1150 2043 1232 2083 λόγῳ,
1270 2045 1336 2082 μετᾶ
1371 2047 1401 2073 τὸ
1429 2044 1582 2082 μέμψασθαι
1630 2051 1689 2075 τοῖς
1717 2043 1878 2083 ἀδιακρίτως

1051 2088 1272 2127 προσφερομένοις
1288 2088 1391 2128 αὐτοῖς,
1413 2090 1458 2117 καὶ
1478 2090 1510 2117 τὰ
1535 2090 1618 2117 α’ἷιτῶν
1646 2087 1878 2125 ἆποϐαλλομένοις

1052 2131 1162 2160 καθόλου
1179 2142 1186 2148 ·
1204 2133 1246 2160 καὶ
1268 2134 1335 2169 μετὰ
1362 2134 1410 2167 τὴν
1441 2134 1618 2173 ἀπαριθμησιν
1647 2136 1698 2160 τῶν
1727 2131 1877 2161 δοκούντων

1051 2175 1246 2214 ἐλαττωμάτων
1270 2179 1367 2215 αὐτῶν,
1397 2179 1440 2206 καὶ
1461 2182 1543 2206 ταῦτα
1564 2177 1632 2206 οὕτω
1652 2176 1769 2210 διέξεισιν
1786 2186 1794 2193 ·
1812 2179 1876 2216 Εγὼ

1051 2219 1078 2248 δὲ
1099 2222 1143 2248 καὶ
1171 2222 1268 2249 τούτων
1297 2223 1329 2250 τὰ
1355 2223 1402 2260 μὲν
1424 2221 1545 2260 οὐδεμιᾶς
1582 2222 1742 2261 ἐπιστροφῆς
1769 2221 1874 2250 δεῖσθαι

1051 2265 1158 2301 νομίζω,
1189 2266 1221 2294 τὰ
1245 2265 1284 2304 δὲ,
1316 2268 1433 2306 μετρίας,
1471 2268 1514 2295 καὶ
1541 2267 1612 2306 οἵας,
1639 2267 1661 2295 εἰ
1690 2267 1738 2304 μὲν
1770 2266 1875 2295 ἆνύσειέ

1051 2321 1100 2345 τις,
1120 2311 1199 2350 μικρὰ
1214 2313 1247 2348 τῇ
1261 2310 1408 2348 Ἐκκλησία
1422 2313 1573 2351 χαρίζεσθαι
1590 2320 1598 2327 ⁸
1622 2312 1643 2339 εἰ
1673 2310 1708 2356 8’"
1725 2311 1780 2350 οὖν,
1802 2310 1874 2339 ἀλλὰ

1052 2353 1119 2392 μηδὲ
1133 2355 1229 2392 ζημίαν
1253 2366 1283 2394 γε
1305 2355 1401 2384 τιθέναι
1430 2357 1460 2384 τὸ
1480 2355 1661 2388 ἀνεξάνοστον.
1697 2353 1728 2384 ﬁt)
1758 2354 1876 2392 μάλιστά

1050 2411 1094 2437 μοι
1117 2398 1144 2427 δὲ
1174 2398 1248 2427 δοκεῖ
1283 2400 1328 2428 τὸν
1358 2401 1423 2439 πρὸς
1453 2400 1578 2432 Λατίνους
1606 2399 1744 2428 κοινωνίαν
1771 2407 1831 2431 τοῖς
1847 2400 1875 2427 εὖ

1048 2448 1169 2484 φρονοῦσι
1185 2451 1273 2472 ποιεῖν
1288 2444 1440 2482 ἀπώμοτον,
1464 2445 1507 2473 καὶ
1539 2445 1553 2472 ὃ
1582 2446 1621 2482 μὴ
1655 2444 1877 2483 κατορθούμενον,

1049 2489 1171 2528 μεγάλην
1187 2488 1307 2528 προξενεῖ
1327 2489 1377 2522 τὴν
1413 2490 1509 2527 ζημίαν
1538 2492 1573 2528 τῇ
1593 2493 1638 2517 τοῦ
1659 2490 1714 2517 υἱοῦ
1741 2487 1876 2527 κληρονο-

1044 2534 1103 2572 μίᾳ,
1126 2534 1159 2567 ἢν
1175 2533 1202 2561 ἐν
1224 2540 1282 2566 τοῖς
1299 2533 1396 2562 ἔθνεσιν
1427 2533 1515 2563 ἔλαϐε.
1554 2534 1639 2564 Τοῦτό
1667 2544 1708 2560 σοι
1741 2533 1786 2561 καὶ
1801 2532 1876 2565 δείξω

176 2588 239 2616 tum
250 2571 286 2615 in
301 2591 350 2614 me
364 2581 431 2614 erit.
448 2582 489 2614 Et
507 2583 601 2623 paulo
623 2571 690 2624 post
706 2592 717 2613 :
731 2583 784 2614 Est
801 2582 890 2622 igitur
898 2571 1002 2612 [maxi-

1122 2576 1247 2617 ῖιελέγξω,
1263 2578 1373 2606 καθόσον
1385 2578 1482 2608 ἔνεστι.
1499 2579 1547 2607 Καὶ
1570 2578 1638 2616 μετά
1665 2588 1724 2606 τινα
1740 2585 1747 2592 ·
1774 2571 1871 2606 "Enn:

840 2665 971 2698 VARIIE
992 2661 1212 2696 LECTIONES.

207 2736 220 2782 ξ
248 2743 289 2767 an
303 2734 442 2782 aliquam
457 2737 609 2768 rationem
623 2734 741 2772 habeat,
759 2733 836 2774 quod
853 2732 1011 2782 annalem:
1028 2734 1156 2782 gestant.
1169 2728 1187 2776 ,κ
1201 2733 1228 2782 at
1249 2729 1437 2782 festiqua‘m.
1457 2729 1463 2750 ¹
1479 2739 1542 2762 rem
1574 2730 1723 2771 aggressi.
1742 2738 1765 2753 ιιι
1795 2731 1862 2762 sine

162 2775 280 2817 judicio
294 2775 334 2807 ad
349 2770 418 2807 illo:
432 2777 589 2818 accedunt,
605 2779 633 2808 et
647 2784 705 2807 sua
718 2770 844 2816 prorsus
858 2773 1018 2813 abjiciuni.
1030 2770 1048 2799 ἰι
1064 2770 1185 2811 largiri.
1202 2774 1214 2787 °
1230 2770 1416 2803 conciliabit.
