1942 3081
229 114 288 148 939

231 182 281 222 qui
296 193 330 214 ex
353 183 390 214 iis
410 188 570 216 nascuntur
595 190 732 226 nepotes,
757 190 1006 227 pronepotesque,
1022 189 1082 216 etA

229 228 404 268 abnepotes.
422 229 476 266 Qui
493 235 591 261 autem
607 235 675 261 sunt
695 241 729 262 ex
759 236 937 268 transverso,
956 230 1052 270 patrui

230 273 274 303 vel
300 274 460 311 avunculi,
492 275 545 305 ﬁlii
569 276 690 306 fratrum
721 284 915 311 sororumve,
943 283 1051 306 conso-

229 317 320 355 brini,
338 323 366 348 et
378 319 488 350 caeteri.
504 320 739 351 Ascendentium
764 320 865 360 igitur,
882 324 910 351 et
923 319 1051 350 descen-

231 361 425 403 dentium,ad
442 363 609 404 nuptiarum
635 365 807 396 societatem
837 364 1006 404 conjunctio
1021 364 1050 394 in

230 407 378 438 inﬁnitum
391 407 456 447 lege
471 407 655 447 prohibetur.
674 409 754 440 Patri
768 409 847 440 enim
864 409 908 439 vel
924 418 987 446 avo,
1007 408 1052 439 vel

231 461 350 492 proavo,
375 457 426 483 aut
451 453 538 483 matri
562 453 605 484 vel
621 454 702 490 aviae,
721 454 765 485 vel
781 454 918 496 proaviw,
935 453 1053 493 nuptias

232 504 299 526 cum
315 496 376 527 filio
389 497 433 527 vel
450 501 558 537 nepote
569 503 769 539 pronepoteve
785 499 865 529 nullo
877 497 964 528 modo
978 507 1052 528 con—

233 540 352 571 trahere
376 541 455 572 licet.
483 541 544 572 Nec
572 551 675 573 rursus
699 543 790 580 ﬁlius,
806 543 850 574 vel
873 551 978 582 nepos,
1005 546 1054 572 aut

233 594 394 625 pronepos,
421 588 495 626 patri
522 587 567 617 vel
594 588 691 624 matri,
714 593 763 619 aut
778 597 831 618 avo
846 587 890 618 vel
907 587 988 624 aviae,
1005 590 1055 616 aut

233 638 340 668 proavo
348 630 392 660 vel
402 631 527 669 proavize
538 631 819 671 conjungitur.0rdo
826 636 924 662 autem
936 640 1051 666 eorum,

232 673 283 713 qui
298 678 366 704 sunt
376 683 409 704 ex
423 677 637 716 transverso,ad
648 677 807 716 septimum
821 686 918 716 usque
930 676 1052 715 gradum

232 718 463 756 prohibitionem
490 720 613 761 habens,
631 722 737 752 exinde
757 721 899 761 conjungi
925 720 1053 751 volenti—

232 761 288 793 bus
304 763 529 803 permissionem
546 774 562 795 a
578 765 642 805 lege
658 766 747 796 sumit
761 770 790 796 et
801 765 1054 796 libertatem.Por-

231 816 265 837 ro
293 809 401 846 gradus
425 810 605 848 acognatica
629 810 721 850 stirpe
744 810 860 841 initium
891 813 1051 849 sumentes,

231 852 304 882 dicti
318 857 386 883 sunt
410 853 446 883 ad
476 854 701 885 similitudinem
727 855 871 894 graduum
894 854 1050 885 scalarum.

233 897 304 928 Nam
317 898 567 937 quemadmodum
583 899 691 937 gradus
707 900 744 930 de
756 900 842 939 plano
866 899 982 929 initium
999 908 1050 929 su-

233 946 360 979 mentes,
377 945 406 972 et
419 942 455 972 ad
473 942 614 973 ulteriora
631 944 867 983 progredientes,
894 952 1051 974 ascensum

234 990 263 1017 et
278 986 453 1016 descensum
466 988 626 1017 terminant
642 997 647 1018 :
662 988 703 1019 sic
720 992 749 1019 et
764 988 794 1018 hi
807 989 967 1028 gradus,ut
977 987 1052 1018 rami

233 1030 353 1070 quidam
365 1031 452 1061 simul
468 1031 529 1061 nati
542 1041 559 1062 a
571 1032 671 1063 radice
687 1033 772 1073 primi
790 1033 897 1071 genito:
907 1033 932 1063 is
947 1041 1051 1073 proce-

233 1075 348 1113 dentes,
365 1076 570 1114 cognationem
587 1078 753 1116 perﬁciunt.
773 1077 901 1117 Singulae
916 1087 985 1116 ergo
1000 1086 1054 1115 ge-

233 1120 403 1150 nerationes
428 1129 518 1150 unum
545 1122 667 1160 gradum
693 1123 904 1159 faciunt,Pater
918 1122 1007 1162 igitur
1017 1121 1054 1152 ad

235 1164 328 1194 ﬁlium
345 1165 424 1195 nullo
446 1165 534 1195 modo
550 1169 698 1205 gradatur,
713 1171 869 1207 propterea
884 1168 960 1208 quod
972 1166 1055 1197 radix

235 1209 324 1247 hujus
339 1213 384 1239 est
400 1213 428 1239 et
442 1209 773 1252 principium,unusque
788 1212 1054 1251 gradusﬁliuswm

234 1257 318 1293 patre
334 1263 400 1284 esse
415 1258 565 1285 censetur.
583 1255 645 1286 Duo
661 1261 758 1287 autem
776 1257 920 1295 germani,
936 1257 1004 1296 quia
1020 1266 1053 1286 ex

233 1297 348 1328 duabus
360 1298 930 1341 progrediunturgenerationibus,duos
939 1310 1055 1341 quoque

233 1342 342 1381 gradus
353 1342 474 1373 faciunt.
487 1342 616 1384 Quaeque
630 1345 708 1376 ehim
725 1348 876 1384 generatio
898 1346 1054 1385 (quemad-

235 1387 356 1416 modum
377 1386 517 1427 diximus}
544 1389 669 1426 gradum
688 1400 778 1420 unum
808 1391 886 1420 facit.
906 1391 1055 1421 Patrueles

234 1440 303 1461 vero
320 1435 348 1461 et
363 1431 545 1473 consobrini,
558 1434 654 1473 quarti
670 1439 737 1465 sunt
752 1435 873 1474 gradus,
882 1439 910 1465 et
921 1435 1058 1466 similiter

235 1474 348 1506 sobrini
359 1475 463 1521 eadem
477 1477 592 1521 ratione
604 1480 808 1520 servata,sexti
819 1479 927 1519 gradus
940 1489 1056 1510 connu-
1067 1496 1087 1521 c

235 1524 398 1550 merantur.
422 1519 594 1562 Eodemque
621 1523 710 1554 modo
732 1524 837 1563 octavi,
867 1524 1056 1554 sobrinarum

235 1564 299 1595 ﬁlii.
316 1563 395 1594 Talis
410 1564 502 1603 igitur
519 1568 653 1606 cognatio
679 1572 798 1598 vocatur
826 1577 860 1598 ex
887 1569 1031 1607 sanguine
1048 1578 1054 1599 :

235 1609 305 1639 hinc
322 1612 350 1638 et
365 1609 574 1648 prohibitionis
583 1612 742 1642 terminum
750 1612 784 1642 ad
795 1612 953 1652 septimum
965 1623 1057 1653 usque

235 1653 357 1693 gradum
378 1654 480 1684 sortita
496 1659 551 1694 est,
570 1660 601 1685 ut
612 1656 761 1687 studiosus
777 1657 892 1687 discere
910 1662 1006 1697 potest
1023 1668 1058 1688 ex

235 1700 331 1736 legum
345 1698 546 1728 voluminibus
569 1704 598 1730 et
623 1701 818 1739 synodalibus
832 1702 1053 1732 constitutioni-

236 1742 301 1773 bus.
320 1744 374 1772 Lex
387 1742 465 1772 enim
482 1744 500 1773 5
512 1743 594 1774 titulo
614 1744 652 1774 28
667 1745 735 1776 libr.
752 1746 817 1776 bsic
836 1746 875 1775 ait
895 1755 901 1775 :
916 1746 995 1777 Inter
1008 1756 1056 1778 eas

236 1796 388 1827 personas,
408 1796 474 1826 quze
489 1788 696 1826 sunlalatere,
713 1794 756 1819 est
771 1791 903 1829 quaedam
921 1792 1056 1830 prohibi-

235 1831 364 1862 tio.Nam
388 1830 487 1860 fratris
511 1832 555 1861 vel
578 1834 690 1863 sororis
706 1834 794 1864 filiam
811 1844 931 1865 uxorem
949 1836 1058 1867 ducere

236 1885 295 1907 non
312 1875 390 1914 licet,
416 1884 471 1906 nec
493 1885 595 1906 eorum
624 1883 742 1917 neptem
761 1889 767 1910 :
783 1879 872 1910 simili
900 1881 986 1910 modo
1003 1891 1058 1912 nec

240 1919 335 1961 patrui
361 1920 543 1957 avunculive,
569 1921 665 1951 amitae
687 1927 889 1954 materterazve
910 1925 1010 1962 tiliam,
1029 1926 1057 1956 id

236 1971 293 2000 est,
307 1963 517 1994 consobrinam
546 1975 662 1997 meam:
681 1968 732 1997 sed
758 1978 854 2008 neque
883 1970 959 2000 filius
974 1980 1058 2001 meus

237 2018 340 2043 eorum
367 2013 498 2047 neptem,
530 2010 579 2049 qui
608 2010 721 2041 sobrini
749 2013 944 2052 appellantur.
969 2014 1004 2045 Et
1019 2015 1058 2045 ita

237 2054 357 2093 quidem
374 2054 621 2086 consobrinorum
638 2057 725 2095 ﬁlios,
743 2058 882 2090 nimirum
908 2059 1055 2102 sobrinus,

237 2100 287 2140 qui
311 2100 482 2144 suntisexli
506 2101 626 2139 gradus,
656 2102 869 2142 prohibilarum
887 2100 1056 2144 nuptiarum

238 2145 372 2182 limitem,
390 2143 510 2175 Novella
533 2145 597 2185 ipsa
622 2147 764 2185 posuerit.
782 2143 936 2187 Septimus
957 2154 1055 2180 autem

235 2190 354 2230 gradus,
385 2189 454 2229 quia
484 2189 602 2220 silentio
627 2191 792 2230 prmteritus
818 2193 924 2228 fuerat,
958 2194 1057 2224 locum

237 2238 404 2274 acceperat,
418 2243 473 2264 nec
483 2234 520 2264 ad
531 2235 700 2274 nuptiarum
711 2236 883 2267 societatem
893 2238 1056 2270 vetabatur.

237 2278 347 2310 Verum
363 2278 511 2318 synodalis
526 2280 667 2317 cognitio,
683 2281 758 2311 facta
775 2285 908 2321 tempore
933 2284 1056 2313 sanctis-

237 2324 305 2355 simi
320 2323 400 2353 illius
421 2323 606 2362 patriarchae,
624 2324 737 2355 domini
752 2325 885 2363 Lucaa,ut
901 2330 1018 2367 turpem
1030 2332 1059 2358 et

237 2369 439 2405 inhonestum,
458 2368 537 2398 hunc
552 2369 709 2409 septimum
719 2370 1056 2412 gradum.propterper-

238 2421 375 2444 sonarum
389 2412 619 2453 proximitatem,
637 2414 794 2453 prohibitis
811 2419 839 2445 et
854 2415 964 2446 illicitis
975 2417 1057 2456 adju-

237 2458 354 2494 dicavit,
380 2461 409 2487 et
425 2466 457 2487 ex
474 2457 709 2489 Christianorum
739 2458 866 2489 abscidit
892 2461 1055 2500 republica.

239 2503 321 2534 Hanc
336 2506 432 2532 autem
443 2502 615 2533 sxnodalem
628 2502 775 2533 actionem
791 2503 1059 2536 Novellaconstitu—

241 2547 280 2578 tio
292 2547 477 2586 imperatoris
491 2547 592 2587 inclyti
602 2551 631 2578 et
645 2547 931 2588 Porphyrogennetae
946 2549 1059 2581 domini

240 2591 382 2622 Manuelis
398 2591 556 2623 subsecuta
572 2596 627 2629 est,
644 2597 752 2632 etquae
764 2592 884 2624 decreta
904 2601 973 2626 sunt
988 2604 1058 2625 san-

237 2642 297 2676 cte,
308 2636 505 2668 conﬁrmavit.

1064 846 1084 870 B

907 121 923 152 J
926 119 973 151 US
996 117 1219 151 CANONICUM

1860 114 1918 148 940

1092 187 1135 214 καὶ
1151 187 1173 213 o':
1195 185 1294 213 τούτων
1310 184 1435 224 ἀπόγονοι
1452 193 1462 203 ⁵
1475 183 1535 224 οἵγε
1560 185 1614 222 μὴν
1635 184 1666 213 ἐκ
1694 182 1819 223 πλαγίου,
1838 184 1915 218 θεῖοι,

1092 230 1208 267 ἀνεψιοὶ,
1233 228 1378 269 ἒξάδελφυι,
1411 230 1454 258 καὶ
1476 230 1500 258 οἱ
1534 228 1634 261 λοιποί,
1668 224 1699 257 Ἦ
1721 229 1769 266 μὶν
1796 227 1842 256 οὖν
1868 230 1919 255 τῶν

1093 274 1230 311 ἁνιόντων,
1267 275 1311 302 καὶ
1353 274 1497 302 κατιόντων
1541 275 1607 313 πρὸς
1650 274 1736 313 γάμου
1780 272 1918 300 κοινωνίαν

1094 319 1247 358 συναρμογὴ
1262 319 1300 350 εἷς
1314 318 1459 358 ἀπέραντον
1488 319 1558 358 παρὰ
1580 322 1626 346 τοῦ
1648 319 1730 354 νόμου
1757 315 1918 347 κεκώλυται,

1094 363 1130 391 Οὒ
1146 364 1195 402 γὰρ
1209 364 1297 402 πατρὶ,
1349 363 1461 400 πάππῳ,
1479 363 1496 397 ἢ
1520 363 1686 402 προπάππῳ,
1708 361 1765 390 εἴτε
1793 361 1888 400 μητρὶ,
1903 360 1919 393 ἢ

1095 408 1204 446 μάμμῃ,
1220 407 1238 441 ἢ
1254 408 1406 446 προμάμμῃ
1421 407 1475 436 ἐστὶ
1509 408 1615 445 θεμιτὸν
1649 408 1735 446 γάμον
1762 404 1920 437 συναλλάξαι

1095 453 1162 490 μετά
1175 451 1246 492 υἴοῦ,
1276 452 1294 485 ἢ
1323 452 1444 491 ἐκγόνου,
1531 452 1693 491 δισικγόνου,
1722 452 1754 479 τὸ
1781 449 1894 478 σύνολον
1914 458 1920 464 ·

1095 495 1152 524 οὕτε
1174 497 1228 533 μὴν
1240 497 1271 524 τὸ
1296 496 1425 524 ἀνάπαλιν
1452 497 1506 528 υἱὸς
1534 496 1552 530 ἢ
1574 496 1680 535 ἔκγονος
1709 495 1727 529 ἢ
1754 494 1921 532 δισέκγονος,

1094 541 1172 580 πατρὶ
1187 540 1205 574 ἣ
1230 541 1309 580 μητρὶ
1337 540 1355 574 ἣ
1383 541 1485 578 πάππῷ
1509 541 1527 575 ἢ
1556 541 1654 578 μάμμῃ
1683 539 1701 574 ἢ
1723 539 1884 578 προπάππῳ
1904 539 1921 571 ἢ

1095 585 1258 624 προμάμμῃ.
1278 581 1380 624 ιΗρτῶν
1409 585 1439 613 ἐκ
1465 585 1578 624 πλαγίου
1608 585 1647 622 δὲ,
1675 585 1757 624 μέχρι
1784 584 1830 612 καὶ
1846 582 1922 611 ἑϐδό-

1096 640 1146 667 μου
1159 630 1260 668 βαθμοῦ
1272 631 1320 664 τὴν
1349 629 1462 658 κώλυσιν
1487 629 1598 670 ἔχουσα,
1621 630 1711 658 ἔκτοτε
1739 635 1798 660 τοῖς
1821 627 1921 666 βουλος

1095 674 1184 711 μένοις
1200 674 1373 702 συνάπτεσθαι
1388 676 1419 702 τὸ
1444 673 1533 702 ἄνετον
1562 675 1632 714 παρὰ
1660 677 1706 702 τοῦ
1734 672 1818 711 νόμου
1848 671 1920 709 λαμ-

1094 717 1167 746 ϐάνει
1191 730 1235 747 και
1261 718 1461 757 ἀνεμπόδιστον.
1499 721 1530 748 Οἱ
1573 719 1667 758 βαθμοὶ
1708 718 1833 756 μέντοιγε
1869 717 1922 744 ἀπὸ

1095 767 1254 802 συγγενικῶς
1290 764 1424 803 ῥιζονχίας
1452 763 1631 800 λαμϐάνοντες
1674 763 1723 796 τὴν
1751 762 1854 803 ἀρχὴν,
1893 761 1923 788 ἐκ

1095 810 1148 834 τῶν
1173 801 1311 845 ρβαθμίδων
1332 801 1382 841 τῆξ
1415 807 1543 845 κλίμακος
1568 808 1773 846 ὠνομάσθησαν.
1812 801 1924 844 ’Ὠσπερ

1095 852 1144 890 γὰρ
1161 854 1185 879 αἱ
1199 852 1325 890 βαθμϊδες
1348 853 1374 885 ἐξ
1396 852 1518 881 ἐπιπέδυυ
1540 854 1611 885 τινὸς
1643 853 1691 885 τήν
1728 851 1817 890 ἀρχὴν
1846 853 1923 887 λαμ-

1093 895 1228 937 ϐάνουσαι,
1265 899 1308 925 καὶ
1333 899 1369 930 εἰς
1397 898 1429 925 τὰ
1449 898 1540 932 πρόσω
1561 896 1757 936 προϐαίνουσαι,
1794 896 1846 929 τὴν
1872 895 1922 921 ἇν-

1094 940 1153 968 οόον
1188 941 1206 975 ἢ
1238 942 1286 975 τὴν
1309 941 1417 970 κάθοδον
1442 942 1657 982 συμπεραίνουσιν
1676 951 1683 957 ⁸
1711 941 1780 969 οὕτω
1817 940 1862 967 καὶ
1897 940 1921 966 εἱ

1094 986 1188 1023 βαθμοὶ
1216 987 1253 1017 ὡς
1277 986 1307 1014 ἐκ
1335 987 1407 1025 ῥίζης
1434 988 1562 1026 ὁμοφιεγς
1589 985 1681 1014 κλάδοι
1715 990 1762 1014 τοῦ

1096 1031 1254 1070 γεννήτορος
1290 1031 1439 1071 προϊόντες,
1483 1031 1533 1064 τὴν
1567 1030 1719 1069 συγγένειαν
1757 1028 1923 1068 ἀπαρτίζου-

1096 1084 1152 1104 etv.
1197 1073 1312 1108 Ἐκάστη
1354 1076 1398 1103 οὖν
1422 1075 1544 1114 γέννησις
1579 1075 1625 1102 ’ίνα
1651 1075 1750 1112 βαθμὸν
1779 1071 1922 1101 ἀποτελεῖ.

1098 1119 1187 1158 Πατὴρ
1214 1120 1275 1158 γοῦν
1305 1121 1370 1159 πρὸς
1405 1122 1459 1148 υἱὸν
1492 1119 1613 1157 οὒόαμῶς
1638 1118 1836 1157 βαθμιδοῦνται,
1876 1119 1923 1145 αθ-

1096 1163 1136 1190 ότι
1157 1164 1212 1202 ῥίζα
1248 1165 1339 1192 τούτου
1363 1164 1435 1192 πέλει
1458 1165 1501 1192 καὶ
1523 1164 1659 1203 καταρχή.
1683 1165 1732 1194 Εἰς
1747 1162 1773 1190 δὲ
1789 1163 1895 1200 βαθμὸς
1913 1163 1925 1188 ὗ

1096 1209 1150 1239 υἱὸς
1164 1209 1228 1247 πρὸς
1243 1210 1288 1236 τὸν
1312 1209 1412 1248 πατέρα
1430 1209 1572 1248 λογίζεται,
1610 1208 1644 1237 Οἵ
1673 1219 1703 1247 γε
1719 1208 1773 1245 μὴν
1795 1207 1841 1235 δύο
1864 1207 1927 1234 αὖτ-

1096 1251 1214 1292 ἀόελφοι,
1245 1253 1310 1281 διότι
1346 1253 1376 1281 ἐκ
1403 1253 1446 1282 δύο
1475 1254 1623 1292 γεννήσεων
1652 1253 1839 1292 προέρχονται,
1879 1259 1940 1287 καὶ,

1096 1295 1140 1325 δύο
1185 1297 1342 1326 ἀποτελοῦσι
1383 1299 1509 1336 βαθμούς.
1553 1294 1668 1330 Ἐκάστη
1705 1299 1754 1336 γαρ
1789 1296 1917 1336 γέννησις

1098 1341 1147 1381 (ὡς
1163 1342 1278 1382 εἴρηται)
1298 1343 1398 1381 βαθμὸν
1420 1343 1465 1370 ἕνα
1493 1342 1632 1373 ἀποτελεῖ.
1657 1343 1687 1370 Οἱ
1710 1342 1799 1379 μέντοι
1828 1352 1923 1381 πρωτ-

1098 1386 1231 1427 εξάὂελφοι
1271 1388 1394 1427 τετάρτου
1436 1388 1537 1425 βαθμοῦ
1570 1387 1756 1427 τυγχάνουσιν,
1794 1387 1924 1415 ὡσαύτω(

1097 1432 1141 1458 καὶ
1170 1433 1193 1459 οἱ
1222 1431 1397 1471 δισεξάδελφοι
1427 1432 1503 1460 ἕκτου
1536 1430 1595 1460 κατ’
1636 1430 1777 1470 ἀναλογίαν
1806 1441 1923 1469 καταρι-

1099 1477 1223 1513 θμοῦνται
1244 1477 1345 1514 βαθμοῦ
1369 1485 1375 1491 ·
1400 1478 1423 1505 οἱ
1437 1475 1465 1504 δέ
1500 1487 1530 1516 γε
1565 1474 1768 1515 τρισεξάδελφοι,
1796 1486 1923 1503 τοιουτο-

1099 1521 1202 1559 τρόπως
1219 1520 1322 1560 ὀγδόου.
1347 1517 1378 1550 Ἠ
1399 1522 1506 1554 τοιαύτη
1534 1520 1620 1549 τοίνυν
1644 1520 1782 1559 συγγένεια
1795 1519 1923 1548 καλεῖται

1099 1564 1125 1597 ἐξ
1139 1564 1265 1602 αἵματος.
1291 1560 1386 1594 ἸΕνθεν
1401 1567 1444 1593 καὶ
1457 1571 1487 1594 το
1507 1568 1557 1599 τῆς
1583 1564 1722 1595 κωλύσεως
1749 1564 1821 1603 ὅριον
1837 1564 1922 1604 μέχρι
1937 1579 1940 1584 ι

1099 1613 1145 1637 τοῦ
1176 1609 1287 1647 ἑϐδόμου
1315 1611 1416 1648 βαθμοῦ
1459 1610 1629 1649 ἐκληρώσατο
1647 1617 1652 1623 ·
1698 1610 1734 1640 ὡς
1763 1608 1834 1636 ἔστιν
1866 1609 1925 1641 ἐξὸν

1099 1657 1262 1692 καταμαθεῖν
1276 1657 1321 1684 τὸν
1337 1655 1471 1695 φιλομαθῆ
1495 1655 1547 1683 ἀπό
1579 1666 1608 1683 τε
1634 1655 1682 1688 τῆς
1715 1654 1828 1691 νομικῆς
1843 1665 1924 1693 περι-

1100 1699 1208 1737 λ-ιίψεως
1236 1700 1280 1728 καὶ
1309 1702 1356 1734 τῆς
1385 1699 1522 1733 συνοδικῆς
1550 1699 1701 1732 διατάξεως.
1738 1695 1766 1727 ’0
1795 1698 1844 1735 μὲν
1876 1700 1924 1737 γὰρ

1098 1746 1178 1782 νόμος
1195 1744 1220 1772 ἐν
1237 1739 1260 1771 ε’
1275 1744 1355 1782 τίτλῳ
1368 1749 1414 1773 τοῦ
1436 1740 1482 1778 κη’
1505 1743 1604 1782 βιϐλίου
1617 1744 1685 1772 οὖτω
1709 1744 1785 1783 φησὶ,
1816 1743 1924 1775 Μεταξὺ
1938 1747 1940 1794 γ

1097 1792 1150 1816 τῶν
1177 1789 1207 1816 ἐκ
1227 1788 1339 1828 πλαγίου
1378 1790 1525 1829 προσώπων
1553 1789 1608 1817 ’ἐστι
1636 1800 1676 1820 τις
1711 1787 1836 1819 κώλυσις.
1872 1789 1926 1821 Τὴν

1099 1834 1148 1873 γὰρ
1163 1834 1208 1862 τοῦ
1223 1822 1333 1874 ἂδελτροῦ
1369 1822 1418 1873 μου
1442 1836 1460 1868 ἢ
1487 1837 1536 1867 τῆς
1567 1832 1682 1874 ἀδελφῆς
1711 1844 1761 1870 μου
1790 1822 1940 1873 ὼγατὲραῑ

1099 1878 1240 1916 λαμϐάνειν
1268 1880 1332 1918 πρὸς
1354 1880 1440 1918 γάμον
1477 1881 1506 1908 οὐ
1548 1878 1634 1915 θέμις,
1663 1876 1719 1906 οῦδὲ
1747 1877 1796 1910 τὴν
1821 1877 1927 1905 τούτων

1099 1899 1239 1916 μαριυς...
1272 1899 1331 1918 κρυ,
1362 1899 1439 1918 Pp...
1477 1899 1506 1908 νυ
1549 1899 1634 1915 νινε-..η
1664 1899 1719 1906 υ.--
1753 1899 1794 1910 ..μ
1827 1899 1926 1905 .-.......

1099 1922 1212 1961 ἐγγόνην
1231 1933 1237 1940 ·
1255 1924 1352 1960 ὁμοίως
1377 1923 1434 1951 οὐδὲ
1455 1924 1504 1956 τὴν
1529 1923 1657 1961 θυγατέρα
1684 1926 1731 1951 τοῦ
1750 1922 1820 1950 θείου
1839 1922 1858 1955 ἢ
1875 1899 1940 1961 τῆς]

1098 1968 1179 2006 θείας,
1208 1968 1326 1995 τουτέστι
1362 1968 1411 2001 τὴν
1450 1967 1591 2007 ἐξαὸέλφην
1620 1977 1682 2004 μου.
1721 1965 1794 1994 Ἀλλ’
1834 1966 1896 1995 οὐδὲ
1914 1967 1928 1994 ὁ

1811 984 1918 1023 πρώτου

1938 1623 1940 1711 l

1098 2014 1151 2045 υἱὸς
1168 2025 1218 2050 μου
1232 2014 1280 2047 τὴν
1309 2013 1421 2052 ἐκγόνην
1457 2014 1552 2049 αὑτῶν,
1578 2011 1675 2044 οἵτινες
1697 2011 1818 2051 λέγονται
1850 2011 1926 2039 δισεο

1099 2057 1229 2097 ξάδελφοι,
1249 2059 1297 2086 Καὶ
1312 2058 1378 2085 οὕτω
1395 2059 1442 2096 μὲν
1472 2058 1531 2090 τοὺς
1547 2058 1598 2085 τῶν
1627 2055 1772 2096 ἐξαδέλφων
1807 2055 1925 2095 παῖδας,

1098 2102 1176 2141 ἤγουν
1213 2103 1272 2134 τοὺς
1308 2101 1514 2142 δισεξαδέλφους,
1547 2101 1644 2132 οἵτινες
1668 2103 1730 2129 εἱσιν
1761 2100 1838 2128 ἕκτου
1852 2102 1926 2139 βαθ-

1099 2151 1159 2184 μοῦ,
1203 2149 1233 2175 τὸ
1261 2159 1315 2175 των
1349 2147 1540 2184 κεκωλυμένων
1575 2147 1668 2185 γάμων
1702 2146 1720 2180 ἡ
1749 2147 1827 2184 νεαρὰ
1855 2146 1934 2180 αὕτη

1098 2192 1212 2221 τέθεικεν
1234 2193 1377 2231 ὁροθέσιον.
1402 2188 1431 2221 ’0
1446 2192 1473 2219 δὲ
1501 2190 1611 2229 ἕϐδομος
1647 2192 1746 2229 βαθμὸς
1768 2190 1810 2219 διὰ
1845 2192 1879 2219 τὸ
1897 2192 1930 2221 ἐκ

1099 2238 1199 2266 τούτων
1214 2237 1464 2277 παρασιωπηθῆναι,
1500 2237 1592 2276 χώραν
1618 2234 1762 2273 ἐλάμϐανε,
1805 2237 1850 2265 καὶ
1889 2239 1940 2272 εἰς,

1099 2282 1185 2320 γάμου
1207 2281 1344 2310 κοινωνίαν
1366 2283 1413 2310 οὐκ
1441 2280 1581 2312 ἐκωλύετο,
1613 2279 1644 2308 Ἦ
1673 2279 1700 2308 δέ
1734 2290 1765 2319 γε
1795 2280 1928 2317 συνοδικὴ

1100 2325 1251 2366 διάγνωσις,
1267 2328 1284 2360 ἠ
1305 2326 1348 2354 ἐπὶ
1374 2328 1421 2359 τῆς
1451 2326 1595 2366 ἐφημερίας
1611 2325 1741 2364 γενομένη
1769 2330 1816 2355 τοῦ
1837 2327 1927 2365 ἁγιω-

1100 2372 1177 2400 τάτου
1197 2373 1296 2400 ἑκείνου
1330 2371 1494 2411 πανριάρχου
1520 2371 1607 2410 κυρίου
1637 2374 1734 2409 Λουκᾶ,
1757 2372 1794 2404 ὡς
1809 2373 1926 2413 αἰσχρὸν

1099 2418 1142 2445 καὶ
1170 2417 1268 2454 ἄπμον
1302 2415 1348 2445 καί
1376 2420 1466 2444 τοῦτον
1481 2416 1524 2444 τᾶν
1539 2414 1648 2454 ἕϐδομον
1673 2416 1785 2456 βαθμὸν,
1808 2416 1851 2445 διὰ
1872 2419 1925 2452 τήν

1099 2465 1152 2489 τῶν
1179 2461 1328 2500 προσώπων
1356 2461 1499 2500 ἐγγύτητα,
1528 2467 1587 2492 τοῖς
1629 2460 1849 2500 ἀπηγορευδένοις
1878 2464 1928 2492 καὶ

1099 2505 1340 2545 ἀποτετραμμένοις
1363 2505 1487 2545 ἐνέκρινε,
1516 2507 1559 2533 καὶ
1587 2507 1636 2538 τῆς
1671 2508 1723 2533 τῶν
1759 2508 1926 2545 Χριστιανῶν

1100 2550 1232 2582 πολιτείας
1262 2550 1393 2587 ἐξέκοψεν,
1429 2549 1643 2583 Ἐπηκολούθησε
1672 2549 1699 2577 δὲ
1734 2554 1768 2587 τῇ
1798 2551 1940 2591 συνοδικῇ⁴

1101 2596 1183 2634 ταύτῃ
1207 2594 1296 2634 πράξει
1323 2596 1367 2623 καὶ
1388 2595 1479 2633 νεαρὸν
1507 2594 1638 2631 θέσπισμα)
1663 2598 1709 2623 τοῦ
1737 2595 1764 2623 ἐν
1798 2596 1926 2634 βασιλεῦ-

1101 2651 1142 2669 σιν
1163 2639 1281 2678 ἀοιδίμου
1310 2641 1354 2685 καὶ
1375 2641 1642 2685 παρφυρογενηήτομ,
1677 2641 1764 2680 κυρίου
1784 2643 1940 2685 Μανουὴλ,λ

1100 2686 1145 2713 καὶ
1160 2685 1192 2712 τέι
1208 2683 1371 2724 ψηφισθέντα
1386 2683 1513 2724 ἐκύρωσεν
1528 2685 1663 2724 ἀσφαλῶς,

913 2765 1045 2797 VARI/E
1057 2763 1272 2798 LECTIONES.

277 2827 290 2848 ι)
306 2822 427 2855 Scilicet
446 2822 654 2855 Basilicarum.
