1942 3081
209 120 268 156 943

210 191 331 223 obnoxii
341 197 420 231 sunt;
429 202 489 224 non
499 193 579 224 enim
589 193 869 234 judicaturillicitns
880 194 1034 234 hujusmo-
1043 203 1065 220 Δ

212 237 245 268 di
265 241 444 275 contractus,
465 237 543 278 quod
560 238 595 268 ad
617 242 732 269 sextum
757 239 879 277 gradum
905 238 1035 270 externis

212 282 390 322 porrigatur.
404 282 507 323 Neque
520 283 624 313 eadem
640 283 762 314 fratrum
779 283 1034 324 proximitas,quaa

213 327 310 365 patrui
337 327 510 358 avunculive
535 337 601 358 cum
627 327 725 358 fratris
749 329 895 359 sororisve
915 328 987 365 ﬁlio,
1006 331 1034 358 et

211 372 382 402 consobrini
401 371 588 412 aliorumque
608 376 810 412 cognatorum.
835 371 892 404 Sed
922 383 958 402 ex
975 381 1033 403 uno

208 415 330 456 quidem
346 417 425 447 fonte
441 416 684 456 primigenitoris
701 417 878 457 procedunt,
893 417 1031 457 paulatim

208 465 306 492 autem
331 461 367 491 ab
390 461 516 491 invicem
534 461 721 500 elongantur,
746 461 836 492 veluti
852 462 882 492 in
900 461 1032 492 diversos

207 504 293 536 scissi
320 505 442 536 rivulos.
468 504 519 535 Est
535 509 563 535 et
578 505 635 536 alia
650 505 769 544 species
794 506 978 545 cognationis
994 515 1030 536 ex

207 549 361 590 afﬁnitate,
378 559 443 590 quae
458 549 598 588 gradibus
628 550 747 590 quidem
773 559 831 581 non
850 551 1030 588 continetur,

209 598 366 634 propterea
382 593 460 634 quod
476 594 565 624 trium
582 603 725 634 generum
735 594 1030 634 habetcomplexum.

208 638 426 670 Prohibitarum
436 643 533 669 autem
547 648 741 678 personarum
754 643 867 669 tantum
882 639 927 669 lex
938 639 1035 671 nemi-

209 683 300 714 natim
311 683 495 714 mentionem
510 683 794 723 faciens,sequentes
810 688 892 714 extra
902 683 1032 724 prohibi-

206 727 317 758 tionem
333 731 362 758 et
375 727 595 758 accusationem
612 728 689 758 sivit.
708 728 825 759 Etenim
837 729 854 760 4
867 738 894 758 c.
911 728 1031 763 5,tit.“28

206 772 259 803 lib.
276 772 318 803 sic
331 771 370 803 ait
382 772 418 802 ad
435 771 557 802 verbum
572 780 578 802 :
597 771 699 812 Neque
715 781 792 809 eam,
805 782 870 812 qua
886 772 941 802 fuit
960 782 1034 803 uxor

206 817 331 857 privigni
346 816 416 853 mei,
432 816 558 856 accipio,
575 826 672 856 neque
686 825 812 847 noverca
827 817 922 847 virum
934 826 1030 856 quon-

204 861 271 892 dam
289 871 350 892 suae
365 861 504 901 privignae
515 884 523 896 .
536 861 654 901 accipit.
677 861 712 891 Et
727 862 790 892 haec
801 861 921 901 quidem
936 860 1029 892 babe-
1045 877 1062 901 Β

205 907 243 938 de
260 907 434 947 cognatione
457 916 494 938 ex
522 907 684 946 sanguine,
717 911 745 938 et
770 907 935 938 affinitate:
955 912 1033 938 etut

204 951 343 992 equidem
359 952 496 982 arbitror.
499 951 583 991 juxta
592 956 725 983 exactam
730 952 808 991 juris
820 952 1008 992 disciplinam
1023 965 1030 987 ε

207 997 340 1037 quamvis
355 996 491 1036 plurima:
505 996 655 1027 canonicae
673 1001 701 1027 et
724 996 826 1027 civiles
845 996 1029 1034 sanctiones,

207 1041 283 1081 quod
300 1041 331 1071 in
349 1041 510 1071 multorum
534 1049 672 1072 versuum
689 1041 799 1081 scripta
813 1040 1031 1081 diffundantur,

204 1085 264 1116 sint
279 1085 497 1125 praetermissae.
517 1084 601 1120 Quod
617 1089 715 1116 autem
732 1089 761 1116 et
776 1093 871 1125 major
894 1085 1028 1124 cognatio

205 1139 240 1161 ex
263 1130 388 1170 spiritali
412 1130 625 1170 consequentia
649 1139 786 1167 nascens,
803 1130 881 1160 inter
897 1139 953 1161 nos
965 1129 1029 1170 pios

203 1174 382 1211 intercedit,
400 1174 438 1204 de
453 1183 488 1204 ea
504 1175 548 1204 sic
562 1175 723 1205 summarie
740 1174 935 1205 tractandum.

202 1220 251 1253 τῆς
287 1219 448 1258 πολυραφίας
465 1218 637 1258 πολύστιχον,
655 1219 874 1260 κατελείφθησαν.
893 1214 958 1247 ’Ότι
974 1218 1000 1246 δὲ
1014 1221 1058 1247 χαὶ

203 1275 304 1292 mouerat
319 1263 345 1291 ἐν
361 1265 428 1301 ἡμῖν
442 1270 499 1295 τοῖς
522 1263 636 1291 εὐσεϐέσι
651 1263 807 1302 μεσολαϐεῖ,
824 1265 868 1292 καὶ
883 1265 940 1302 περὶ
955 1264 1052 1297 ταύτης

243 1308 345 1339 Canon
361 1308 400 1339 56
415 1307 517 1347 synodi
541 1308 570 1344 6,
593 1307 630 1338 de
656 1308 828 1347 hujusmodi
853 1309 1028 1347 cognatione

204 1353 267 1383 haec
284 1353 471 1392 promulgat:
490 1351 636 1388 Quoniam
658 1353 799 1393 spiritalis
824 1352 1025 1389 necessitudo,

201 1406 256 1428 seu
269 1397 407 1433 afﬁnitas,
420 1405 579 1436 corporum
590 1397 800 1437 conjunctione
816 1397 910 1436 major
925 1401 983 1427 est:
997 1396 1028 1426 in

202 1441 352 1472 nonnullis
371 1444 469 1471 autem
484 1441 558 1472 locis
571 1441 761 1481 cognovimus
776 1441 986 1481 quosdam,qui
994 1450 1027 1471 ex

202 1489 305 1517 sancto
322 1490 350 1516 et
369 1485 490 1516 salutari
506 1484 681 1525 baptismate
707 1485 834 1516 infantes
851 1485 1027 1525 suscipiunt,

204 1534 306 1571 postea
317 1539 434 1570 quoque
445 1539 511 1575 cum
528 1529 672 1575 matribus
687 1530 804 1561 illorum
821 1530 916 1560 viduis
928 1530 1027 1560 matri-
1038 1550 1057 1575 ο

203 1574 335 1605 monium
362 1574 561 1605 contrahere:
581 1574 749 1612 statuimus,
767 1578 798 1604 ut
821 1575 851 1604 in
876 1580 1028 1614 posterum

202 1619 277 1650 nihil
294 1619 343 1649 ﬁat
358 1619 517 1658 ejusmodi.
532 1618 562 1649 Si
578 1620 626 1658 qui
642 1623 740 1649 autem
755 1628 828 1659 [per
854 1623 1029 1659 praesentem

203 1673 348 1694 canonem
364 1664 420 1694 hoc
435 1664 533 1694 facere
544 1663 724 1703 deprehensi
740 1663 890 1701 fuerint,ii
907 1663 1028 1703 quidem

203 1707 298 1748 primo
313 1707 349 1737 ab
367 1708 424 1738 hoc
438 1707 541 1738 illicito
558 1712 586 1738 et
602 1708 710 1746 injusto
731 1707 918 1738 matrimonio
928 1713 941 1734 ε
952 1707 1028 1737 desi-

202 1755 280 1782 stant
291 1760 297 1782 :
308 1751 418 1782 deinde
427 1755 457 1782 et
470 1752 680 1782 foruicatorum
699 1752 792 1791 poenis
817 1751 1024 1791 subjiciantur.

201 1795 273 1827 Cum
290 1796 381 1836 igitur
401 1805 531 1836 praesens
546 1805 641 1826 canon
657 1797 800 1836 majorem
817 1800 899 1826 vocet
914 1795 1028 1835 spirita-

202 1841 261 1872 lem
270 1840 582 1881 cognationem,quam
590 1841 754 1871 carnalem:
769 1850 892 1871 necesse
905 1840 1024 1879 habent,

203 1886 254 1926 qui
270 1895 322 1926 per
338 1895 402 1916 eam
419 1885 549 1916 devincti
561 1887 675 1920 sunt,in
691 1889 732 1915 tot
743 1885 850 1924 gradus
861 1889 1023 1915 venerat:o-

201 1939 270 1961 nem
288 1931 352 1970 ejus
370 1934 399 1960 et
414 1930 504 1960 decus
520 1930 690 1967 observare,
708 1935 778 1970 quot
794 1934 822 1960 et
836 1939 870 1960 ex
884 1929 1025 1968 sanguine

200 1974 395 2013 cognationis.
412 1975 484 2004 Nam
502 1975 574 2012 Deo,
588 1974 693 2014 inquit,
711 1984 764 2014 per
778 1974 1025 2014 baptismainter-

200 2020 445 2055 cedente,e0rum
455 2019 562 2050 animae
573 2019 836 2058 conjunguntur,et
850 2028 925 2048 unus
937 2019 1025 2049 homo

201 2066 298 2106 lit,qui
313 2075 349 2096 ex
363 2075 448 2096 sacro
463 2065 638 2105 baptismate
648 2065 789 2095 infantem
807 2065 948 2105 suscepit,
966 2065 1024 2095 hu—

197 2111 306 2151 jusque
323 2110 468 2141 naturalis
485 2114 577 2150 pater.
598 2111 681 2140 Unde
697 2114 725 2140 et
739 2113 958 2149 consequenter
970 2119 1023 2139 eo-

201 2164 267 2185 rum
282 2155 381 2195 liberi,
398 2154 503 2185 fratres
519 2154 978 2194 nominantur,quemadmodum
996 2157 1024 2184 et

898 127 965 158 JUS
984 122 1207 159 CANONIGUM

1839 125 1909 159 944

1076 196 1155 221 πᾶσιν
1184 194 1338 233 ὶγνώρισαν.
1377 198 1454 226 Θεϊος
1488 195 1538 234 γὰρ
1587 195 1631 223 καὶ
1658 193 1776 234 ἀνεψιὸς,
1813 193 1911 232 τρίτου

1075 237 1147 270 ὄντες
1162 238 1274 276 βαθμοῦ,
1299 239 1355 275 Θείᾳ
1376 239 1419 266 καὶ
1453 238 1549 276 ἂνεψιᾷ
1575 238 1603 271 ἒξ
1631 238 1720 277 ἐτέρου
1747 238 1839 277 γένυας
1854 238 1909 265 τὸν

1075 283 1153 311 αὐτὸν
1177 282 1303 322 ἆχούσαις
1338 283 1440 320 βαθμὸν
1469 283 1592 322 γαμικῶς
1629 283 1833 319 συναπτόμεναι⁸
1851 282 1908 309 οὗ·

1075 325 1158 358 δόλως
1187 327 1370 365 ἐπιτιμῶνται.
1400 326 1466 356 Οὖδέ
1486 328 1535 367 γὰρ
1571 327 1694 365 ἀθέμιτον
1720 328 1751 355 τὸ
1779 330 1909 356 τοιοῦτον

1076 371 1248 411 συνάλλαγμα
1277 372 1403 412 κρίνεται,
1425 373 1461 404 ὼς
1491 379 1531 404 εἶς
1546 372 1622 400 ἕκτον
1637 372 1736 410 βαθμὸν
1761 371 1792 400 ἐκ
1819 374 1909 410 τριῶν

1073 417 1118 444 καὶ
1139 419 1217 455 τριῶν
1249 416 1422 455 ἀναγόμενον.
1446 415 1509 445 Οὐδὲ
1539 417 1620 456 γὰρὴ
1649 416 1715 450 αὖτῆ
1737 417 1790 444 τῶν
1818 414 1910 443 ἁδελ-

1074 463 1128 500 γῶν
1142 461 1256 499 ἒγγύτης
1271 462 1314 489 καὶ
1327 462 1344 495 ἡ
1366 465 1412 490 τοῦ
1443 461 1512 489 θείου
1538 462 1603 500 πρὸς
1624 462 1670 489 τὸν
1703 461 1825 498 ἀνεψιὸν,
1858 461 1912 488 καὶ

1073 506 1091 538 ἡ
1112 510 1158 534 τοῦ
1172 504 1310 545 ἐξαδέλφου
1339 506 1383 533 καὶ
1403 505 1455 534 τῶν
1479 505 1564 533 ἄλλων
1587 508 1720 544 συγγενῶν
1743 513 1751 520 ·
1769 504 1834 544 ἆΛλ,
1876 504 1912 532 ἑκ

1074 549 1122 588 μὲν
1137 552 1229 589 πηγῆς
1252 553 1314 587 μιᾶς
1329 554 1375 579 τοῦ
1403 550 1508 589 πρώτου
1535 551 1693 589 γεννήτορος
1730 549 1909 589 ἐξέρχονται,

1073 595 1141 623 κατᾶ
1171 595 1264 632 μικρὸν
1299 593 1326 622 δὲ
1354 593 1479 629 ἀλλήλων
1509 594 1695 634 μακρύνουσιν,
1738 594 1830 633 ὥσπερ
1867 595 1911 624 εἰς

1073 638 1210 679 διαφόρους
1259 639 1412 678 σχιζόμενοι
1442 639 1551 678 ῥύακας.
1582 633 1664 668 ’Ἐστι
1688 633 1734 666 'aé
1762 639 1808 666 καὶ
1835 637 1909 666 ἄλλο

1073 683 1146 715 εἶδος
1181 684 1331 722 συγγενείας
1360 683 1390 711 ἐκ
1417 683 1583 723 ἀγχιστείας,
1633 683 1697 722 ὅπερ
1718 684 1835 721 βαθμοῖς
1853 683 1908 720 μὲν

1073 727 1192 766 οὐδαμῶς
1206 727 1370 768 περιέχεται,
1396 727 1439 755 διὰ
1465 729 1495 755 τὸ
1524 727 1679 765 συμπλοκὴν
1715 731 1794 767 τριῶν
1825 727 1910 766 ἔχειν

1074 776 1157 812 γενῶν
1175 781 1181 788 ·
1215 772 1404 805 κεκωλυμένων
1441 771 1468 799 δὲ
1493 772 1580 810 μόνων
1621 772 1771 812 προσώπων
1807 771 1906 810 ῥητῶς

1075 818 1184 854 ὁνόμος
1210 817 1345 855 μνησθεὶς,
1374 817 1406 845 τὰ
1435 816 1494 850 ἐξῆς
1520 817 1644 845 ἀκώλυτα
1672 817 1716 845 καὶ
1743 815 1910 855 ἆκέγκλητα

1074 862 1175 892 εἴασεν.
1193 861 1237 890 Ἐν
1258 862 1308 900 γὰρ
1336 864 1374 897 τῷ
1401 860 1425 888 δ’
1452 860 1587 901 κεφαλαίῳ
1613 865 1659 889 τοῦ
1687 857 1711 888 ε’
1739 861 1830 890 τίτλου
1857 865 1910 889 τοῦ

1115 901 1120 910 ι
1373 905 1379 911 .
1418 904 1426 912 ς

1073 918 1108 940 κη
1134 905 1235 944 βιϐλίου
1253 906 1332 945 φησὶν
1354 905 1485 938 αυτοΛεΞεὶ
1512 906 1607 934 οὑτωσί
1623 915 1630 922 ’
1661 904 1726 934 Οὗδὲ
1753 906 1804 939 τὴν
1833 905 1907 934 ποτὲ

1073 957 1187 990 γυναῖκα
1216 948 1343 987 λαμϐάνω
1371 954 1418 979 τοῦ
1452 950 1581 989 προγόνου
1616 960 1679 988 μου,
1705 949 1763 978 οὔτε
1792 951 1810 983 ἡ
1841 961 1905 987 μη-

1073 996 1151 1035 τρυιὰ
1179 993 1308 1032 λαμϐάνει
1334 995 1381 1022 τὸν
1409 994 1551 1032 γενόμενον
1578 993 1657 1033 ἄνδρα
1690 994 1737 1028 τῆς
1766 995 1905 1033 προγόνης

1073 1040 1166 1074 αὐτῆς,
1185 1040 1233 1068 Καὶ
1268 1038 1335 1067 οὕτω
1364 1039 1412 1076 μὲν
1436 1038 1536 1078 ἔχομεν
1561 1039 1619 1078 περὶ
1653 1041 1704 1072 τῆς
1732 1038 1758 1071 εξ
1780 1038 1905 1076 αἵματος

1072 1086 1117 1113 καὶ
1143 1084 1299 1124 ἀγχιστείας
1334 1084 1484 1122 συγγενείας
1502 1093 1510 1101 ·
1534 1084 1590 1123 καὶ,
1619 1084 1655 1116 ὼς
1683 1083 1800 1123 ἐγῷμαι,
1830 1083 1905 1123 ἑχο-

1070 1129 1153 1166 μένης
1169 1131 1217 1161 τῆς
1233 1126 1364 1167 ἀκριϐείας
1381 1137 1389 1145 ⁸
1414 1128 1436 1155 εἰ
1461 1128 1506 1156 καὶ
1533 1128 1567 1155 τὰ
1587 1127 1703 1156 πλεῖστα
1729 1128 1782 1155 τῶν
1813 1139 1904 1156 κανο-

1070 1175 1148 1202 νικῶν
1163 1174 1207 1201 καὶ
1235 1175 1351 1210 νομικῶν
1385 1173 1569 1209 θεσπισμάτων
1605 1171 1632 1200 ἐν
1661 1173 1774 1209 τούτοις,
1798 1171 1844 1200 διὰ
1871 1174 1904 1200 τὸ

1087 1218 1182 1254 μείζων
1213 1217 1350 1256 συγγένεια
1372 1217 1398 1245 ἐν
1421 1219 1602 1255 πνευματικῆς
1619 1216 1771 1249 ἀκολουθίας
1795 1216 1902 1246 ἀνακύ-

1069 1263 1157 1303 χρεὼν
1173 1262 1242 1303 οὕτω
1257 1260 1404 1294 διαλαϐεῖν,

1111 1303 1139 1336 t0
1155 1301 1210 1344 νς’
1224 1307 1311 1335 κανὼν
1332 1309 1381 1340 τῆς
1397 1301 1438 1343 ς’
1459 1304 1566 1335 συνόδου
1595 1306 1654 1345 περὶ
1684 1308 1731 1339 τῆς
1767 1307 1899 1339 τοιαύτης

1070 1352 1220 1392 συγγενείας
1251 1352 1333 1379 ταῦτα
1367 1349 1513 1390 διαγορεύει
1530 1360 1538 1370 ·
1570 1349 1679 1383 Ἐπειδὴ
1708 1351 1805 1388 μείζων
1829 1351 1906 1379 ἐστὶν

1069 1399 1085 1432 ἡ
1100 1398 1168 1425 κατᾶ¹
1189 1400 1292 1433 πνεῦμα
1321 1397 1451 1429 οἶκειοτης
1481 1397 1530 1430 τῆς
1563 1397 1616 1423 τῶν
1645 1395 1776 1432 σωμάτων
1812 1407 1900 1425 συνα-

1069 1443 1155 1483 φείας,
1172 1441 1289 1480 ἔγνωμεν
1305 1439 1332 1468 δὲ
1354 1441 1381 1468 ἒν
1408 1451 1461 1468 τισι
1486 1441 1577 1472 τύποις
1606 1441 1679 1472 τινὰς
1707 1440 1738 1468 ἐκ
1758 1445 1807 1470 τοῦ
1824 1441 1902 1480 ἁγίου

1069 1487 1113 1515 καὶ
1145 1485 1328 1524 σωτηριώδους
1357 1486 1539 1523 βαπτίσματος
1587 1484 1685 1517 παῖδας
1720 1484 1899 1525 ἁναδεχομέ-

1070 1542 1140 1567 νους,
1176 1530 1220 1558 καὶ
1249 1531 1317 1568 μετὰ
1344 1533 1421 1559 τοῦτο
1457 1537 1517 1561 ταῖς
1563 1529 1669 1558 ἐκείνων
1698 1530 1814 1568 μητράσί
1845 1542 1900 1570 χη-

1070 1576 1204 1615 ρευούσαις
1255 1575 1369 1613 γαμικὸν
1431 1573 1656 1605 συναλλάττοντας
1707 1574 1898 1602 συνοικέσιον·

1070 1621 1200 1660 ὁρίζομεν,
1228 1619 1281 1647 ἀπὸ
1309 1623 1355 1648 τοῦ
1400 1620 1530 1659 παρόντος
1572 1618 1655 1657 μηδὲν
1683 1623 1800 1648 τοιοῦτον
1832 1631 1901 1659 πρα-

1071 1667 1180 1705 χθῆναι.
1198 1665 1227 1692 Εἰ
1241 1663 1268 1691 δέ
1292 1675 1360 1697 τινες
1394 1665 1437 1692 καὶ
1466 1665 1533 1702 μετὰ
1564 1665 1608 1692 τὸν
1644 1664 1761 1703 παρόντα
1796 1665 1902 1692 κανόνα

1560 1709 1739 1748 πρωτοτύπως
1785 1709 1837 1746 μὲν
1878 1710 1902 1736 οἱ

1068 1759 1181 1784 τοιοῦτοι
1223 1755 1423 1795 ἆφιστάσθωσαν
1472 1760 1518 1785 τοῦ
1568 1755 1685 1784 τοιούτω
1737 1756 1902 1794 παρανόμου

1067 1800 1239 1838 συνοικεσίου,
1269 1799 1360 1828 ἔπειτα
1395 1799 1422 1827 δὲ
1451 1801 1494 1828 καὶ
1535 1807 1594 1832 τοῖς
1633 1803 1686 1828 τῶν
1714 1801 1902 1839 πορνευόντων

1066 1845 1206 1882 ἕπιτιμίοις
1236 1843 1473 1879 ὑποϐληθήτωσαν.
1516 1839 1580 1874 ’Ότι
1627 1845 1712 1873 τοίνυν
1760 1846 1774 1873 ὁ
1803 1846 1901 1885 παρὼν

1066 1890 1153 1918 κανὼν
1184 1889 1289 1927 μείζονα
1325 1888 1404 1918 καλεῖ
1434 1889 1485 1922 τὴν
1523 1889 1704 1926 πνευματικὴν
1741 1889 1901 1929 συγγένειαν

1066 1934 1137 1973 παρᾶ
1152 1934 1200 1967 την
1226 1934 1365 1973 σαρκικὴν,
1389 1933 1507 1972 ἀνάγκην
1530 1934 1637 1973 ἔχουσιν
1666 1935 1690 1962 οἱ
1723 1932 1766 1964 διὰ
1793 1934 1900 1967 ταύτης
1936 1961 1940 1970 ι

1067 1978 1228 2010 συνδεθέντες
1257 1979 1292 2010 εὶς
1335 1979 1475 2011 τοσούτους
1517 1979 1633 2017 βαθμοὺς
1682 1984 1824 2018 συντηρεῖν
1865 1980 1899 2006 τὸ

1066 2023 1164 2056 ταύτης
1192 2022 1339 2060 σεϐάσμιον
1367 2024 1410 2051 καὶ
1439 2024 1580 2062 εὐπρεπὲς,
1617 2023 1654 2055 είς
1686 2022 1763 2055 ὅσους
1792 2024 1838 2051 καὶ
1865 2024 1898 2052 τὸ

1066 2070 1115 2101 τῆς
1127 2067 1152 2100 ἐξ
1169 2068 1282 2105 αἵματος
1296 2068 1459 2107 συγγενείας.
1484 2069 1532 2096 Διὰ
1559 2068 1610 2107 γὰρ
1637 2072 1683 2097 τοῦ
1696 2067 1895 2106 βαπτίσματος,

1066 2115 1141 2149 Θεοῦ,
1164 2113 1239 2152 φησὶ,
1259 2112 1430 2150 μεσάζοντος.
1447 2114 1473 2140 αἱ
1488 2114 1574 2152 ψυχαὶ
1595 2114 1680 2142 αὐτῶν
1705 2112 1896 2153 συνάπτονται,

1064 2157 1160 2188 καὶεῐς
1191 2156 1338 2196 ἅνθρωπος,
1361 2158 1386 2194 ὃ,
1416 2158 1444 2185 τὲ
1473 2158 1504 2185 εκ
1537 2162 1584 2186 τοῦ
1605 2157 1679 2196 ἁγίου
1707 2157 1896 2195 βαπτισματος

1070 1711 1216 1749 φωραθεῖεν
1251 1713 1328 1737 τοῦτο
1368 1712 1517 1746 ποιοῦντες,

201 2199 256 2237 illi,
273 2203 439 2239 compatrcs
459 2210 466 2230 ε
483 2199 620 2230 similiter
635 2203 666 2230 et
680 2209 744 2240 quae
769 2209 804 2230 ex
820 2199 866 2229 his
881 2198 969 2229 deinc

1125 2200 1208 2229 παῖδα
1223 2200 1374 2242 δεξάμενος,
1389 2202 1433 2230 καὶ
1447 2203 1462 2230 ὁ
1477 2202 1544 2231 κατὰ
1559 2201 1643 2241 σάρκα
1670 2201 1761 2229 τούτου
1790 2202 1894 2242 πατὴρ,

201 2244 406 2285 producuntur
421 2253 554 2284 personae
566 2243 750 2282 cognationis
760 2253 795 2274 ex
810 2242 970 2282 sanguine:

1111 2257 1193 2275 ονται.
1226 2241 1308 2275 ιὈθεν
1339 2245 1488 2278 ἀκολούθως
1523 2247 1569 2274 καὶ
1604 2247 1628 2275 οἱ
1655 2246 1756 2274 τούτων
1783 2241 1893 2287 παῖδες,

201 2290 314 2330 tiuntur
329 2288 554 2328 appellationes.

1111 2291 1171 2330 λφοὶ
1205 2291 1389 2328 ὀνομάζονται,
1425 2292 1491 2319 καθὰ
1515 2291 1560 2319 καὶ
1593 2290 1707 2327 ἐκεῖνοι,
1743 2290 1894 2328 σύντεκνοι,

202 2329 337 2365 Ὡσαύτως
360 2334 401 2361 κοὶ
417 2334 449 2362 τὰ
470 2334 501 2360 in
521 2333 621 2361 τούτων
642 2333 810 2372 καταγόμενα
826 2332 918 2372 ἒφεξης
933 2334 1062 2371 πρόσωπα
1091 2329 1139 2366 τὰς
1167 2337 1215 2369 τῆς
1236 2334 1263 2368 ἒξ
1291 2335 1405 2373 αἵματος
1426 2335 1575 2375 συγγενείας
1588 2335 1698 2370 κλήσεις
1713 2334 1893 2376 μεταλαγχά-

201 2389 285 2418 νουσι,
301 2379 344 2406 καὶ
360 2378 422 2405 εἰσὶν
434 2377 538 2410 ἀληθῶς
554 2378 598 2405 καὶ
613 2377 784 2415 ὀνομάζονται
799 2384 947 2416 συγγενεῖς,

239 2424 374 2463 Suntque
400 2430 480 2459 vere,
498 2426 527 2452 et
543 2422 736 2452 nominantur
759 2422 907 2461 cognanti.
925 2423 970 2453 Sal

1111 2420 1140 2452 Ἠ
1154 2425 1203 2464 γὰρ
1219 2429 1264 2453 τοῦ
1278 2425 1352 2464 ἁγίου
1381 2425 1533 2463 Πνεύματος
1561 2424 1676 2458 ίνωτικὴ
1704 2423 1813 2463 δύναμις
1855 2426 1893 2457 εἷς

204 2467 283 2497 enim
300 2467 422 2506 spiritus
441 2466 565 2497 uniendi
588 2470 716 2507 potestas
732 2475 836 2497 omnes
858 2466 970 2498 concilii

1111 2465 1176 2498 ισίαν
1200 2465 1330 2504 ἐγγύτητα
1359 2466 1461 2497 πάντας
1489 2466 1665 2505 συνήρμοσεν,
1694 2465 1727 2497 ἣν
1748 2464 1892 2494 συνθολοῡ-

200 2512 231 2542 in
247 2520 345 2542 veram
360 2511 621 2552 propinquitatem,
637 2520 701 2551 quae
717 2510 917 2541 contractibus
933 2510 970 2541 ill.

1111 2521 1122 2537 ,ι
1152 2509 1365 2549 συναλλάγμασιν
1393 2510 1519 2548 ἀθέσμοις
1546 2510 1632 2543 πάντη
1655 2508 1792 2541 ἀδύνατον,
1830 2513 1889 2538 Πα-

201 2556 238 2587 tis
252 2555 393 2587 confundi
401 2565 459 2586 non
466 2555 790 2596 potest.Prohibitorius
797 2563 869 2594 ergo
881 2554 966 2585 termi

1111 2555 1276 2594 ηρηθήσεται
1312 2553 1338 2582 δὲ
1367 2554 1394 2582 ἰν
1429 2556 1512 2592 ταύτῃ
1553 2556 1584 2582 τὸ
1633 2553 1779 2583 κωλυτικὸν
1806 2553 1889 2594 ὅρων,
1934 2556 1937 2557 ⁷

202 2601 232 2631 in
248 2601 351 2641 hac,ut
365 2600 396 2630 in
411 2600 562 2640 sanguinis
574 2599 857 2640 cognatione,usque
875 2599 912 2629 a‘d
928 2608 970 2639 se]

1111 2600 1132 2627 εὰ
1147 2599 1195 2633 τὴν
1210 2598 1246 2641 ea
1267 2598 1383 2637 αἵματος
1410 2600 1572 2639 συγγένειαν,
1595 2599 1676 2639 μέχρι
1697 2599 1742 2627 καὶ
1777 2597 1890 2636 ἑϐδόμου

200 2654 279 2677 mum
306 2638 430 2684 gradum
455 2638 672 2676 observabitur.
698 2638 792 2675 Εειέι
806 2638 863 2674 alia
888 2638 970 2683 cogn}

1111 2647 1176 2682 ιμοῠ.
1210 2638 1291 2672 ιἘιστι
1313 2643 1340 2672 δὲ
1369 2645 1413 2672 καὶ
1439 2638 1515 2683 ἑτέρα
1550 2638 1689 2684 ουγγὲνεια
1709 2643 1752 2672 διὰ
1778 2643 1887 2681 θέσεως,

869 2723 995 2755 νΑΗΙιΕ
1018 2721 1232 2754 LECTlONES.

260 2799 355 2830 latum
372 2798 451 2829 hunc
466 2801 530 2837 post
546 2805 702 2829 canonem.
731 2799 744 2820 τ
759 2795 797 2827 ab
812 2796 867 2827 hac
882 2796 1004 2835 nefaria
1018 2794 1249 2828 cohabitan'om.
