1942 3081
41 150 100 185 945
724 151 808 182 ϐιΒῶ

960 150 1064 182 ΑΝΠΜ
1669 152 1727 186 946

38 219 128 248 εῗτουν
157 219 284 252 υἱοθεσίας
300 228 308 236 ·
331 219 365 253 ἣν
385 218 418 254 δὴ
445 219 490 248 καὶ
524 219 606 253 αὐτὴν
644 218 713 248 οὕτω
740 229 805 258 παρα

965 217 1258 258 adoptionem,quam
1267 218 1371 249 eodem
1382 219 1560 259 planemodo
1567 219 1728 253 observare

38 264 142 294 λάττειν
176 264 326 304 ὀφείλομεν,
369 265 486 302 καθάπερ
529 264 573 292 καὶ
601 263 650 298 τὴν
685 263 711 296 ἐξ
732 262 805 300 αῗμα

962 271 1119 302 emus,quo
1127 266 1155 293 et
1163 271 1303 302 eam,que
1315 267 1357 293 est
1370 273 1404 294 ex
1416 264 1605 303 sanguine,et
1618 265 1727 305 quzelex

33 310 77 338 καὶ
92 309 141 342 τὴν
177 308 219 337 διὰ
247 314 292 338 τοῦ
322 310 390 337 θείου
419 308 611 347 βαπτίσματος,
642 308 743 340 Ταύτας
769 308 800 346 γὲ

956 305 1002 336 ino
1011 306 1202 338 lavacro.Has
1212 307 1290 337 enim
1299 308 1472 348 utsuperius
1481 309 1609 348 positum
1621 314 1677 347 est,
1691 320 1723 341 ex

35 365 64 381 τε
86 357 139 381 τῶν
158 354 233 393 ἱερῶν
267 354 397 390 κανόνων,
432 354 474 381 καὶ
508 354 560 380 τῶν
588 352 748 384 φιλευσεϐὦν
775 352 802 380 νό

959 350 996 381 ris
1009 351 1183 389 canonibus,
1200 352 1406 392 religiosisque
1426 353 1541 391 legibus
1558 355 1726 394 accepimus

36 405 131 437 τηρεῖν
147 396 344 437 παρελάϐομεν,
380 398 416 429 ὡς
444 397 624 436 προέκκειται.
655 393 687 425 Ἦ
722 396 749 424 δέ
777 407 806 435 γε
822 395 863 423 διὰ

38 443 136 474 θέσεως
152 441 310 482 ἀδελφότης,
335 443 372 473 ὡς
401 441 560 474 ἀσύσταττος
594 442 637 469 καὶ
665 439 798 481 ἀϐέϐαιος,
821 441 864 468 καὶ

39 490 74 524 τῇ
117 487 191 526 φύσει
234 486 420 526 ἆνακόλουθος,
456 487 500 514 καὶ
527 489 566 522 τῷ
599 486 672 524 νόμῳ
700 484 862 524 ἀπόϐλητος,

43 530 160 563 οὒδόλως
197 530 254 559 οὐδὲ
279 532 314 563 εἷς
343 531 444 569 γαμικὰ
480 529 628 559 συνοικέσια
658 529 861 568 ἐμποδοστατεῖ.

276 571 281 580 ι
541 570 546 579 ι
746 570 751 579 ι
811 574 817 580 ι
830 574 834 583 ,

39 576 115 609 Φησὶ
130 576 180 615 γὰρ
195 577 225 604 τὸ
240 575 270 603 λε
296 575 438 615 κεφάλαιον
448 578 494 602 τοῦ
510 586 535 614 ιγ
566 575 653 603 τίτλου
667 578 712 603 τοῦ
728 585 739 602 ε
765 573 865 612 βιϐλίου

40 623 129 660 ρητῶς
154 620 249 649 οὖτωσί
272 629 279 637 ·
298 619 371 653 Μηδὲ
392 620 462 658 παρὰ
484 619 564 651 ξένοις
600 626 658 651 τοῖς
693 618 742 652 ἔξω
758 615 863 656 Ῥώμης

12 687 14 693 τ
43 666 146 693 οἰκοῦσι
169 663 210 692 διὰ
238 663 332 696 θέσεως
368 662 514 703 ἀδελφότης
543 663 714 694 συνιστάσθω.
743 663 795 691 Κέν
824 674 863 694 τις

40 711 76 741 ὡς
100 708 211 748 ἀδελφὸς
244 708 431 748 προσληφθεὶς,
462 707 626 747 κληρονόμος
655 711 755 748 γραφῇ,
785 707 862 735 ἐκπι-

38 754 128 782 πτέτω
142 747 191 786 τῆς
227 753 417 792 κληρονομίας.
451 747 533 781 U005v
569 752 659 786 ἐπειδὴ
697 751 766 780 οὕτω
794 752 864 791 παρᾶ

38 802 92 826 τῶν
110 798 198 835 νόμων
232 799 250 831 ἡ
279 797 321 825 διὰ
355 797 451 829 θέσεως
478 796 624 835 ἀδελφότης
652 797 862 836 ἀποσκορακίζε-

40 854 96 879 ται,
129 841 186 871 οὒδὲ
215 843 279 882 πρὸς
308 841 473 881 συναλλαγὰς
506 842 619 880 γαμικὰς

40 888 174 923 ὁπωσοῦν,
191 888 226 919 ὡς
247 886 296 919 ἔξω
323 889 372 919 τῆς
407 889 460 914 τῶν
487 887 562 925 ἱερῶν
597 886 713 914 κανόνων
742 887 785 914 καὶ
811 889 863 914 τῶν

40 930 202 971 φιλευσεϐὦν
229 931 318 968 νόμων
344 932 475 958 πίπτουσα
492 940 500 948 ⁸
537 929 597 958 ἀλλ’
633 931 663 966 ἐᾷ
684 931 780 962 ταύτας
795 941 864 969 προ-

12 988 13 995 π
39 976 150 1011 ϐαίνειν,
167 977 204 1007 ὡς
234 975 386 1013 μηδαμόθεν
415 975 527 1003 κώλυαίν
556 986 614 1003 τινα
639 975 656 1008 ἢ
686 975 787 1013 μέμψιν
803 975 864 1003 ἐπι-

38 1021 196 1059 συρομένας.
227 1015 259 1048 Ἠ
288 1020 357 1051 θέσις
393 1019 442 1059 γὰρ
471 1026 595 1057 μιμεῖται
637 1020 685 1053 τὴν
714 1020 800 1059 φύσιν.
834 1015 863 1046 Ἠ

39 1065 118 1105 φύσις
148 1064 174 1092 δὲ
202 1065 258 1092 υἱὸν
287 1064 455 1103 ἐπιγινώσκει
497 1062 538 1091 διὰ
567 1065 724 1102 γεννήσεως,
755 1063 865 1102 ἆδελσὸν

37 1109 66 1137 δὲ
97 1109 230 1147 οωαμῶς.
267 1110 297 1137 El
331 1108 357 1136 δὲ
379 1107 490 1147 ἀδελφὸν
531 1109 548 1142 ἡ
571 1109 664 1148 {quam
695 1109 724 1136 οὖ
751 1109 863 1148 πέφυκεν

42 1154 204 1191 ἂποτίκτειν,
233 1153 282 1192 ἄρα
305 1154 348 1181 καὶ
382 1154 399 1186 ἡ
430 1153 512 1192 θέσις,
555 1154 592 1185 ὡς
626 1152 779 1190 μιμουμένη
815 1153 864 1185 τὴν

41 1200 129 1238 φύσιν,
146 1199 193 1226 οὔκ
207 1198 321 1238 Eur/idat
337 1199 401 1236 πρὸς
428 1198 535 1230 ποίησιν
562 1197 750 1237 ἀδελφότητος.
775 1195 863 1225 Ἀκώ-

661 842 719 881 ἔχει
748 841 863 869 κώλυσιν

41 1245 107 1272 λυτα
124 1243 177 1280 οὖν,
201 1244 244 1271 καὶ
274 1242 474 1283 ἀκαιηγόρητα,
503 1243 546 1270 καὶ
579 1243 743 1270 παντάπασιν
772 1241 862 1279 ἄμεμ-

12 1291 15 1295 λ
41 1299 95 1317 πτα
124 1288 156 1316 τὰ
178 1286 382 1325 συναλλάγματα
411 1287 444 1314 τὰ
469 1287 560 1319 ἔξωθεν
585 1290 638 1314 τῶν
666 1285 763 1314 ἄνωθεν
788 1287 863 1325 εἰρη-

42 1333 141 1371 μένων,
158 1332 188 1360 ἔκ
212 1343 241 1360 τε
273 1331 402 1372 αἵματος,
432 1331 462 1359 ἔκ
495 1343 524 1359 τε
553 1331 719 1371 ἀγχιστείας,
756 1331 799 1358 καὶ
835 1330 864 1358 ἐκ

42 1378 140 1406 θέσεων
156 1376 322 1417 ἀμφοτέρων,
349 1379 396 1409 τῆς
422 1387 450 1404 τε
472 1375 514 1404 διὰ
542 1379 588 1404 τοῦ
615 1376 688 1415 ἁγίου
710 1375 863 1413 βαπτίσμα-

42 1423 159 1462 τος,καὶ
183 1424 230 1455 τῆς
262 1421 401 1452 υἱοθεσίας.
437 1421 486 1450 Καὶ
513 1419 571 1449 οὒτε
600 1419 633 1448 δι’
661 1419 862 1459 ἆδελφοποιΐας,

43 1467 102 1496 οὔτε
130 1465 164 1494 δι’
200 1465 283 1499 ἄλλης
318 1466 400 1497 αἰτίας
429 1465 500 1498 ὅλως
543 1465 803 1505 πορατραπῄσονται,
828 1466 863 1495 ὡς

39 1512 111 1550 παρὰ
126 1511 173 1544 τῆς
195 1515 241 1540 τοῦ
255 1511 335 1547 νόμου
351 1512 457 1543 σιωπῆς
486 1511 516 1537 τὸ
544 1510 695 1549 ἔμπρακτον
722 1509 797 1549 ἔχειν
812 1520 862 1536 σα-

37 1562 95 1598 φῶς
118 1556 394 1594 καταλαμϐανόμεναι.
409 1556 479 1590 Αὕτη
509 1567 550 1584 σοι
584 1555 648 1595 παρ’
683 1557 760 1593 ἡμῶν
775 1557 791 1589 ἡ
814 1558 862 1589 τῆς

38 1605 90 1635 σῆς
119 1602 252 1634 ἀξιώσεως
282 1600 460 1640 ἐκπλήρωσίς,
496 1601 644 1638 τιμιωτάτη
675 1611 720 1637 μοι
746 1600 790 1628 καὶ
805 1611 862 1640 τρι-

38 1647 138 1680 πόθητε
157 1646 260 1685 κεφαλή
312 1641 395 1678 “Huc
424 1647 446 1674 εἰ
475 1646 524 1684 μὲν
552 1649 597 1673 τοῦ
626 1644 684 1673 κατ’
714 1644 785 1677 ἀξίαν
814 1645 862 1683 ἐψ-

40 1691 137 1727 έκοιτο,
155 1691 237 1730 χάρισ
251 1694 289 1727 τῷ
305 1693 373 1730 Θεῷ,
390 1693 428 1727 τῷ
442 1693 476 1728 τῇ
499 1689 646 1729 ἀνθρωπίνῃ
676 1689 795 1725 ἀσθενείᾳ
814 1693 863 1722 τὴν

40 1736 134 1765 ἑαυτοῦ
155 1735 233 1775 ἰσχὺν
260 1735 431 1773 μεγαλύνοντι
450 1742 456 1750 ¹
487 1735 509 1762 εἱ
536 1735 561 1762 δὲ
591 1734 659 1762 πολὺ
686 1738 731 1762 τοῦ
759 1733 862 1766 δέοντος

40 1782 212 1818 ἀπολίποιτο,
249 1782 292 1809 καὶ
321 1781 389 1809 οὕτω
417 1781 496 1821 χάρις
523 1784 561 1818 τῷ
597 1780 700 1817 ἑκάστῳ
726 1781 790 1820 πρὸς
833 1781 863 1808 τὸ

39 1826 171 1867 συμφέρον
206 1826 254 1859 τὴν
288 1831 334 1855 τοῦ
375 1826 524 1863 πνεύματος
564 1824 657 1854 διδόντι
705 1825 861 1865 φανέρωσιν,

39 1872 116 1900 Ἐπεὶ
131 1871 187 1900 οὔδε
202 1871 310 1906 πάντες,
341 1870 494 1910 ἀπόστολοι,
511 1870 529 1904 ἢ
557 1869 720 1910 διδάσκαλοι,
750 1870 768 1904 ἢ
794 1881 862 1908 προ-

37 1919 133 1957 φῆται,
150 1916 217 1944 κατὰ
238 1916 284 1943 τὸν
314 1915 398 1955 μέγαν
435 1914 594 1946 ἀπόστολον,
625 1914 709 1952 Ἠμῖν
736 1912 764 1942 δὲ
797 1925 863 1953 συγ-

12 1963 15 1970 ’
36 1961 134 2000 γνώμη
153 1961 260 1991 πάντως
275 1959 348 1988 ἔσται
363 1960 434 2000 παρὰ
460 1961 513 1987 τῶν
534 1960 593 1991 τοὺς
622 1959 732 1991 οἰκείους
768 1958 862 1998 λόγους

35 2005 245 2042 οἶκονομούντων
268 2004 294 2033 ἔν
322 2005 416 2043 κρίσει,
454 2005 538 2032 εἰτουν
563 2003 701 2044 διακρίσει,
723 2004 790 2031 κατὰ
818 2004 863 2031 τὸν

35 2049 189 2088 ψάλλοντ²’
217 2049 253 2081 ὡί
283 2048 312 2077 οὗ
340 2049 460 2088 θράσους,
496 2048 514 2082 ἢ
543 2047 688 2080 ἐπιδείξεως
722 2046 782 2075 ἀλλ’
810 2048 863 2075 ὓπ-

36 2096 123 2127 ακοῆς
147 2094 190 2122 καὶ
211 2094 317 2132 ἀγάπης
333 2096 527 2132 πνευματικῆς,
550 2094 593 2120 καὶ
608 2095 736 2132 σαρκικῆς
765 2092 863 2119 οἷκειό-

36 2149 119 2171 τητος
147 2138 317 2178 προθεμένοις
346 2137 487 2166 ἀποδοῦναι
528 2137 647 2178 ὄφλημα,
699 2137 802 2164 Γένοιτο
837 2135 863 2163 δὲ

905 395 1189 432 observandasQuze
1195 400 1293 427 autem
1301 406 1354 436 per
1360 397 1548 436 adoptionem
1560 398 1726 430 fraternitas

905 439 1058 480 contingit,
1073 445 1105 470 ut
1118 440 1275 471 imbecillis
1288 445 1316 471 et
1325 441 1448 479 incerta,
1460 450 1515 473 nec
1527 447 1726 474 consentanea

906 488 1029 520 naturae,
1048 489 1077 515 et
1094 485 1157 525 lege
1175 485 1339 525 rejicienda
1359 486 1382 521 ιι,
1410 486 1525 517 nullum
1550 496 1671 526 prorsus
1687 488 1724 519 ad

906 529 1054 567 nuptiales
1071 529 1305 561 cohabitaliones
1329 530 1578 570 impedimentum
1596 536 1726 570 praestat.

904 574 953 605 Ait
965 573 1043 604 enim
1058 575 1096 606 35
1106 583 1133 606 c.
1155 575 1241 605 l3tit.
1259 575 1278 605 5
1290 574 1369 613 libri,
1387 575 1430 605 sic
1442 575 1478 606 ad
1494 575 1619 606 verbum
1633 586 1639 606 :
1655 577 1728 607 Nec'

905 619 980 658 apud
997 619 1182 659 peregrinos,
1197 619 1247 659 qui
1262 624 1344 650 extra
1358 620 1482 650 Romam
1507 619 1649 658 habitant,
1666 620 1727 651 fra-

905 663 1026 693 ternitas
1042 672 1094 703 per
1116 663 1306 703 adoptionem
1327 664 1469 695 consistat
1485 676 1491 693 :
1510 669 1539 695 et
1554 664 1578 694 si
1595 665 1660 704 quis
1675 674 1725 695 as-

904 712 1040 748 sumptus
1056 712 1087 738 ut
1101 708 1202 748 frater,
1220 709 1315 740 haeres
1331 709 1459 750 scriptus
1483 709 1531 746 sit,
1560 709 1676 740 excidat
1690 709 1727 740 ab

905 753 1087 783 haareditate.
1107 753 1191 784 Unde
1211 763 1278 783 cum
1303 753 1346 784 sic
1372 763 1389 784 a
1415 753 1531 793 legibus
1555 753 1728 785 fraternitas

904 797 1070 837 adoptionis
1095 797 1281 838 reprobetur,
1312 807 1407 837 neque
1433 798 1470 829 ad
1495 799 1729 830 matrimoniales

905 842 1116 872 conventinnes
1132 843 1361 882 prohibitionem
1382 844 1470 874 habet
1494 843 1595 881 ullam,
1612 847 1724 883 utpote,

874 880 894 904 Β
906 890 987 917 extra
1013 896 1077 917 eam
1103 880 1213 917 cadens
1228 896 1293 927 quae
1308 896 1342 918 ex
1358 887 1621 918 sacriscanonibus
1637 880 1729 928 est,et

907 930 1321 971 religiosisilegibuchrum
1344 932 1414 962 sinit
1437 932 1490 962 has
1504 932 1679 971 procedere,
1696 936 1729 963 ut

907 976 987 1006 nulla
1003 985 1035 1005 ex
1052 980 1133 1016 parte
1150 976 1380 1016 prohibitionem
1399 976 1538 1017 aliquam,
1555 976 1600 1007 vel
1623 986 1729 1017 repre-

906 1020 1082 1051 hensionem
1098 1021 1421 1061 attrahentes.Adoptio
1435 1022 1515 1052 enim
1526 1021 1657 1052 imitatur
1673 1031 1729 1052 na—

907 1070 1003 1096 turam
1019 1075 1025 1095 :
1040 1069 1143 1096 natura
1160 1070 1259 1096 autem
1276 1067 1366 1097 lilium
1383 1066 1464 1097 novit
1479 1076 1533 1107 per
1555 1066 1726 1106 generatio-

905 1119 985 1149 nem,
1003 1109 1122 1140 fratrem
1137 1119 1333 1151 nequaquam.
1348 1110 1430 1147 Quod
1447 1111 1470 1141 si
1486 1111 1607 1142 fratrem
1624 1114 1729 1141 natura

906 1163 1061 1194 procreare
1078 1164 1136 1185 non
1152 1159 1259 1194 potest.
1279 1165 1333 1186 nec
1346 1155 1463 1195 adoptio
1479 1155 1726 1195 igitur,utimita-

904 1199 960 1230 trix
977 1200 1138 1237 naturae,ad
1146 1200 1311 1230 faciendam
1325 1200 1538 1231 fraternitatem
1546 1200 1632 1231 valet.
1644 1200 1728 1230 Liciti

906 1249 973 1274 sunt
985 1243 1145 1283 igitur,nec
1158 1244 1339 1275 accusationi
1353 1245 1399 1275 vel
1414 1244 1640 1285 reprehensioni
1655 1244 1728 1275 sub-

902 1289 975 1328 jecti
989 1289 1223 1329 contractus,qui
1240 1294 1322 1320 extra
1336 1298 1386 1320 eos
1402 1294 1480 1326 sunt,
1497 1299 1570 1330 quos
1591 1289 1729 1330 superius

905 1333 1032 1364 diximus
1048 1342 1081 1364 ex
1093 1333 1247 1374 sanguine,
1261 1343 1294 1365 ex
1310 1334 1463 1371 afﬁnitate,
1482 1338 1510 1364 et
1524 1338 1652 1373 utraque
1663 1334 1729 1365 affi-

905 1377 1038 1417 lialione,
1069 1382 1126 1408 tam
1157 1388 1222 1418 quae
1247 1388 1300 1418 per
1321 1388 1438 1410 sacrum
1468 1378 1624 1419 baptisma,
1643 1387 1729 1419 quam

906 1431 970 1462 quae
986 1431 1038 1463 per
1055 1423 1294 1463 adoptionem.Et
1306 1433 1403 1464 neque
1418 1432 1472 1464 per
1486 1423 1584 1454 fratris
1596 1423 1726 1464 adoptio-

906 1476 1088 1508 nem,neque
1101 1477 1152 1507 per
1167 1467 1255 1499 aliam
1271 1477 1390 1499 causam
1406 1478 1528 1508 prorsus
1545 1472 1728 1499 evertentur.

873 1523 893 1548 (ι
907 1521 971 1551 quae
987 1521 1039 1552 per
1055 1512 1127 1551 legis
1143 1513 1292 1543 silentium
1309 1512 1572 1553 deprehendantur
1590 1513 1728 1543 effectum

907 1556 1099 1587 habereHzec
1116 1557 1168 1587 tibi
1184 1566 1200 1587 a
1215 1557 1301 1588 nobis
1322 1562 1383 1588 tum
1411 1557 1565 1598 petitionis
1579 1557 1728 1597 impletio,

907 1601 1153 1640 pretiosissimum
1170 1601 1242 1632 mihi
1259 1606 1288 1633 et
1300 1602 1507 1633 charissimum
1520 1602 1693 1642 caput.Qua3
1704 1601 1729 1632 si

907 1646 1088 1685 propositum
1106 1646 1195 1676 finem
1213 1646 1437 1687 pertingat,Deo
1448 1647 1485 1677 sit
1493 1646 1597 1686 gratia,
1610 1647 1660 1686 qui
1675 1646 1729 1676 hu-

907 1698 1001 1720 manae
1013 1689 1209 1722 imbecillitati
1225 1700 1307 1722 suam
1324 1692 1458 1722 virtutem
1476 1693 1595 1730 copiose
1617 1691 1728 1730 elargi-

907 1738 973 1765 tur:
989 1735 1067 1772 quod
1097 1735 1122 1765 si
1140 1745 1156 1765 a
1171 1735 1270 1766 debito
1295 1736 1381 1775 longe
1411 1735 1488 1767 absit
1512 1736 1620 1774 ofﬁcio,
1641 1732 1735 1766 etiam

905 1779 947 1809 sic
975 1779 1068 1817 gratia
1096 1780 1212 1820 cuique,
1241 1781 1292 1821 qui
1316 1781 1408 1819 adid,
1427 1781 1502 1821 quod
1527 1780 1726 1818 conducibile,

905 1823 954 1854 dat
969 1824 981 1845 ¹ί
997 1824 1118 1864 spiritus
1137 1825 1492 1857 manifestationem.Nam
1503 1835 1599 1866 neque
1611 1834 1726 1861 omnes,

905 1869 1044 1907 apostoli,
1061 1873 1109 1900 aut
1133 1869 1280 1907 doctores,
1297 1875 1347 1901 aut
1375 1870 1537 1911 prophetat,
1560 1871 1643 1909 juxta
1662 1879 1727 1900 ma-

906 1921 995 1951 gnum
1012 1913 1292 1953 Apostolum.Nobis
1306 1920 1403 1946 autem
1419 1915 1503 1945 venia
1516 1916 1636 1945 omnino
1650 1913 1732 1945 dabi-

907 1961 954 1986 tur
970 1957 1069 1994 abiis,
1096 1958 1147 1998 qui
1173 1968 1255 1990 suam
1281 1960 1444 1990 orationem
1469 1959 1728 1999 disponuntlcum

905 2001 1016 2039 judicio
1033 2012 1084 2033 seu
1096 2004 1346 2041 consideratione,
1360 2005 1442 2044 juxta
1458 2013 1526 2035 eum
1541 2004 1592 2044 qui
1607 2003 1706 2044 psallit
1721 2013 1728 2034 :

906 2046 985 2086 quod
1002 2057 1061 2078 non
1076 2048 1267 2086 audaciae,vel
1288 2049 1505 2085 ostentationis,
1518 2048 1569 2079 sed
1586 2048 1729 2079 obedien-

905 2091 955 2121 tim
969 2094 998 2121 et
1014 2091 1176 2131 spiritualis
1187 2093 1366 2131 dilectionis,
1385 2094 1571 2133 carnalisque
1587 2093 1730 2133 proximi-

906 2135 973 2166 tatis
990 2138 1233 2176 proposuerimus
1249 2138 1381 2168 debitum
1410 2138 1550 2169 reddere.
1567 2137 1628 2168 Tua
1643 2146 1730 2168 reve-

36 2185 83 2212 καὶ
98 2183 149 2216 τὴν
171 2183 220 2215 σὴν
236 2182 378 2220 τιμιότητα
404 2182 430 2210 ἒν
456 2186 494 2219 τῷ
508 2183 589 2221 φωντὶ
615 2185 668 2209 τῶν
697 2184 742 2209 τού
771 2186 803 2209 Κι

962 2180 1002 2210 tia
1019 2182 1046 2211 in
1063 2181 1129 2212 luce
1145 2186 1358 2222 prmceptorum
1375 2182 1494 2213 Domini
1511 2186 1652 2223 perpetuo
1664 2191 1729 2213 am-

37 2226 153 2256 ἑντολῶν
182 2228 337 2266 πορευθῆναι
364 2226 596 2266 ἆμεταστρέπτως,
648 2226 691 2253 καὶ
721 2227 792 2262 ἡμᾶς
821 2225 863 2253 διὰ

37 2276 92 2301 τῶν
105 2274 159 2299 σῶν
172 2270 330 2310 ἱλαστηρίων
349 2270 476 2308 δεήσεων,
500 2271 543 2299 καὶ
572 2277 667 2310 τυχεῖν
695 2271 744 2303 τῆς
772 2269 802 2298 ἐκ
816 2269 861 2297 δε-

36 2318 100 2350 ξιῶν
116 2318 194 2345 αὺτοῦ
207 2314 305 2348 τάξεώς
339 2326 368 2343 τε
405 2317 449 2344 καὶ
478 2316 605 2352 στάσεως,
639 2315 707 2352 μετὰ
727 2318 780 2343 τῶν
817 2314 861 2342 ἀπ’

35 2363 131 2393 αἰῶνος
146 2361 375 2399 εὖαρεστησάντων
401 2362 483 2396 αὐτῷ.
514 2357 545 2400 ᾯ
574 2359 667 2400 πρέπει
694 2358 766 2396 δόξα,
796 2359 863 2396 τιμὴ

35 2408 80 2436 καί
95 2406 190 2443 κράτος
206 2405 322 2441 αἰώνιον,
340 2409 383 2433 νῦν
398 2407 440 2434 κοὶ
467 2407 503 2438 εἷς
531 2406 576 2434 τὸν
610 2405 755 2442 ἀπέραντον
784 2405 867 2432 αἰῶνα

37 2455 91 2480 τῶν
107 2451 221 2480 αἰώνων.
239 2450 327 2488 Ἀμήν
333 2473 339 2479 .

906 2225 987 2255 bulet
999 2229 1028 2256 et
1044 2235 1096 2256 nos
1112 2236 1166 2266 per
1183 2231 1247 2258 tuas
1263 2227 1481 2267 propitiatorias
1508 2236 1622 2267 preces,
1648 2236 1732 2258 asse-

905 2278 1035 2310 quamur
1050 2280 1066 2301 a
1083 2271 1195 2302 dextris
1212 2272 1274 2312 ejus
1291 2271 1425 2302 ordinem
1441 2276 1470 2301 et
1485 2272 1670 2311 locum,cum
1681 2271 1731 2309 iis,

906 2313 956 2353 qui
972 2314 1008 2345 ab
1025 2319 1135 2346 aeterno
1152 2316 1239 2348 electi
1265 2317 1292 2347 ei
1307 2319 1387 2347 sunt.
1404 2316 1457 2347 Cui
1472 2316 1612 2356 competit
1627 2316 1730 2356 gloria,

907 2359 1013 2396 honor,
1027 2364 1054 2390 et
1061 2361 1447 2400 potentiaaeterna,nunc,et
1462 2360 1492 2391 in
1508 2361 1655 2392 infinitum
1673 2370 1727 2392 sae-

909 2403 1008 2434 culum
1024 2405 1214 2437 saeculorum.
1232 2407 1341 2437 Amen.

702 2533 834 2565 VARIIE
850 2531 1070 2566 LEGTIONES.

77 2615 91 2636 ε
105 2603 245 2647 rejtcula.
281 2607 293 2647 ιΔ
303 2602 325 2633 ι.
392 2601 426 2634 C.
443 2602 480 2634 de
493 2601 605 2634 hared.
635 2601 784 2647 institui.“
803 2599 910 2647 5'7._D.
927 2600 1030 2647 ϐοά..)
1043 2603 1141 2647 sacris
1168 2602 1337 2647 canonibus
1361 2605 1388 2632 et
1412 2600 1604 2647 piislegtbas
1620 2603 1739 2647 ignota.

39 2649 52 2685 If
67 2641 171 2685 gratia
185 2643 223 2680 ei,
240 2643 415 2685 qui_cuz:que
430 2651 471 2674 ea;
486 2651 544 2674 mu
558 2651 613 2674 suo
627 2642 682 2685 dat
696 2642 831 2681 spiritus.
851 2644 941 2672 leua;
956 2642 1093 2673 rationes
1102 2643 1319 2674 administrant
1329 2648 1396 2673 cum
1406 2641 1537 2680 judicio,
1547 2642 1612 2672 sive
1622 2641 1739 2673 discre-

40 2682 132 2724 τὶὀηι,
149 2687 182 2716 ut
198 2691 267 2715 cum
282 2682 480 2714 Psalmorum
495 2686 619 2714 auctore
633 2682 756 2722 loquar.
