1942 3081
105 125 168 160 953

769 125 1127 162 GMGO-ROMANUM.

1734 127 1792 161 954

107 195 153 223 οὖν
175 195 205 224 τδ
224 194 347 235 μέγιστον
369 196 456 224 ἐκεῖνο
478 195 595 233 σφάλμα,
625 196 669 224 καὶ
692 198 769 224 τοῦτο
783 195 815 229 δὴ
837 195 867 223 τὸ

1022 202 1049 222 m
1065 192 1138 224 illud
1155 198 1297 234 erratum,
1313 198 1353 234 et,
1371 199 1402 226 ut
1416 194 1584 226 Salomonis
1599 198 1664 226 utar
1679 195 1789 233 verbis,

106 239 293 277 Σολομῶντος,
315 240 376 277 ᾅδου
398 240 526 279 πεταόρου
553 239 644 268 ποιοῦν
680 243 818 279 συναντᾷν,
848 241 865 273 ἡ
902 239 928 267 ἰν

105 288 146 322 τῷ
173 287 221 318 τῆς
256 285 368 317 πίστεως
405 283 529 322 συμϐόλῳ
565 285 719 322 καινοτομίᾳ
735 293 743 300 ⁸
781 284 814 318 ἣν
835 284 929 318 ἐποιή-

105 340 199 366 σαντο,
235 329 458 369 ἆνακηρύττοντες
492 329 523 357 τὸ
551 330 656 366 Πνεῦμα
691 329 720 357 ἐκ
754 332 799 358 τοῦ
827 330 928 368 Πατρὸς

105 374 152 402 καὶ
179 373 208 402 ἐκ
242 379 288 403 τοῦ
316 376 376 402 Υἶοῦ
401 373 596 413 ἐκπορεύεσθαι.
625 374 674 401 Καὶ
709 374 776 411 μετά
810 373 896 402 πολλά
919 382 927 390 ⁸

106 417 182 447 Ἐπεὶ
196 417 223 446 δὲ
237 419 281 446 καὶ
304 419 363 458 περὶ
385 421 434 453 τῆς
466 421 615 458 προσφορᾶς
637 421 691 446 τῶν
714 418 818 454 ἀζύμων
847 417 929 450 πολὺς

104 464 121 491 ὁ
149 462 229 498 ζῆλος
250 469 310 496 τοῖς
331 463 455 503 πολλοῖς,
479 464 522 491 καὶ
550 464 630 502 πυρὸς
658 463 824 503 θερμότερος,
854 464 868 491 ὃ
897 462 929 496 δὴ

104 506 213 546 λέγεται
230 515 238 522 ⁵
265 508 309 536 καὶ
331 508 456 548 πρότερον
479 507 509 536 ἂν
523 508 570 540 τὰς
587 507 677 547 ψυχὰς
699 508 833 547 πρόοιντο,
849 507 866 542 ἢ
881 508 929 540 τὴν

86 551 167 591 νπιρὶ
192 551 293 580 τούτων
324 551 399 585 δόξαν
422 553 506 581 αὒτῶν
527 551 704 591 παραλύσαιεν
757 553 781 580 οἱ
809 551 835 580 δέ
860 563 929 584 τινες

103 597 151 624 καὶ
181 595 268 632 οἰκείῳ
303 597 379 624 πάθει
406 597 639 636 καταχαρίζονται,
679 597 722 624 καὶ
764 597 843 635 παγὶς
885 601 929 626 τοῦ

104 639 228 668 διαϐόλου
255 643 294 677 τῷ
311 640 406 678 Παύλῳ
435 640 510 668 δοκεῖ
527 650 535 658 ⁸
565 640 581 668 ἃ
603 640 652 677 μὲν
675 639 717 668 δεῖ
735 641 800 679 πρὸς
822 640 928 673 τούτους

104 685 204 724 εἰπεῖν,
227 683 254 711 ὲν
277 684 376 724 ὑστέρῳ
403 684 522 722 λέξομεν,
546 685 576 712 τὸ
595 688 656 724 μὲν,
677 685 709 712 τὸ
738 684 850 723 ἄμετρον
883 684 930 713 τοῦ

103 728 188 764 ζήλου
221 728 389 765 κολάζοντες,
419 735 478 760 τοῖς
513 728 540 756 δὲ
577 729 699 757 ταπεινὸν
726 727 871 760 δεικνύντες
899 730 929 757 τὸ

105 773 296 804 ἀταπείνωτον.
315 774 364 802 Καὶ
379 773 451 805 αὖθις
474 774 540 811 μετὰ
564 773 650 801 πολλά
664 781 671 788 ·
698 774 746 802 Καὶ
767 780 826 805 τοῖς
857 778 931 802 Δυτι-

970 235 1125 268 incurrere
1148 238 1259 270 faciens
1285 239 1315 270 in
1341 240 1476 280 laqueum
1502 240 1624 277 inferni,
1642 240 1791 271 innovatio

971 281 1000 312 in
1017 282 1086 313 fidei
1097 283 1333 324 symbolo,quam
1342 285 1486 322 fecerunt,
1502 285 1716 325 promulgando
1728 284 1792 325 Spi-

972 326 1060 357 ritum
1077 337 1110 358 ex
1128 329 1213 358 Patre
1230 332 1258 358 et
1274 327 1347 358 Filio
1362 329 1535 368 procedere.
1553 329 1592 360 Et
1606 333 1672 369 post
1683 329 1787 360 multa.

972 370 1115 407 Quoniam
1131 376 1227 402 autem
1244 376 1273 403 et
1288 372 1325 404 de
1347 382 1512 413 azymorum
1527 373 1676 405 oblatione
1692 374 1793 406 multis

972 424 1096 454 magnus
1110 420 1157 447 est
1172 417 1264 454 zelus,
1289 421 1317 448 at
1333 418 1400 456 igne
1415 417 1576 455 ardentior,
1605 418 1680 458 quod
1698 418 1790 458 aiunt,

971 464 1000 490 et
1015 460 1096 500 prius
1109 461 1222 492 animas
1233 461 1398 499 amiserint,
1416 470 1504 502 quam
1517 462 1690 502 opinionem
1699 462 1737 493 de
1746 463 1792 493 his

970 513 1052 535 suam
1066 505 1267 536 destituerint.
1280 506 1404 542 Quidam
1420 511 1517 536 autem
1535 511 1564 537 et
1580 507 1699 546 proprio
1711 506 1792 537 blan-

970 549 1093 580 diuntur
1107 550 1236 591 aﬂ‘ectui,
1253 555 1282 581 et
1297 551 1420 591 Iaquens
1445 550 1556 581 diaboli
1572 551 1662 583 Paulo
1677 551 1793 582 videtur

970 593 1041 629 Quae
1055 595 1084 624 in
1100 595 1154 625 hos
1170 595 1297 626 dicenda
1313 600 1394 632 sunt,
1419 596 1566 635 posterius
1582 595 1766 636 proferemus
1783 604 1789 626 :

971 638 1096 669 aliorum
1112 639 1231 679 quidem
1244 640 1471 671 immoderatum
1487 640 1581 670 zelum
1595 640 1751 680 punientes
1766 647 1790 677 ιι,

972 682 1037 713 aliis
1052 688 1150 715 autem
1161 683 1308 724 abjectum
1320 685 1512 716 ostendentes
1523 685 1599 725 quod
1613 694 1671 715 non
1682 689 1726 714 est
1736 683 1791 715 ab-

969 727 1082 766 jectum
1097 745 1110 766 (ι
1123 728 1164 760 Et
1178 733 1362 769 rursuspost
1374 729 1470 760 multa
1486 740 1494 759 :
1510 729 1544 759 Et
1560 728 1792 760 occidentalibus

972 771 1061 811 igitur
1070 773 1094 803 si
1107 773 1177 814 quid
1190 774 1219 804 in
1227 773 1363 814 dogmate
1373 773 1606 814 peccatur,quod
1615 773 1652 804 de
1662 773 1750 804 Patre
1759 773 1791 803 fi-

103 825 167 850 κοῖς
189 818 274 846 τοίνυν
290 818 342 846 εἴτι
375 819 424 856 μὲν
451 819 510 858 περὶ
542 819 571 846 τὸ
606 817 691 857 δόγμα
713 817 870 858 διαμαρτάνε

1022 826 1040 846 ιι
1056 824 1067 839 τ
1077 818 1225 848 concutiat
1242 818 1432 858 (quale,quod
1446 820 1474 848 in
1488 817 1619 858 symbolo
1633 817 1669 848 de
1681 817 1789 857 Spiritu

104 862 156 896 τὴν
190 863 320 902 πατρικὴν
348 864 435 891 πίστιν
461 862 581 900 σαλεῦον,
619 865 678 891 οἷον
712 862 744 896 δὴ
772 865 802 892 τὸ
837 863 863 891 ἐν
890 867 929 900 τῷ

105 906 231 945 συμϐόλῳ
269 908 327 947 περὶ
353 913 399 937 τοῦ
427 908 500 946 ἁγίου
523 908 672 945 Ηνεύματος
701 908 925 947 προστιθέμενον’

104 951 167 980 ἔνθα
201 953 215 980 ὸ
245 951 360 984 κίνδυνος
396 952 520 991 μέγιστος
539 962 545 970 '
586 957 662 981 τοῦτο
691 953 729 990 μὴ
764 951 928 992 διορθώσεως

103 996 259 1034 ἀξιούμενον
290 1001 448 1036 συγχωρῶν,
477 997 668 1037 ὰσυγχώρητος
686 1005 693 1011 ’
723 997 770 1025 κᾶν
800 997 852 1025 ἀπὸ
883 1009 928 1026 του

102 1041 196 1080 θρόνου
224 1041 284 1073 τοὺς
320 1041 414 1080 λόγους
452 1044 592 1080 ποιῶνται,
623 1041 652 1069 ὃν
692 1041 796 1079 ὑψηλὸν
834 1041 931 1079 ὑψηλοὶ

103 1086 257 1125 προτιθέασι
275 1095 282 1103 ⁸
311 1085 361 1114 κᾶν
383 1086 432 1119 τὴν
460 1091 506 1115 τοῦ
528 1086 626 1125 Πέτρου
648 1086 790 1124 ὁμολογίαν
819 1085 932 1125 προϐάλ-

103 1130 216 1167 λωνται,
237 1129 285 1159 κᾶν
300 1131 345 1158 τὸν
366 1130 409 1158 ἔπ’
432 1130 518 1168 ἐκείνῃ
549 1131 715 1169 μακαρισμὸν
739 1130 896 1170 περιφέρωσι
920 1140 927 1148 ο

103 1175 156 1203 κᾶν
177 1176 225 1207 τὰς
239 1175 315 1207 κλεῖς
337 1177 386 1208 τῆς
397 1175 531 1214 βασιλείας
543 1176 611 1213 ἡμῖν
626 1175 771 1206 ἐπισείωσι,
788 1175 836 1203 Καὶ
851 1174 930 1203 πάλιν

103 1219 173 1257 μετὰ
194 1219 281 1249 πολλά
299 1227 305 1234 ·
329 1221 365 1248 Οὒ
390 1220 475 1247 τοίνυν
491 1218 549 1247 οὔτε
570 1220 629 1258 περὶ
650 1222 703 1247 τῶν
723 1219 840 1256 ἀζύμων,
871 1219 929 1247 οὔτε

102 1264 164 1303 περὶ
178 1265 230 1291 τῶν
252 1267 381 1297 νηστειῶν
405 1262 714 1303 ἀντισκληρυνθησόμεθα
742 1267 780 1300 τῷ
809 1263 929 1301 ἆκαμπεΐ

102 1312 152 1337 τοῦ
172 1307 258 1340 ἔθνους
274 1309 433 1348 φρονήματι.
456 1312 538 1337 Τοῦτο
565 1308 615 1347 γάρ
637 1307 705 1335 trer
722 1307 842 1347 ὀστράκῳ
864 1319 928 1347 συγ-

102 1352 203 1388 κολλᾷν
225 1352 364 1392 ὄστρακον,
395 1352 478 1390 μηδὲν
499 1352 560 1386 ἦθος
596 1352 612 1377 3
638 1352 775 1391 ὑγροτέρου
803 1363 929 1392 παρεντι-

101 1398 208 1436 θᾶντας,
251 1397 340 1436 ὥσπερ
375 1396 474 1436 ἐγένετ’
510 1397 541 1425 ἂν
571 1397 638 1429 ἴσως
667 1396 824 1436 ἐχέκολλον,
867 1396 930 1425 Οὖδὲ

102 1441 205 1470 πολλοῦ
234 1441 275 1470 δεῖ
296 1443 354 1482 περὶ
383 1443 436 1470 τῶν
466 1442 691 1480 ἆπηριθμημένων
713 1441 840 1469 λοιπῶν·
865 1441 931 1481 ἅπερ

971 865 1072 891 sancto
1083 862 1295 902 adjectum,nbi
1307 863 1471 903 periculum
1486 863 1732 902 inaximum).hoc
1741 861 1792 902 qui

970 914 1028 935 non
1039 905 1162 946 dignum
1175 908 1361 938 correctione
1377 907 1586 945 'concesserit,
1603 907 1689 937 venia
1709 907 1790 937 indi-

969 951 1114 989 gnuszctsi
1122 952 1247 982 athrono
1254 952 1570 992 verbafaciant',quem
1578 951 1734 982 sublimem
1741 961 1791 981 su-

969 993 1077 1026 blimes
1088 997 1351 1036 proponuntmetsi
1371 997 1673 1028 l'etrieonfessionem
1691 995 1789 1036 profe-

974 1043 1052 1076 rant,
1067 1045 1095 1070 et
1113 1041 1136 1071 si
1146 1042 1210 1081 ejus
1228 1041 1475 1072 beatiﬁcationem
1489 1041 1708 1077 circumferant,
1727 1040 1790 1070 etsi

971 1083 1067 1114 claves
1074 1086 1157 1125 regni
1166 1086 1320 1116 minaciter
1328 1086 1412 1117 nobis
1421 1086 1553 1127 quatiant
1569 1086 1604 1116 Et
1611 1094 1718 1116 rursus
1725 1088 1792 1124 post

971 1129 1085 1160 multa:
1101 1130 1190 1169 Igitur
1202 1140 1297 1171 neque
1309 1136 1429 1171 propter
1441 1140 1551 1172 azyma,
1568 1139 1665 1171 neque
1675 1129 1791 1169 jejuniu

971 1172 1206 1205 obdurescemus
1218 1179 1319 1206 contra
1333 1175 1456 1214 rigidam
1473 1175 1568 1215 gentis
1585 1174 1796 1215 pertinaciam:

973 1217 1045 1257 (Hoc
1057 1219 1135 1249 enim
1148 1224 1192 1250 est
1204 1224 1309 1250 testam
1319 1219 1725 1260 testaeconglutinare,sinihil
1737 1227 1792 1248 na-

972 1266 1044 1293 tura:
1059 1263 1244 1295 ﬂexibilioris
1259 1265 1441 1306 interponas,
1455 1274 1519 1305 quae
1530 1265 1649 1295 forsitan
1661 1263 1791 1303 glutino-

972 1316 1033 1338 sam
1040 1308 1097 1338 vim
1107 1309 1337 1350 habeat):neque
1345 1310 1406 1341 fere
1416 1314 1537 1350 propter
1544 1309 1656 1350 reliqua
1668 1318 1777 1339 enume

971 1356 1114 1393 rata,quze
1125 1362 1157 1384 se
1168 1354 1325 1385 observare
1340 1354 1523 1392 conﬁtentes,
1543 1358 1648 1394 praeter
1658 1352 1792 1384 suffocati

973 1398 1161 1437 esum(hujus
1171 1398 1248 1430 enim
1259 1408 1356 1439 neque
1367 1407 1474 1430 nomen
1485 1398 1595 1429 Latinis
1605 1397 1793 1438 temperanti-

972 1441 1300 1480 bustolerubile',sicut
1313 1453 1367 1474 nec
1378 1443 1577 1483 nobis-,neque
1586 1442 1792 1473 fornicationis

104 1486 297 1524 ὁμολογοῦντες
313 1487 357 1515 καὶ
378 1487 451 1516 αὐτοὶ
472 1494 577 1526 τηρεῖν,
606 1487 682 1517 ὶκτὸς
710 1489 759 1519 τῆς
782 1497 871 1514 πνικτο

1025 1487 1217 1527 ejunii,etiam
1227 1488 1251 1518 si
1264 1489 1348 1519 ferini
1364 1493 1392 1519 et
1403 1488 1542 1519 bestiales
1551 1487 1721 1518 hominesid
1731 1491 1792 1518 stu-

105 1533 165 1571 γίας
196 1531 305 1571 (ταύτης
341 1532 391 1571 γὰρ
422 1531 480 1561 οὗδὲ
509 1531 623 1568 τοῦνομα
645 1532 765 1563 Λατίνοις
801 1532 930 1571 σώφροσιν

104 1577 227 1613 ἀνεκτὸν,
251 1576 341 1616 ὥσπερ
371 1575 428 1604 οὐδὲ
456 1574 518 1616 παρ’
547 1577 624 1616 ἡμῖν,
654 1575 711 1603 οὐδὲ
738 1577 769 1603 τὸ
790 1578 838 1609 τῆς
861 1587 929 1614 πορ-

105 1621 188 1658 νείας,
219 1622 262 1649 καὶ
295 1623 345 1655 τῆς
381 1621 502 1654 νηστείας
520 1623 529 1636 ‘
565 1619 613 1648 κᾶν
648 1621 671 1648 οἱ
706 1619 845 1660 θηριώδεις
887 1620 930 1648 καὶ

104 1665 250 1698 κτηνώδεις
292 1665 390 1699 ταύτην
441 1664 624 1704 ἐπιτηδεύωσι)
664 1664 769 1693 δοκοῦσι
817 1664 929 1696 πολλοῖς

105 1709 260 1749 ἆσῦγνωστα
301 1710 468 1750 σφάλλεσθαι,
514 1707 561 1737 Ὧν
598 1710 636 1747 μὴ
678 1710 836 1738 συντίθεσθαι
871 1716 929 1740 τοῖς

104 1755 207 1794 λόγοις,
224 1754 316 1795 ἀνδρός
341 1755 424 1794 ἔστιν,
447 1756 482 1788 ὡς
504 1755 595 1791 οἶμαι,
615 1760 676 1785 ταῖς
693 1753 928 1787 ὲκκλησιαστικα“ς

105 1793 229 1838 iur—cogat;
244 1793 480 1839 ἐγγυμνασθὲντος,
504 1800 547 1826 καὶ
576 1799 714 1836 μαθόντος.
746 1793 791 1829 ρΩς
820 1799 849 1826 οὗ
877 1809 928 1826 παν

972 1530 1054 1561 diose
1069 1532 1176 1571 colant)
1190 1533 1327 1563 videntur
1348 1533 1447 1564 multis
1470 1542 1515 1568 ea,
1528 1541 1594 1572 quae
1604 1531 1718 1562 veniam
1732 1541 1790 1561 non

973 1577 1409 1616 merentur,peccare.Qnorum
1418 1577 1513 1608 verbis
1522 1586 1579 1607 non
1587 1576 1792 1608 assentiriviri

972 1625 1026 1658 est,
1041 1625 1071 1650 ut
1083 1622 1198 1661 opinor,
1210 1622 1238 1652 in
1255 1622 1465 1652 ecclesiasticis
1479 1622 1612 1652 historiis
1625 1621 1790 1658 exercitati,

972 1671 1001 1696 et
1013 1665 1063 1706 qui
1078 1666 1228 1703 didicerit,
1243 1676 1300 1697 non
1313 1676 1432 1697 omnem
1447 1676 1560 1697 morem
1576 1672 1588 1687 ³
1603 1666 1638 1696 ad
1649 1666 1788 1696 divellen-

971 1710 1040 1740 dum
1049 1710 1391 1751 abEcclesiavalere,sed
1401 1712 1451 1752 qui
1462 1711 1661 1742 doctrinamin
1671 1715 1793 1742 conten-

970 1754 1080 1785 tionem
1097 1756 1333 1788 deducit.Mores
1343 1761 1460 1787 Yautem
1472 1756 1591 1786 omnino
1608 1761 1675 1786 sunt
1691 1760 1718 1786 et
1731 1756 1790 1785 haec

971 1795 1047 1834 apud
1062 1795 1128 1826 illos
1142 1797 1297 1837 praeclaros
1319 1797 1437 1837 judices
1460 1800 1555 1827 errata
1573 1806 1579 1827 :
1598 1796 1654 1826 alia
1670 1796 1789 1835 quidem

105 1843 162 1877 ἔθος
190 1844 343 1883 ἆποσχίζειν
371 1843 532 1877 Ἐκκλησίας
561 1843 660 1882 ἰσχύοι,
695 1841 764 1870 ἀλλὰ
798 1843 828 1870 τὸ
863 1854 872 1870 1

1023 1841 1175 1880 religione,
1194 1845 1224 1871 nt
1239 1841 1381 1872 exhibere
1397 1841 1497 1872 oscula
1512 1840 1604 1872 sacris
1615 1840 1790 1880 pavimeztis

104 1888 229 1929 διαφορὰν
244 1887 308 1927 ἆγον
323 1888 465 1928 δόγματος.
493 1883 564 1921 "Eon
593 1886 620 1914 δὲ
649 1888 753 1919 πάντως
776 1887 820 1914 καὶ
834 1892 871 1914 ται

1026 1895 1041 1914 ιι
1060 1885 1138 1915 enim
1155 1895 1226 1916 sane
1251 1886 1442 1917 admittamus
1468 1885 1628 1916 salanicam
1644 1885 1724 1915 illam
1738 1894 1788 1915 ca-

104 1934 137 1961 τὰ
159 1933 228 1972 παρὰ
243 1940 300 1965 τοῖς
323 1935 484 1971 θαυμαστοῖς
510 1939 608 1973 ιιριταῖς
636 1931 777 1973 σφάλματα
793 1941 801 1950 ·
825 1932 857 1960 τὰ

1023 1929 1122 1962 iniam.
1141 1939 1246 1970 nempe
1262 1935 1292 1961 ut
1308 1930 1418 1961 Latinis
1433 1937 1443 1951 Ζ
1458 1940 1516 1960 non
1526 1930 1705 1960 admittenda
1716 1929 1790 1959 ima-

104 1977 130 2010 ἐξ
147 1977 292 2017 εὒλαϐείας,
309 1979 346 2010 ὡς
371 1979 401 2006 τὸ
425 1979 566 2018 προσάγειν
588 1978 649 2008 τοὺς
678 1977 832 2014 ἆσπασμους
868 1988 871 1993 ’

1024 1984 1069 2004 um
1081 1975 1240 2014 veneratio)
1254 1975 1310 2006 alia
1322 1980 1418 2006 autem
1432 1984 1466 2005 ex
1482 1974 1713 2014 dispensatione,
1726 1983 1791 2014 quae

103 2023 181 2054 θείοις
214 2021 318 2062 ἐδάφεσι
341 2022 389 2061 (μὴ
409 2023 459 2062 γὰρ
484 2022 516 2055 δὴ
537 2020 745 2061 παραδεξαίμεθα
773 2021 823 2048 τηὶιν
844 2032 870 2048 σι

1026 2019 1171 2050 rmitatem
1203 2020 1277 2059 regit
1303 2027 1325 2056 ³,
1355 2020 1476 2050 forsitan
1492 2019 1612 2060 quidem
1630 2023 1657 2048 et
1673 2019 1789 2055 anima),

103 2067 180 2100 νικὴν
196 2067 300 2100 ἐκείνην
316 2070 500 2107 συκοφαντίαν,
523 2068 558 2098 ὡς
581 2065 630 2105 ἄρα
654 2065 775 2096 Λατίνοις
797 2067 825 2094 οὗ
846 2077 870 2093 π.

1024 2063 1093 2093 nino
1104 2070 1202 2094 autem
1219 2065 1403 2104 corporalem
1419 2074 1425 2102 ;
1439 2068 1470 2094 ut
1483 2064 1642 2094 monachos
1655 2064 1682 2093 in
1697 2072 1788 2102 aegro-

102 2110 195 2139 δεκτέα
225 2113 242 2145 ἡ
274 2115 326 2139 τῶν
354 2111 461 2139 εἰκόνων
496 2109 684 2150 προσκύνησις)
721 2109 753 2138 τὰ
781 2108 808 2136 δὲ
835 2108 860 2141 ἐξ

1025 2107 1130 2138 onibus
1145 2117 1262 2138 sumere
1288 2118 1411 2139 carnes:
1428 2109 1517 2149 idque
1529 2108 1639 2144 sobrie,
1654 2113 1680 2137 et
1690 2117 1791 2138 revera

101 2155 241 2193 κονομίας,
265 2156 455 2193 οἶκονομοόσης
477 2155 620 2192 ἀσθένειαν,
644 2154 716 2193 τάχα
746 2153 793 2191 μὲν
815 2154 858 2181 καὶ

1023 2152 1161 2183 ritualiter
1189 2154 1269 2189 Quod
1287 2163 1312 2183 s1
1328 2153 1377 2193 qui
1394 2153 1421 2183 id
1439 2138 1627 2183 ac-cnmulent
1640 2152 1729 2182 rebus
1742 2152 1790 2182 in-

102 2203 170 2240 χῆς,
202 2201 307 2232 πάντως
336 2200 363 2228 δὲ
384 2201 433 2234 τὴν
449 2200 603 2237 σωματικήν
620 2208 629 2217 ·
660 2200 696 2230 ὡς
718 2199 748 2226 τὸ
769 2198 830 2229 τοὺς
847 2210 869 2235 μη

1022 2197 1185 2237 'erentibus,
1203 2198 1276 2228 alius
1289 2198 1336 2228 hic
1354 2198 1382 2228 in
1395 2198 1466 2228 istos
1479 2207 1588 2233 sermo,
1608 2207 1664 2226 non
1683 2198 1710 2226 in
1728 2206 1789 2233 eos,

102 2246 171 2285 χοὺς
194 2245 221 2273 ἐν
235 2252 293 2277 τοῖς
308 2245 396 2277 νόσοις
411 2243 622 2282 μεταλαμϐάνειν
651 2246 734 2282 κρεῶν
751 2251 758 2257 ·
782 2243 826 2270 καὶ
838 2253 869 2270 το

1037 2243 1162 2279 primum
1185 2242 1256 2272 illud
1280 2242 1394 2273 ratione
1410 2243 1620 2282 dispensarunt
1635 2243 1658 2279 ιι,
1676 2248 1705 2271 οι
1721 2241 1788 2275 alia,

101 2289 318 2330 κεκολασμένως,
334 2291 378 2318 καὶ
403 2292 440 2326 ἰᾦ
463 2288 518 2317 ἕντι
544 2291 738 2326 πνευματικῶς.
761 2287 790 2315 Εἴ
812 2285 838 2314 δέ
860 2297 868 2313 ·ι

1023 2295 1036 2315 e
1051 2286 1228 2326 quibusdam
1241 2286 1305 2317 aliis
1319 2287 1482 2317 rationibus
1497 2287 1638 2317 Ecclesiis
1650 2286 1790 2316 occiden-

101 2335 165 2362 αὐτὸ
181 2333 318 2374 χυδαιοῦσι
340 2341 400 2366 ταῖς
429 2332 604 2373 ἀδιαφορίαις,
639 2331 725 2371 ἕτερος
755 2332 829 2362 οὗτος
851 2330 929 2370 λόγος

100 2380 166 2417 πρὸς
189 2379 308 2417 τούτους,
333 2380 362 2408 οὗ
387 2379 452 2418 πρὸς
468 2379 528 2410 τοὺς
549 2378 660 2417 πρώτως
692 2381 769 2406 τοῦτο
791 2376 858 2403 κατὰ
880 2375 928 2403 λο-

101 2435 149 2462 γον
184 2424 422 2463 οἷκονομήσαντας,
459 2423 502 2451 καὶ
539 2421 606 2449 ἄλλα
635 2420 695 2449 κατ’
726 2418 823 2450 ἄλλους
857 2420 929 2463 τινὰς

973 2329 1082 2360 talibus
1112 2335 1180 2360 sunt
1196 2331 1293 2361 inﬁxa.
1321 2331 1450 2367 Quorum
1469 2331 1541 2361 nihil
1558 2331 1722 2361 distrahere
1739 2340 1792 2360 nos

972 2374 1257 2415 potest.Neutiquam
1270 2385 1276 2404 τ
1291 2375 1315 2405 si
1332 2376 1451 2415 quidem
1462 2376 1578 2416 jndices
1590 2375 1707 2414 habent,
1721 2384 1791 2405 sen-

973 2419 1093 2449 tentiam
1121 2419 1250 2450 ferentes
1275 2421 1404 2459 paternis
1421 2420 1534 2460 legibus
1549 2423 1790 2450 consentancam.

972 2463 1007 2495 Et
1019 2464 1170 2504 nisilonga
1188 2464 1261 2494 mihi
1275 2464 1370 2496 futura
1386 2472 1465 2496 esset
1484 2464 1588 2503 Oratio,
1604 2468 1633 2495 ct
1647 2465 1682 2495 ad
1696 2464 1791 2494 histo-

756 2547 888 2580 VARIIE
911 2546 1130 2580 LECTIONES.

100 2467 197 2507 λόγους
232 2467 386 2508 ἒμπαγέντα
415 2462 478 2500 ταῖς
505 2466 623 2498 δυτικαῐς
666 2464 849 2498 Ἐκκλησίαις.
883 2462 930 2492 Ὧν

139 2614 157 2639 3
170 2614 258 2646 ἤθους.

140 2687 153 2708 ιι
180 2685 359 2713 coercentes.
369 2700 382 2721 ρ
391 2681 568 2721 abjectiesse
574 2679 687 2721 animi,
696 2677 886 2721 ostendentes
894 2681 973 2713 nolle
982 2676 1139 2721 humiliari
1144 2701 1150 2708 .
1159 2685 1170 2721 ξ
1180 2674 1284 2721 quoda
1291 2674 1431 2721 putribus
1437 2678 1590 2721 acceptam
1600 2674 1699 2714 ﬁdem.
1707 2677 1723 2721 Ι·
1734 2674 1786 2721 qui

99 2722 217 2761 corrigi
232 2730 292 2753 non
306 2714 448 2762 pete‘nsﬂ
463 2730 480 2752 a
497 2720 606 2762 throno
626 2714 758 2750 rationes
772 2718 914 2762 afferant.
932 2725 946 2740 ιι
964 2717 1046 2762 aliis
1061 2714 1269 2762 praetulerunt.
1286 2725 1297 2740 ν
1314 2716 1430 2762 Latinis
1457 2714 1628 2746 horninibus
1643 2715 1784 2762 modestis

97 2765 143 2792 eu
158 2754 327 2794 toieraln'lé.
345 2778 357 2794 ι
372 2761 632 2793 consuetudinem.
649 2777 662 2798 ι
674 2754 913 2798 consuetudines.
931 2774 942 2789 ι
956 2754 1083 2788 Latinos
1099 2757 1306 2798 alienationem
1320 2756 1501 2798 _imaginur_n
1527 2763 1588 2785 non
1610 2754 1781 2798 utimiuerc.

97 2806 109 2822 ¹
137 2811 204 2843 qua
217 2812 284 2835 cum
300 2803 479 2843 inﬁrmitate
493 2794 659 2842 dispensat:
677 2800 690 2821 ιι
719 2797 804 2836 Quod
819 2799 846 2828 si
856 2799 909 2840 qui
924 2798 1064 2829 licentius
1077 2796 1193 2837 agendo
1207 2796 1302 2827 nimis
1315 2796 1368 2827 hoc
1381 2794 1593 2836 pervulgatum
1606 2795 1732 2834 faciant.
