1942 3081
110 131 168 166 961
782 135 1138 170 emo-nonnum.
1744 130 1804 166 962

110 209 233 242 κρατεῖν,
279 204 367 246 δήτοῦ
400 205 502 243 κόσμου
531 205 639 246 φωστὴρ
668 207 682 233 ὁ
717 205 800 245 μέγας
826 207 877 233 Om:

1037 212 1088 240 am,
1107 202 1415 242 obtinere;luminare
1430 203 1534 234 mundi
1547 213 1670 243 magnus
1681 204 1804 235 sancivit

109 247 258 280 Βασίλειος,
298 243 386 277 ”’οταν
420 250 483 288 γοῦν
525 250 573 282 τὰς
608 250 730 281 τοιαύτας
772 261 876 290 χειροτι

1032 247 1115 278 ilius.
1132 247 1349 287 Quandoigitur
1359 248 1528 288 hujusmodi
1543 249 1745 280 ordinationes
1755 249 1799 280 lex

108 292 157 320 οὒκ
179 292 343 332 ἐπιγινώσκῃ
370 295 384 322 ὁ
405 294 485 331 νόμος
510 297 559 328 τῆς
591 293 759 329 Ἐκκλησίας,
790 294 831 322 διὰ
859 305 874 322 τ

1035 292 1120 323 νιεεὶω
1137 302 1194 323 non
1225 293 1388 332 agnoverit,
1420 293 1457 323 ob
1473 303 1536 324 eam
1554 303 1616 324 rem
1635 303 1732 334 neque
1749 303 1802 325 nos

108 335 168 364 οΰδὲ
190 338 272 374 ἡμεῖς
302 337 431 375 δυνάμεθα
460 339 508 372 τὴν
535 339 561 367 ἐν
591 340 672 377 ταύτῃ
693 340 829 374 συνήθειαν
864 351 875 378 γ

1035 346 1137 368 sumus
1153 341 1293 374 statuere,
1309 337 1373 377 ejus
1402 338 1648 369 consuetudinem
1664 343 1801 379 tanquam

106 386 236 417 ματεῦσαι
280 383 317 414 ὡς
352 382 458 421 βεϐαίαν
488 390 606 423 κρατεῖν.
644 384 672 412 Εἰ
701 384 750 423 γὰρ
779 385 822 412 καὶ
851 395 870 420 μ

1035 386 1095 411 iam
1109 381 1255 412 obtinere.
1272 381 1333 412 Etsi
1350 381 1429 412 enim
1448 382 1522 412 forte
1538 381 1626 421 longa
1641 387 1695 423 est,
1706 383 1802 414 nesci-

107 424 178 458 ἴσως
214 425 295 464 ἐστὶν,
331 427 391 455 ἀλλ’
428 428 474 456 οὒκ
508 427 619 466 οἴδαμεν
647 427 761 467 ἀκριϐῶς
796 429 818 456 εἰ
845 439 874 456 κα

1036 435 1121 456 svere
1134 436 1203 456 num
1216 426 1347 466 synodali
1358 426 1498 466 applausa
1506 426 1619 466 judicio
1631 428 1803 459 conﬁrmata

107 469 237 508 συνοδικῷ
271 471 430 511 δικαστηρίῳ
471 474 630 511 κρατηθεῖσα
659 471 817 506 ἐϐεϐαιώθη.
849 472 874 501 ’E

1035 469 1078 499 rit.
1097 469 1182 500 illam
1198 471 1277 500 enim
1294 471 1671 510 Iongam'consuetudinem
1688 472 1802 503 ﬁrmam

107 525 158 547 νην
200 517 250 554 γὰρ
291 516 340 549 τὴν
369 517 470 556 μακρὰν
505 519 639 552 συνήθειαν
668 516 774 555 βεϐαίαν
803 519 826 545 οἱ
862 529 874 544 ν

1036 523 1045 544 3
1060 514 1141 554 leges
1153 515 1270 555 jubenl.
1287 524 1352 555 quae
1364 515 1477 554 judicio
1490 515 1672 546 contradicto
1683 516 1803 556 probata

106 559 251 598 τυγχάνειν
280 559 484 601 διακελεύονται,
520 561 570 595 τὴν
608 561 810 599 δοκιμασθεῖσαν
838 562 865 590 ἒν

1034 559 1229 600 roburataque
1240 559 1413 596 luerit.Quze
1424 565 1520 590 autem
1533 560 1600 591 talis
1610 569 1668 590 non
1678 565 1801 598 est,eam

105 604 243 646 καστηρίῳ
283 606 328 633 καὶ
361 607 533 644 κυρωθεῖσαν,
570 606 624 640 Τὴν
667 607 705 644 μὴ
744 607 868 640 τοιαύτην

1032 613 1064 636 ne
1079 604 1227 645 rejiciunt.
1248 605 1458 644 lnquirendum
1475 608 1520 635 est
1534 604 1709 644 igitur,num
1720 615 1799 646 prae-

106 646 261 687 ὁλοσχερῶς
323 648 517 678 ἀποϐάλλονται
523 674 530 682 ,
605 650 611 660 ¹
616 650 788 684 Εξετασθῆναι
850 662 873 679 τι

1032 654 1056 679 la
1069 649 1267 679 creandorum
1287 649 1475 679 sacerdotum
1507 649 1691 680 consuetudo
1708 660 1799 690 syno-

105 693 195 730 χρεὼν
211 693 232 720 εί
259 694 302 720 καὶ
325 694 342 727 ἡ
372 694 498 734 εἰρημένη
527 696 650 730 συνήθεια
686 697 734 729 τῆς
768 707 872 736 χειροτε

1036 693 1223 734 adisceplata
1253 698 1282 724 et
1306 694 1420 724 ﬁrmata
1448 693 1536 724 fuerit
1560 704 1700 734 unquam.
1716 694 1762 732 Et,
1779 694 1803 726 si

104 739 159 764 τῶν
201 737 289 776 ἱερέων
344 738 485 771 ουνοδιιῶς
538 739 688 779 ἐγυμνάσθη
730 742 774 769 καὶ
816 741 871 780 Exul:

1047 737 1154 769 factum
1172 739 1220 778 sit,
1238 738 1330 769 valeat
1353 740 1441 769 etiam
1458 738 1487 768 in
1504 743 1665 778 posterum.
1683 739 1734 770 Sin
1751 739 1803 770 mi-

108 780 187 811 ποτὲ.
220 781 275 810 Κᾶν
304 783 352 821 μὲν
378 783 470 823 γέγονε
498 789 585 819 τοῦτο,
612 785 740 824 κρατείτω
768 786 812 814 καὶ
840 787 875 818 εἰς

1038 807 1044 822 ,
1062 782 1097 812 ad
1125 792 1238 813 sacram
1268 792 1463 823 magnamque
1488 783 1631 823 synodum
1647 783 1684 814 de
1701 793 1736 814 ea
1750 792 1800 814 re-

106 824 169 859 ἒξῆς
186 835 195 845 ⁸
218 828 239 854 εἰ
254 826 281 856 δὲ
312 829 361 868 μή,
392 829 494 867 ἀνάγκη
524 832 558 867 τῇ
578 830 634 868 ἱερᾷ
656 831 698 858 καὶ
732 830 836 868 μεγάλη
871 845 873 854 ε

1031 827 1047 856 ’ἱ
1066 835 1189 857 necesse
1219 831 1274 865 est,
1306 832 1337 858 ut
1358 827 1436 868 quod
1452 827 1479 858 ei
1496 828 1640 868 placuerit
1654 828 1713 859 liat.
1727 827 1798 859 Nam

105 869 160 907 όδῳ
174 871 206 899 τὰ
222 873 278 910 περὶ
293 873 389 906 ταύτης
412 873 597 913 ἀνενεχθῆναι,
621 874 688 902 ὥστε
713 876 743 903 τὸ
759 874 833 907 δόξαν
849 874 872 902 ἐν

1033 880 1044 901 ιε
1063 871 1207 910 ειηοιίιυο
1238 872 1425 903 considerata
1454 877 1483 902 et
1508 873 1625 912 cognita
1640 878 1718 911 sunt,
1736 882 1800 904 me-

104 914 238 953 γενέσθαι.
254 917 292 945 Τὰ
307 916 447 949 συνοδικῶς
463 919 512 958 γὰρ
528 918 693 956 σκεπτόμενα
707 920 750 947 καὶ
763 918 871 958 διαγινω

1031 925 1052 945 'a
1077 909 1106 946 et
1132 916 1265 947 lirmiora
1292 921 1360 947 sunt
1389 917 1437 954 iis,
1464 926 1531 957 quae
1546 909 1596 948 ‘ab
1612 927 1671 949 uno
1691 909 1798 949 decer-

105 969 185 999 μενα,
210 964 262 988 τῶν
283 962 435 999 καταμόνας
462 962 702 1002 γνωματευομένων
731 964 866 1003 κρειττονά
888 965 936 993 εἶσι
976 964 1097 991 nuntur.

103 1004 150 1031 γκὶ
164 1004 379 1045 ἐπικρατέστερα.
638 1044 641 1046 γ

148 1046 203 1087 Ἐρ.
228 1049 375 1078 Θάπτονται
404 1049 533 1090 ὀρθόδοξοι
571 1047 699 1090 Ῥωμαῖοι
725 1051 752 1080 ἐν
781 1056 915 1081 ΛατινικαῚ

1030 1049 1400 1090 ’nterrogatio.0rthodoxi
1412 1050 1536 1081 Romani
1547 1051 1577 1081 in
1590 1051 1731 1083 Latinicis
1747 1061 1797 1083 ec-

103 1094 257 1129 ἑκκλησίαις
274 1096 436 1135 ψαλλόμενοι
451 1099 522 1137 παρά
545 1109 573 1126 τε
597 1094 732 1136 Ῥωμαίων
752 1100 795 1126 καὶ
817 1102 870 1126 Λατ

1033 1093 1075 1123 liis
1085 1094 1280 1134 sepeliuntur.
1299 1094 1448 1124 decantati
1459 1103 1475 1125 a
1490 1094 1632 1125 Romanis
1645 1100 1673 1125 et
1693 1095 1800 1126 Latinis

101 1138 129 1167 ἐν
152 1140 249 1177 ταύτῳ.
281 1142 330 1170 Καὶ
359 1144 468 1171 Λατῖνοι
501 1141 528 1170 δὲ
556 1143 777 1183 ἀποθνήσκοντες,
808 1145 868 1171 ὼσαι

1035 1137 1154 1169 nl.ltem
1166 1138 1261 1168 Latini
1273 1138 1447 1179 morientes,
1465 1148 1482 1169 a
1494 1139 1635 1171 Romanis
1647 1143 1675 1170 et
1685 1140 1797 1171 Latinis

101 1183 250 1221 ψάλλονται
266 1186 332 1223 ὁμοῦ
354 1187 425 1226 παρὰ
456 1182 591 1224 Ῥωμαίων
615 1189 659 1216 καὶ
682 1182 798 1215 Λατίνων
812 1186 868 1216 ὰδια

1030 1194 1034 1212 ι
1049 1183 1231 1213 carminibus
1246 1183 1416 1214 indistincte
1436 1183 1624 1215 celebrantur
1640 1193 1647 1214 :
1664 1194 1797 1216 censurasI

101 1239 168 1261 τως.
187 1227 333 1267 Ἐπιτίμιον
350 1230 431 1268 ἔστιν,
448 1230 466 1264 ἢ
483 1230 512 1259 οὔ
528 1241 536 1271 ;

891 1226 894 1227 ⁷
975 1226 1032 1256 hoc
1048 1226 1206 1257 obnoxium
1221 1231 1276 1265 est,
1293 1227 1416 1258 annon?

146 1272 206 1303 Ἀπ.
253 1275 303 1302 Δύο
345 1276 393 1303 εἶσι
434 1278 556 1316 προφανῆ
598 1277 641 1304 καὶ
677 1276 779 1316 μεγᾶλα
807 1281 913 1305 ποιοῦντ

1030 1271 1082 1302 les.
1101 1272 1164 1302 Duo
1178 1277 1247 1302 sunt
1272 1271 1426 1303 manifesta
1451 1281 1477 1303 ei
1497 1282 1600 1312 magna
1618 1284 1624 1304 :
1640 1273 1797 1313 quaeinter

103 1316 229 1357 διαφορὰν
242 1319 323 1356 μέσον
350 1320 427 1357 ἡμῶν
456 1321 499 1348 καὶ
528 1321 581 1349 τῶν
609 1321 736 1351 Λατίνων.
760 1323 796 1350 Τὸ
828 1333 870 1360 πρ(

1045 1320 1073 1346 et
1087 1317 1206 1347 Latinos
1234 1317 1346 1348 faciunt
1376 1317 1586 1348 differentiam.
1612 1318 1742 1349 Primum
1770 1322 1798 1349 et

102 1363 148 1390 καὶ
170 1366 274 1400 μεῖζον,
290 1375 320 1391 το
335 1365 393 1403 περὶ
413 1365 460 1393 τοῦ
487 1365 561 1404 άγίοο
590 1366 740 1403 Πνεύματος
762 1365 847 1405 δόγμα
864 1375 869 1382 '

1041 1370 1082 1400 us,
1098 1361 1232 1391 doctrina
1249 1362 1285 1392 de
1300 1366 1402 1392 sancto
1417 1361 1540 1402 Spiritu.
1558 1361 1725 1393 Secundum
1742 1370 1808 1392 au-‘

102 1405 222 1445 δεύτερον
243 1406 296 1449 δὲῂ
312 1409 355 1436 καὶ
384 1410 414 1437 οὖ
441 1413 487 1437 τοῦ
516 1408 576 1439 ἴσου
597 1410 687 1449 λόγου,
710 1413 762 1438 uim
782 1411 869 1448 ἀζύμω

1027 1415 1045 1442 I,
1063 1415 1118 1436 nec
1135 1405 1206 1436 tanti
1222 1406 1376 1444 momenti,
1393 1416 1558 1447 azymorum
1574 1407 1692 1437 oblatio.
1713 1406 1794 1438 Scri-

101 1452 249 1491 προσφορά.
275 1445 319 1481 ῚΗ
349 1455 397 1486 τῆς
434 1457 538 1494 Γραφῆς
574 1454 600 1482 δὲ
637 1445 810 1494 ’ἀνάγνωσις
827 1445 868 1489 τῆι

1028 1460 1067 1480 rae
1078 1455 1173 1480 autem
1189 1450 1288 1491 lectio,
1302 1451 1408 1482 veteris
1423 1445 1451 1482 et
1462 1461 1553 1489 novae,
1567 1451 1636 1482 item
1648 1452 1795 1492 precatio—

100 1495 219 1527 παλαιᾶς
246 1497 291 1524 καὶ
325 1499 374 1531 τῆς
403 1498 473 1534 νέας,
504 1499 548 1527 καὶ
576 1500 600 1526 αἱ
637 1501 793 1539 προσευχαὶ,
823 1500 867 1528 καὶ

1040 1499 1068 1525 et
1084 1495 1189 1526 musici
1205 1500 1318 1533 cantus,
1336 1500 1365 1526 et
1381 1496 1482 1526 divina
1497 1496 1618 1536 templa,
1631 1496 1795 1527 veneratio-

100 1539 240 1580 μελῳδίαι,
259 1543 303 1569 καὶ
317 1544 339 1570 οἱ
355 1541 424 1571 θεῗοι
441 1543 508 1580 ναοὶ,
523 1545 566 1571 καὶ
583 1545 608 1571 αἱ
629 1545 818 1582 προσκυνήσεις
833 1549 867 1572 τοὶ

1022 1550 1083 1580 que
1100 1540 1236 1580 pretiosa:
1252 1541 1349 1571 crucis
1371 1545 1600 1581 sanctarumque
1616 1541 1789 1581 imaginum,

99 1585 190 1622 τιμίου
224 1590 334 1625 σταυροῦ
365 1588 408 1615 καὶ
436 1591 489 1615 τῶν
511 1588 592 1626 ἁγίων
613 1588 730 1625 είκόνων,
762 1589 836 1616 κοινᾶ
863 1601 866 1607 ί

1044 1589 1113 1615 sunt
1128 1585 1282 1616 nobiscum
1298 1586 1478 1616 communia.
1496 1585 1560 1616 Non
1573 1589 1618 1616 est
1633 1585 1795 1625 igiturdis-

101 1640 158 1662 τοις
173 1630 221 1658 εἶσὶ
243 1631 286 1659 καὶ
302 1632 381 1669 ἡμῖν,
406 1631 459 1660 Οὐκ
479 1631 578 1668 ἀπᾷδον
605 1633 700 1670 τοίνυν,
732 1632 803 1662 οὒδὲν
829 1636 862 1671 τῇ

1028 1634 1159 1667 laneum,
1176 1640 1272 1670 neque
1287 1631 1427 1670 pietatem
1449 1630 1509 1661 ullo
1527 1631 1614 1660 modo
1631 1630 1795 1668 offendens,

101 1673 191 1710 σεϐείᾳ
226 1677 347 1704 ὁπωσοῦν
381 1675 583 1715 λυμαινόμενον,
614 1678 644 1706 τὸ
676 1678 818 1706 θάπτεσθαι
848 1681 865 1705 Λ

1030 1675 1090 1705 inos
1102 1676 1224 1715 sepeliri
1237 1675 1267 1705 in
1283 1675 1424 1706 Romanis
1438 1675 1599 1715 templis,et
1610 1680 1641 1705 ut
1655 1685 1672 1705 a
1687 1676 1797 1705 [toma-

103 1731 163 1752 νους
195 1719 222 1749 ἐν
253 1716 416 1758 ιῬωμαϊκοῖς
450 1728 536 1759 ναοῖς,
573 1723 616 1751 καὶ
651 1722 795 1760 cannon
830 1723 870 1759 ὁμι

1033 1720 1202 1760 Latinisque
1217 1720 1465 1758 sacriﬁcator-ibus
1476 1719 1677 1750 Romanorum
1693 1724 1721 1750 et
1736 1719 1794 1750 La-

103 1763 187 1802 μαδὸν
222 1765 293 1803 παρά
327 1775 354 1793 τε
393 1761 528 1802 (Ρωμαίων
563 1767 607 1794 καὶ
638 1767 755 1794 Λατίνων
790 1767 870 1806 ἱερουρ

1026 1774 1102 1794 ΠῚΠΠ
1119 1764 1227 1794 mortui
1251 1764 1384 1795 unanimi
1406 1767 1552 1794 concentu
1570 1770 1579 1783 τ
1594 1763 1793 1795 celebrentur.

102 1816 247 1848 νεκριμαῖα
280 1809 398 1838 Λατίνων
424 1811 467 1838 καὶ
496 1805 643 1848 Ῥωμαίων.
675 1810 739 1838 Οὔτε
766 1805 818 1850 γὰρ
844 1812 858 1838 ὁ

1030 1818 1076 1848 [ue
1093 1808 1172 1839 enim
1190 1809 1272 1839 locus
1286 1809 1355 1839 facit
1376 1812 1508 1839 mortuus
1523 1808 1599 1849 apud
1616 1807 1708 1838 Deum
1724 1807 1797 1847 reji-

104 1864 155 1885 πος
177 1854 237 1885 τοὺς
264 1853 435 1891 ἂπελθόντας,
458 1855 529 1894 παρὰ
553 1858 611 1892 Θεῷ
636 1861 711 1883 ποιεῖ
743 1854 871 1890 ὰποϐλήτ(

1030 1852 1119 1882 ῑιᾱοεῑ
1139 1857 1169 1883 et
1184 1853 1355 1884 Latinorum
1384 1855 1422 1883 de
1447 1853 1483 1884 iis
1507 1852 1669 1893 psalmodia
1680 1861 1739 1882 non
1752 1855 1797 1882 est

106 1899 152 1926 καὶ
166 1899 183 1932 ἡ
199 1897 241 1926 ἐπ’
267 1899 358 1931 αὐτοῖς
387 1898 527 1937 ψαλμῳδία
556 1900 608 1927 τῶν
638 1900 767 1940 Λατίνων,
796 1899 843 1927 οὐκ
865 1899 873 1927 ἒ

1031 1897 1155 1935 ana,sed
1174 1907 1207 1928 ex
1224 1897 1330 1928 divinis
1346 1903 1370 1938 5,
1386 1902 1485 1928 nostra
1499 1895 1797 1936 sententia,Scriptu-

105 1942 209 1983 ἔθνικὴ,
238 1941 297 1970 ἀλλ’
327 1943 356 1970 ἐκ
384 1947 437 1971 τῶν
471 1943 530 1971 καθ’
550 1945 622 1982 ἡμᾶς
645 1944 721 1972 θείων
751 1947 769 1971 Γ
772 1947 871 1984 ραφῶν,

1043 1942 1126 1978 Quod
1142 1942 1167 1973 si
1182 1943 1248 1982 quis
1262 1943 1339 1973 forte
1354 1951 1418 1973 rem
1445 1942 1617 1982 hujusmodi
1639 1941 1797 1981 absurdam

105 1986 134 2014 δέ
163 1998 203 2018 τις
230 1987 297 2019 ῗσως
326 1987 424 2016 ἄτοπον
465 1989 573 2028 ἡγεῖται
613 1989 644 2016 τὸ
676 1989 814 2028 γινόμενον
850 1989 872 2016 οἱ

1030 1987 1146 2024 et,hanc
1153 1987 1408 2018 ratiocinationem
1416 1996 1519 2018 vanam
1531 1986 1609 2017 iilico
1622 1985 1797 2026 comperiet.

105 2032 213 2060 αὒτόθεν
228 2033 332 2072 εὑρήσει
347 2033 391 2061 τὸν
412 2033 541 2072 λογισμὸν
567 2037 658 2061 τοῦτον
688 2033 810 2070 μάταιον.
843 2036 872 2061 Π(

1029 2057 1031 2061 ,
1046 2031 1125 2062 enim
1142 2032 1290 2072 quondam
1307 2031 1470 2072 impietatis
1484 2031 1641 2072 imperium
1658 2041 1710 2061 suo
1721 2035 1796 2061 tem-

105 2076 157 2115 γὰρ
172 2076 281 2114 σώματα
297 2080 348 2105 τῶν
378 2078 459 2116 ἁγίων
488 2079 511 2106 οἱ
539 2077 620 2106 πάλαι
649 2079 716 2106 κατὰ
744 2078 851 2116 καιροὺς

1030 2085 1045 2106 e
1060 2090 1068 2109 ι
1082 2076 1287 2116 obtinuerunt,
1304 2076 1395 2107 multa
1406 2080 1576 2107 sanctorum
1586 2085 1711 2116 corpora
1722 2076 1797 2106 mis-

105 2120 226 2152 ἀσεϐείας
266 2123 297 2150 τὸ
338 2121 432 2161 κράτος
476 2121 583 2162 ἔχοντες
625 2122 790 2160 θνησιμαίοις
822 2121 870 2150 ἆλό

1031 2124 1100 2150 runt
1128 2120 1286 2150 bestiarum
1319 2121 1507 2158 morticiniis,
1534 2126 1562 2151 et
1590 2121 1620 2150 in
1637 2121 1701 2150 loca
1713 2129 1797 2151 caeno

104 2165 262 2206 παρέμιξαν,
290 2166 339 2194 καὶ
368 2165 395 2194 ὲν
423 2167 514 2199 τόποις
555 2166 681 2207 βορϐόρου
716 2173 825 2205 μεστοῖς
867 2166 871 2194 i

1029 2174 1062 2195 na
1073 2165 1337 2204 projecerunt.Sed
1349 2165 1415 2196 data
1423 2165 1532 2196 sanctis
1542 2165 1634 2204 gratia
1645 2165 1715 2196 inde
1726 2165 1796 2196 illae-

105 2210 234 2249 πέῤῥιψαν
251 2221 258 2227 ·
289 2210 349 2240 ἀλλ’
379 2212 396 2245 ἡ
432 2211 559 2250 δεδομένη
580 2218 638 2243 τοῖς
660 2212 743 2251 ἁγίοις
771 2211 862 2251 χάρις,

1028 2209 1133 2240 nansit.
1151 2208 1318 2249 Eorumque
1328 2215 1372 2240 est
1383 2211 1522 2249 superius
1536 2210 1714 2246 Jerusalem,
1732 2209 1795 2248 pri-

104 2257 194 2284 τεῧθεν
221 2254 360 2289 ἀλώϐητος
390 2256 488 2294 ἔμεινε.
519 2257 569 2285 Καὶ
602 2256 685 2284 οὔτῶν
718 2256 789 2285 ἐστιν
817 2257 834 2290 ἡ

1029 2254 1193 2293 genitorum
1210 2254 1392 2294 metropolis,
1403 2254 1517 2285 mitium
1535 2253 1736 2290 terra,dilecta
1752 2257 1796 2284 ta-

108 2295 292 2339 Ἶερουσαλημ,
335 2301 352 2334 ἦ
392 2303 444 2329 τῶν
485 2301 661 2340 πρωτοτόκων
704 2300 875 2341 μητρόπολις1

1029 2298 1144 2330 nacula.
1155 2297 1315 2338 Impiorum
1328 2303 1424 2329 autem
1435 2308 1538 2338 regum
1549 2299 1696 2339 sepulcra,
1710 2298 1796 2328 etiam

104 2347 159 2372 τῶν
191 2344 296 2384 πραέων
330 2347 378 2384 γῆ,
415 2345 446 2373 τὰ
474 2345 635 2385 ἠγαπημένα
666 2346 842 2384 σκηνώματα.

1031 2342 1128 2373 rostris
1145 2343 1254 2373 sanctis
1267 2343 1385 2384 templis
1396 2344 1598 2380 inveniuntur,
1615 2347 1646 2373 ut
1659 2346 1798 2382 apostatae

104 2389 235 2429 ρίσκονται
257 2388 284 2417 δὲ
305 2390 349 2417 καὶ
377 2388 509 2418 δυσσεϐὦν
540 2389 670 2428 βασιλέων
697 2390 774 2430 τάφοι
809 2390 836 2419 ἰν

1031 2387 1091 2424 ani,
1104 2387 1135 2418 in
1144 2387 1254 2427 templo
1269 2392 1438 2418 sanctorum
1450 2392 1478 2418 et
1487 2387 1712 2418 benedictorum
1723 2395 1797 2427 apo—

105 2434 163 2462 καθ’
193 2435 264 2472 ἡμᾶς
299 2434 383 2473 ἁγίοις
419 2441 506 2474 ναοῖς,
544 2435 579 2467 ὡς
615 2435 659 2463 καὶ
694 2438 740 2463 τοῦ
779 2433 872 2474 παραϐι

1030 2440 1126 2469 orum,
1154 2441 1244 2472 prope
1270 2432 1555 2473 Constantinopolim
1570 2438 1584 2453 π
1602 2442 1609 2462 :
1627 2436 1656 2462 et
1670 2432 1796 2462 aliorum

105 2477 258 2516 ἰουλιανοῦ,
282 2479 309 2506 ιν
330 2482 369 2516 τῷ
397 2480 453 2517 ναῷ
473 2483 525 2508 τῶν
554 2480 636 2518 ἁγίων
671 2481 714 2507 καὶ
750 2480 869 2519 πανευφή

1027 2486 1118 2507 versae
1139 2477 1209 2507 ﬁdei
1224 2477 1255 2507 in
1271 2477 1337 2508 aliis
1350 2477 1480 2517 templis,
1497 2477 1605 2517 quibus
1617 2476 1678 2507 illic
1693 2477 1794 2516 sepul-

105 2522 273 2560 ἀποστόλων,
295 2524 362 2551 κατὰ
383 2524 432 2557 τὴν
461 2523 737 2553 Κωνσταντινούπολιν
757 2534 763 2540 ·
799 2525 842 2552 καὶ

1026 2532 1031 2551 ι
1040 2521 1129 2552 fuisse
1136 2530 1193 2552 non
1201 2522 1441 2562 prodest.Eorum
1450 2522 1530 2553 enim
1541 2521 1793 2562 manetimpietas,

105 2568 150 2596 καὶ
175 2565 263 2595 ἄλλων
289 2567 437 2601 κακοδόξων
466 2568 493 2596 ἐν
518 2568 617 2606 ἑτέροις
637 2575 711 2601 ναοῖς
729 2578 736 2586 '
759 2570 803 2597 καὶ
830 2570 860 2598 οὗ

1029 2576 1129 2597 eorum
1157 2571 1202 2597 est
1226 2566 1302 2606 ignis
1330 2571 1460 2598 mternus
1488 2567 1634 2606 gehennae
1655 2571 1678 2597 ν.
1695 2565 1796 2597 Restat

105 2611 208 2641 σιτελεῖ
233 2612 334 2644 τούτοις
369 2613 386 2647 ἡ
428 2612 516 2642 ἐκεῖσε
545 2614 629 2653 ταφή.
659 2612 737 2642 Μένει
766 2614 816 2654 γὰρ
844 2613 872 2641 αὖ

1027 2620 1060 2643 ur
1071 2620 1137 2642 esse
1152 2611 1417 2652 irreprehensibile
1427 2610 1663 2643 Christianorum
1674 2610 1705 2641 in
1715 2610 1794 2642 Lati-

776 2697 904 2729 VARIE
925 2695 1139 2730 LECTIONES.

142 2766 155 2781 ι·
170 2760 282 2791 naenia
296 2762 482 2806 unanimiter
504 2765 702 2806 _canantnr._'
728 2773 766 2797 ea:
795 2766 904 2799 nostri:
930 2764 1028 2806 sacris
1058 2764 1239 2806 Scriptum.
1263 2765 1347 2806 εΩαί
1374 2768 1452 2798 enim
1471 2765 1625 2806 quondam;
1647 2764 1798 2803 ἐαιρλθιαιε

99 2807 225 2839 pagana
239 2806 386 2841 regnante
397 2803 560 2843 imperium
576 2801 771 2836 obtinebant:
786 2810 801 2826 ιι
830 2804 1109 2844 Constantinopoli.
1126 2801 1139 2829 ἶ
1148 2801 1300 2845 supplicii:
