1942 3081
133 110 192 145 ἈΊ

176 178 269 220 Resp.
286 179 426 211 Habitare
440 180 572 212 divinum
599 181 742 221 templum
758 181 828 212 solis
843 181 989 212 aedituisA

136 223 216 261 licet,
246 230 304 254 tam
322 228 443 265 propter
458 226 663 256 necessitatem
693 226 794 265 ofﬁcii,
812 235 898 266 quam
915 226 962 256 fu-

136 277 202 298 rum
220 268 355 307 insidias,
379 270 424 301 vel
447 270 647 307 ell'ractorum,
678 270 841 301 aliorumve
869 271 963 301 scele-

141 317 285 344 ratorum.
304 313 355 344 Cui
372 319 469 344 autem
487 314 552 345 talis
561 324 631 345 cura
647 324 706 344 non
721 314 962 354 incumbit,nullo

139 357 227 388 modo
243 357 271 387 id
289 367 464 388 concessum
481 363 537 389 est.
550 359 653 390 Cibum
666 368 736 389 vero
752 368 870 389 sumere
888 359 964 390 intra

139 401 358 441 templum,non
370 403 465 433 solum
479 403 599 444 quodie,
612 403 663 433 sed
682 413 737 434 nec
754 413 806 443 per
819 403 908 440 vices,
926 413 963 434 ne

136 446 193 486 ipsi
204 446 326 486 quidem
349 447 456 478 zedituo
473 448 666 487 permittitur.
681 449 715 478 Et
730 448 793 478 haec
806 448 963 487 perspicue

137 491 269 522 declarat
284 491 330 522 lex
360 492 562 523 ecclesiastica
592 499 620 522 et
635 492 739 523 civilis.
756 492 962 523 Ecclesiastica

140 536 308 575 quidem,in
323 536 411 567 variis
427 537 590 567 canonibus
615 547 621 567 :
638 537 688 567 sed
706 537 736 566 in
754 537 857 576 primis
871 538 899 567 in
916 546 962 567 ca-

139 588 217 611 none
231 581 269 611 ’74
282 581 474 612 mcumenicte
484 586 574 612 sextae
585 581 688 621 synodi
705 582 767 612 haec
778 581 883 611 edicit:
898 581 962 612 Non

139 628 255 664 oportet
269 624 299 655 in
314 626 477 656 Dominicis
493 626 578 662 locis,
600 627 644 656 '.‘el
670 625 816 663 ecclesiis,
835 635 884 656 eas
897 635 962 666 quae

138 669 278 700 dicuntur
294 679 414 710 agapas,
429 669 458 700 id
471 674 513 701 est
529 670 696 702 charitates.
718 669 824 707 facere,
842 674 871 700 et
885 669 963 700 intus

135 713 235 744 inaede
254 714 423 751 comedere,
437 718 466 745 et
476 714 628 745 accubitus
640 719 785 754 sternere,
799 713 855 750 Qui
865 719 962 745 autem

138 757 194 788 hoc
211 758 276 788 ausi
303 758 425 799 fuerint,
455 759 500 790 vel
529 763 656 797 cessent,
689 760 733 789 vel
756 763 960 798 segregantur.

136 801 312 833 Accubitum
328 808 426 834 autem
442 803 549 834 dicitur
565 803 661 834 omnis
680 804 748 835 lecti
762 809 918 844 apparatus
931 803 962 835 in

136 846 230 877 altum
246 852 363 878 erectus
375 851 404 878 et
420 848 528 878 mollis.
542 848 691 879 Accumbo
704 840 788 878 enim'
798 840 874 887 apud
885 849 962 879 Lati-
973 840 992 864 Β

137 902 192 923 nos
210 893 307 932 jaceo.
332 892 476 924 Similiter
491 900 520 925 et
546 894 575 924 in
598 895 788 933 nonagesimo
802 896 831 921 ε·
849 903 962 926 canone

140 938 216 969 haec.
232 937 355 978 Eos,qui
370 938 414 969 vel
429 948 496 969 cum
525 948 616 969 uxore
632 938 811 979 cohabitaut,
827 939 872 969 vel
887 939 963 970 alio-

139 982 210 1022 quin
250 982 509 1014 indiscriminatim
523 983 561 1010 5"
593 992 676 1014 sacra
703 983 766 1013 loca
794 984 965 1014 communia

136 1026 246 1057 faciunt
258 1026 309 1059 e'“
331 1031 361 1058 et
377 1027 570 1067 contemptim
587 1027 616 1057 in
633 1037 667 1057 ea
681 1027 859 1065 adiciuntur,
875 1033 906 1058 et
921 1029 965 1059 sic

137 1070 169 1101 in
190 1071 234 1101 eis
251 1076 426 1111 permanent
440 1072 527 1102 etiam
542 1081 576 1102 ex
589 1072 705 1112 iis,quaa
721 1076 789 1102 sunt
800 1072 829 1102 in
839 1081 964 1103 venera—

137 1114 246 1146 bilibus
262 1116 390 1155 templis,
418 1116 700 1147 catechumenorum
732 1116 937 1147 mansionibus
951 1117 965 1138 πί

136 1159 253 1190 extrudi
276 1160 417 1200 jubemus
440 1160 472 1192 Si
496 1160 562 1200 quis
577 1165 627 1191 aut
650 1161 713 1191 haec
728 1170 786 1191 non
803 1161 964 1192 servaverit

135 1205 280 1245 siquidem
293 1205 332 1236 sit
345 1205 484 1242 clericus,
509 1206 673 1246 deponatur
701 1217 707 1236 :
731 1206 756 1236 si
772 1215 840 1236 vero
855 1206 959 1245 laicns,

142 1251 388 1289 segregetur.Lex
405 1256 504 1281 autem
521 1250 616 1281 civilis
632 1251 661 1280 in
678 1252 774 1289 capite
789 1250 958 1288 undecimo,

136 1295 220 1325 titulo
235 1294 415 1334 primo,libri
431 1295 526 1335 quinti
549 1295 696 1326 Basilicon
721 1295 783 1326 haec
795 1295 844 1326 ait.
862 1295 961 1335 Usque

136 1339 173 1370 ad
191 1339 327 1370 ecclesia:
354 1339 509 1375 terminos,
523 1340 571 1379 qui
587 1345 654 1370 sunt
670 1342 738 1370 ante
751 1339 847 1370 forum
861 1340 959 1380 publi-

137 1392 204 1414 cum
221 1384 412 1414 securitatem
429 1383 569 1422 habeant,
586 1384 635 1423 qui
648 1383 865 1423 profugiunt",
883 1384 962 1415 inte-

134 1427 267 1458 rioribus
283 1432 402 1458 utentes
427 1428 561 1466 lavacris,
592 1434 643 1458 aut
658 1428 764 1464 horti:
781 1433 830 1458 aut
845 1428 961 1459 habita-

138 1471 327 1508 tionibus,vel
344 1471 477 1507 stabulis,
493 1476 543 1502 aut
558 1471 730 1512 portictbus.
745 1472 962 1502 Proliibeantur

135 1520 232 1547 autem
255 1516 284 1546 in
298 1516 440 1556 templum
452 1508 744 1551 cibum-sumeremel
755 1516 961 1548 dormire.b‘ed
971 1508 990 1533 δ

137 1565 166 1591 et
181 1561 302 1592 Novella
316 1561 534 1600 septuagesima
546 1561 631 1592 tertia
643 1560 961 1600 imperatoris,domini

135 1605 244 1637 Leonis
259 1605 439 1645 philosophi,
454 1605 592 1636 similiter
607 1605 691 1645 punit
709 1614 770 1643 eos,
783 1606 834 1645 qui
850 1615 960 1636 conce-

135 1650 208 1681 dunt
222 1650 268 1680 vel
283 1650 312 1680 in
328 1650 564 1681 catecliumeniis
580 1649 806 1681 habitationem.
824 1650 868 1681 Ex
886 1660 960 1682 con—

136 1695 273 1735 ceptione
301 1694 350 1717 h"
379 1695 468 1734 igitur
502 1695 676 1734 hujusmodi
714 1694 959 1726 constitutionum

134 1739 217 1770 omni
233 1739 318 1770 modo
335 1739 524 1770 interdictum
543 1744 596 1776 est,
607 1739 686 1770 intra
701 1740 843 1780 templum
860 1740 959 1771 cibum

134 1792 264 1820 sumere,
281 1787 310 1814 et
325 1783 469 1814 habitare.

175 1872 393 1914 Interrogatio.
409 1872 441 1903 In
470 1871 661 1911 dignitatibus
694 1874 963 1906 ecclesiasticarum

135 1917 316 1956 ofﬁciorum,
334 1918 399 1958 quis
416 1917 529 1957 primus
545 1922 600 1955 est,
619 1922 647 1948 et
661 1918 727 1958 quis
756 1920 916 1958 secundus,
933 1924 963 1950 et

134 1963 201 2003 quis
219 1962 332 2000 tertius,
352 1966 380 1993 et
396 1962 464 2002 quis
481 1962 624 2002 deinceps
640 1972 741 1993 eorum
754 1964 849 1996 ordo?

173 2007 242 2038 Res.
267 2006 307 2038 Ex
325 2009 445 2046 antiqua
461 2007 620 2038 traditione
638 2008 751 2048 primus
777 2013 822 2038 est
837 2018 960 2047 magnus

134 2052 320 2092 dispensator
339 2053 346 2074 i
363 2051 529 2089 Secundus,
557 2053 605 2093 qui
637 2058 742 2092 praeest
771 2063 885 2093 magnae
909 2064 959 2085 sa-

134 2097 229 2134 cellze,
248 2097 277 2127 id
295 2100 350 2132 est,
369 2105 494 2135 magnus
509 2097 960 2138 sacellarius.Tertius,magnus

134 2140 259 2171 sacrista
285 2166 292 2173 .
324 2140 463 2183 Quartus,
493 2142 738 2183 chartophylaxrlf.
755 2142 893 2180 Quintus,
909 2143 959 2183 qui

135 2184 243 2221 praeest
257 2190 353 2221 parva:
367 2181 493 2220 sacellae,
511 2181 539 2211 id
569 2187 614 2213 est
639 2182 820 2213 sacellarius.
839 2181 956 2221 Sextus,

133 2225 291 2265 primarius
309 2230 390 2256 actor
406 2225 476 2265 ',qui
490 2230 519 2256 et
531 2227 714 2257 exocataceli
732 2226 957 2258 dicuntur.Pri-

135 2270 221 2302 marii
231 2275 328 2301 autem
344 2270 474 2301 auctoris
486 2271 615 2301 ofﬁcium
626 2280 693 2301 cum
701 2275 787 2302 antea
793 2276 872 2303 esset
883 2272 961 2303 inter

133 2315 284 2353 inferiora,
303 2319 402 2356 postea
417 2315 446 2345 in
477 2315 602 2346 aliorum
617 2315 751 2347 ordinem
765 2319 904 2347 statutum
917 2321 962 2348 est

135 2369 151 2390 a
167 2359 262 2391 beatae
277 2359 429 2390 memoriw
445 2359 615 2400 patriarcha
639 2359 961 2401 Constantinopolitano

134 2405 260 2444 Georgio
272 2405 522 2446 Xiphilinoﬂanc
537 2410 636 2436 autem
647 2406 792 2437 actionem
805 2407 963 2439 subsecuta

134 2454 179 2481 est
195 2449 335 2490 praeclara
350 2452 498 2481 sententia
518 2450 615 2481 sancti
631 2451 851 2491 metropolitani
866 2453 962 2484 Thes-

135 2494 280 2526 salonices
291 2494 446 2533 Eusthatii,
464 2495 494 2525 id
506 2495 631 2526 laudans
647 2500 675 2526 et
693 2496 848 2534 extoilens,
866 2502 897 2528 ut
908 2498 961 2538 ju-

135 2544 180 2571 ste
197 2543 226 2570 et
240 2545 322 2571 extra
335 2540 602 2580 reprehensionem
617 2540 810 2578 factum;cum
827 2542 961 2583 quidam,

136 2585 185 2626 qui
200 2584 349 2616 actionem
360 2594 419 2616 non
430 2585 714 2625 admittebant,tunc
724 2586 962 2618 contradicerent

969 2171 991 2196 D

824 114 890 146 ωδ
909 114 1133 147 GANONIGUM

1769 110 1831 144 968

1039 178 1102 212 ’Λπ,
1131 181 1168 209 Τὸ
1196 180 1283 218 μένειν
1312 180 1386 213 ἐντὸς
1421 184 1468 209 τοῦ
1502 181 1571 209 θείου
1598 183 1661 209 ναοῦ
1685 180 1829 219 νεωκόροις

1005 225 1095 263 μόνοις
1124 225 1242 260 ἀνεῖται,
1265 224 1306 253 διά
1339 236 1367 254 τε
1393 226 1439 257 τὰς
1467 225 1611 264 ἀναγκαίας
1641 228 1728 261 τοῦτῳ
1754 225 1831 257 ὑπη-

1005 270 1102 308 ρεσίας,
1134 271 1177 298 καὶ
1211 269 1244 297 δι’
1266 269 1410 304 ἐπιϐουλὴν
1431 269 1563 307 κλεπτῶν,
1593 270 1611 303 ἣ
1638 269 1831 309 τοιχωρύχων,

1004 314 1022 348 ἣ
1043 313 1137 353 ἑτέρων
1152 317 1304 342 κακοποιῶν
1321 323 1330 332 ·
1361 314 1434 350 ἄλλῳ
1460 313 1487 342 δέ
1511 325 1572 351 τινι,
1599 314 1638 352 μὴ
1652 312 1833 352 περικειμένῳ

1003 360 1126 391 τοιαύτην
1161 357 1282 398 φροντίδα
1310 357 1440 387 ὲνόἐδοται
1468 357 1601 396 οὐδαμῶς.
1630 359 1668 387 Τὰ
1689 357 1716 386 δέ
1737 357 1832 385 ἐσθίειν

1004 401 1075 430 ἔνδον
1095 406 1170 439 ναοῦ,
1200 405 1251 443 οὐχ
1278 403 1352 435 ὅπως
1379 403 1436 431 καθ’
1468 403 1595 442 ἑκάστην,
1625 402 1685 430 ἀλλ’
1711 401 1772 431 οὐδὲ
1802 401 1834 429 ἐκ

1003 446 1200 485 διαλειμμάτων
1227 449 1345 476 ὁπωσοῦν
1370 448 1430 487 τινὶ,
1463 446 1522 475 ἀλλ’
1549 446 1602 476 οὐδ’
1631 448 1702 483 αὖτῷ
1729 457 1832 485 συγκε-

1004 492 1125 531 χώρηται
1141 492 1272 531 νεωκόρῳ.
1301 493 1350 521 Καὶ
1378 492 1410 520 τὰ
1437 493 1496 531 περὶ
1523 492 1615 520 τούτου
1640 492 1742 530 τρανῶς
1771 489 1832 518 διαο

1003 539 1140 575 σαφοῦσιν,
1164 537 1178 564 ὃ
1205 547 1234 564 τε
1260 535 1477 570 ἐκκλησιαστικὸς
1505 536 1585 574 νόμος
1615 537 1658 565 καὶ
1679 537 1693 564 ὁ
1720 534 1832 564 πολιτι-

1003 580 1060 616 κός,
1093 576 1122 609 εΟ
1150 581 1199 618 μὲν
1226 580 1457 618 ἐκκλησιαστικὸς,
1481 583 1517 608 ’ἐν
1543 579 1831 620 διαφόροιςνκανόσιν.

1004 622 1086 651 Ἀλλὰ
1107 622 1139 657 δὴ
1154 625 1198 652 καὶ
1211 623 1239 652 ἐν
1253 627 1290 661 τῷ
1313 619 1352 653 οδ¹
1365 628 1415 658 τῆς
1444 619 1628 662 οἰκουμενικῆς
1655 619 1696 661 ς’
1720 622 1834 653 συνόδου

1003 670 1084 695 ταῦτα
1099 667 1253 708 διαγορεύει,
1270 669 1309 697 ὃτι
1325 669 1361 698 Οὖ
1375 669 1417 697 δεῖ
1445 669 1472 696 ἐν
1501 676 1560 702 τοῖς
1590 669 1748 708 Κυριακοῖς,
1769 668 1788 702 ἢ
1805 668 1834 696 ἐν

1003 719 1064 743 ταῖς
1091 712 1243 746 ἐκκλησίαις
1272 714 1319 746 τὰς
1347 713 1493 752 λεγομένας
1521 714 1627 752 ἀγάπας
1655 720 1757 753 ποιεῖν,
1788 714 1834 741 καὶ

1003 755 1075 785 ἔνδον
1088 757 1116 784 ἐν
1141 761 1179 795 τῷ
1208 757 1277 794 οἴκῳ
1304 758 1406 798 ἐσθίειν,
1436 759 1479 786 καὶ
1508 757 1633 786 ὰκούϐιτα
1661 758 1832 798 στρωννύειν,

1004 803 1034 829 Οἱ
1061 800 1089 829 δὲ
1123 806 1199 830 τοῦτο
1234 810 1322 831 ποιεῖν
1351 802 1514 840 τολμῶντες,
1545 804 1563 836 ἢ
1589 803 1784 831 παυσάσθωσαν
1815 803 1834 836 ἦ

1003 847 1232 886 καθαιρείσοωσαν,
1263 846 1416 876 Ἀκούϐιτον
1441 847 1467 876 δὲ
1495 847 1602 886 λέγεται
1631 847 1701 875 ἅπαν
1741 858 1835 886 στρω-

1004 891 1071 928 μνῆς
1091 892 1296 930 κατασκεύασμα
1323 893 1360 924 εὶς
1388 891 1453 930 ὕψος
1482 892 1595 930 ἠρμένον
1624 893 1668 920 καὶ
1695 891 1835 929 μαλακόν,

1005 934 1144 973 Ἀκούμϐω
1164 937 1214 975 γὰρ
1228 937 1309 976 παρὰ,
1328 937 1447 968 Λατίνοις
1471 937 1514 974 τὸ,
1534 937 1684 968 ἀναπίπτω.
1716 932 1834 974 Ὀμοίως

1005 978 1032 1007 δὲ
1053 981 1097 1007 καὶ
1118 979 1145 1007 ἐν
1159 984 1197 1017 τῷ
1213 975 1253 1015 ρξ’
1280 975 1369 1009 κανόνι
1385 986 1467 1010 ταῦτα
1482 989 1489 996 ’
1514 981 1580 1012 Τοός
1596 981 1614 1014 ἢ
1638 984 1744 1020 γαμετῇ
1767 991 1836 1008 συν-

1007 1027 1151 1061 οικοῦντας,
1182 1024 1200 1058 ἢ
1228 1024 1315 1056 ἄλλως
1350 1024 1504 1064 ἀδιακρίτως
1538 1026 1599 1058 τοὺς
1620 1026 1706 1064 ἱεροὺς
1734 1025 1836 1057 τόπους

1005 1073 1231 1108 κοινοποιοῦντας,
1277 1071 1321 1097 καὶ
1358 1072 1593 1109 καταφρονητικῶς
1635 1071 1694 1109 περὶ
1737 1070 1835 1100 αὖτοὺς

1006 1112 1129 1153 ἔχοντας,
1152 1114 1195 1141 καὶ
1209 1113 1290 1145 οἷτως
1305 1114 1332 1142 ἒν
1346 1116 1436 1146 αὐτοῖς
1450 1114 1662 1152 καταμένοντας,
1680 1115 1724 1142 καὶ
1739 1113 1770 1141 ὲκ
1779 1116 1835 1141 τῶν

1005 1157 1031 1186 ἐν
1065 1165 1124 1189 τοῖς
1152 1157 1303 1196 σεϐασμίοις
1332 1165 1406 1190 ναοῖς
1434 1160 1669 1199 κατηχουμενείων
1693 1159 1834 1198 προστάσ-

1005 1213 1085 1240 σομεν
1114 1202 1276 1235 ἐξωθεῖσθαι.
1301 1204 1330 1232 Εἰ
1349 1202 1376 1230 δὲ
1399 1204 1437 1241 μή
1458 1214 1499 1234 τις
1529 1205 1607 1232 τοῦτό
1636 1203 1831 1243 παραφυλάξει,

1002 1247 1024 1274 εἰ
1052 1247 1100 1284 μὲν
1135 1246 1260 1285 κληρικὸς
1289 1247 1346 1285 εἴη,
1377 1248 1548 1287 καθαιρείσθω
1565 1258 1571 1264 “
1607 1249 1629 1276 εἰ
1657 1247 1685 1275 δὲ
1718 1247 1832 1286 λα’ἰκὸς,

1002 1291 1171 1331 ἂφοριζέσθω.
1191 1289 1219 1320 Ὀ
1235 1291 1261 1319 δέ
1286 1303 1316 1331 γε
1337 1291 1474 1323 πολιτικὸς
1497 1293 1578 1330 νόμος
1601 1292 1628 1319 ἐν
1642 1291 1777 1331 κεφαλαίῳ
1793 1288 1835 1319 ια’

1001 1342 1047 1366 τοῦ
1063 1333 1199 1375 α’τίτλου,
1229 1341 1276 1366 τοῦ
1303 1332 1326 1365 ε’
1354 1336 1453 1375 βιϐλίου
1484 1341 1536 1365 τῶν
1571 1337 1719 1366 Βασιλικῶν
1750 1338 1836 1366 ταῦτὰ

1003 1392 1068 1421 φησι
1086 1390 1093 1398 ⁸
1124 1382 1211 1421 Μέχρι
1242 1385 1294 1410 τῶν
1322 1383 1373 1421 πρὸ
1400 1385 1450 1415 τῆς
1472 1381 1602 1419 δημοσίας
1639 1382 1737 1420 ἀγορᾶς
1764 1382 1835 1421 ὅρων

1003 1429 1052 1460 τῆς
1074 1426 1215 1460 ἐκκλησίας
1243 1429 1272 1454 τὸ
1300 1427 1415 1466 ἀσφαλὲς
1442 1427 1580 1467 ἐχέτωσαν
1606 1429 1629 1456 οἳ
1659 1427 1835 1467 προσφυγόν-

1002 1482 1057 1511 τες,
1073 1478 1132 1503 τοῖς
1156 1471 1300 1511 ἐνδοτέροις
1327 1471 1461 1512 λουτροῖς,
1491 1472 1509 1505 ἢ
1529 1473 1643 1511 κήποις,
1666 1472 1684 1505 ἢ
1713 1473 1834 1509 οἰκήμα-

1003 1527 1055 1552 σιν,
1078 1516 1095 1549 ἢ
1119 1515 1225 1556 αὐλαῖς,
1246 1517 1264 1550 ἢ
1291 1523 1383 1548 στοαῖς
1405 1516 1540 1556 χρώμενοι
1559 1525 1565 1531 ·
1595 1516 1787 1545 κωλυέσθωσαν
1804 1515 1835 1544 δὲ

1003 1560 1076 1592 ἐντὸς
1091 1562 1136 1589 τοῦ
1157 1565 1219 1589 ναοῦ
1234 1560 1252 1594 ἣ
1267 1561 1359 1588 ἐσθίειν
1379 1561 1396 1595 ἢ
1419 1562 1525 1592 ὑπνοῦν,
1555 1560 1639 1589 Ἀλλὰ
1667 1562 1711 1590 καὶ
1740 1562 1757 1594 ἡ
1789 1556 1835 1599 ογ¹

1003 1605 1081 1645 νεαρὰ
1109 1605 1154 1633 τοῦ
1183 1605 1313 1643 βασιλέως
1347 1605 1433 1645 κυρίου
1462 1605 1574 1638 Λέοντος
1602 1607 1648 1634 τοῦ
1683 1605 1833 1646 φιλοσόφου

1003 1651 1156 1688 παραμοίως
1193 1649 1298 1685 κολάζει
1326 1651 1369 1678 καὶ
1396 1651 1455 1683 τοὺς
1482 1650 1671 1690 ἐπιτρέποντας
1707 1650 1758 1683 τὴν
1794 1651 1834 1683 εἷς

1002 1694 1035 1721 τὰ
1063 1702 1282 1735 χατηχουμενετα
1302 1695 1468 1728 κατοίκησιν,
1506 1694 1554 1723 Ἐκ
1584 1696 1632 1729 τῆς
1655 1694 1832 1735 περιλήψεως

1001 1738 1045 1767 οὖν
1081 1740 1132 1767 τῶν
1161 1740 1287 1768 τοιούτων
1315 1740 1499 1777 θεσπισμάτων
1528 1740 1746 1779 ἀπηγορευμένον
1775 1740 1834 1768 ἐστὶ

1000 1784 1180 1821 παντάπασιν,
1207 1785 1251 1812 καὶ
1291 1786 1322 1812 τὸ
1359 1784 1462 1822 ἐσθίειν,
1498 1785 1542 1812 καὶ
1578 1785 1609 1813 τὸ
1641 1785 1730 1823 μένειν
1757 1783 1833 1812 ἔνδον

1003 1829 1070 1857 Θείου
1084 1833 1158 1860 ναοῦ,

1044 1872 1100 1912 Ἐρ.
1119 1873 1162 1901 Ἐν
1177 1880 1236 1904 τοῖς
1251 1874 1424 1913 ἅρχοντικοϊς
1446 1872 1680 1907 ἐκκλησιαστικοτς
1698 1872 1832 1911 ἀξιώμασι

1003 1918 1042 1949 τίς
1064 1920 1179 1957 πρῶτος,
1203 1918 1246 1946 καὶ
1266 1919 1305 1949 τίς
1326 1916 1454 1957 δεύτερος,
1467 1919 1511 1946 καὶ
1531 1918 1570 1950 τίς
1585 1919 1670 1958 τρίτος
1689 1927 1696 1933 ·
1713 1919 1757 1946 καὶ
1777 1921 1831 1950 πῶς

1004 1961 1096 2002 ἐφεξῆς
1118 1963 1135 1996 ἡ
1150 1962 1250 1990 τούτων
1265 1962 1336 1995 τάξις
1353 1973 1361 2003 ς

1041 2006 1103 2036 Ἀπ.
1144 2007 1211 2036 Ἀπὸ
1260 2008 1309 2045 μὲν
1350 2007 1466 2040 παλαιᾶς
1506 2007 1677 2047 παραδόσεως
1720 2008 1830 2047 πρῶτός

1001 2052 1072 2080 ἐστιν
1093 2053 1107 2079 ὁ
1128 2051 1212 2090 μέγας
1243 2052 1380 2089 οἰκονόμος
1398 2062 1404 2068 ·
1429 2051 1557 2092 δεύτερος,
1589 2054 1603 2080 ὁ
1631 2053 1674 2080 Eni
1699 2053 1749 2086 τῆς
1779 2064 1830 2090 με·

1001 2096 1085 2135 γάλης
1106 2096 1250 2129 σακέλλης,
1273 2097 1353 2136 ἡγουν
1382 2098 1396 2125 ὁ
1425 2097 1508 2136 μέγας
1541 2097 1714 2136 σακελλάριος
1733 2107 1741 2114 ·
1770 2098 1830 2136 τρίς-

1000 2152 1056 2178 τος,
1074 2142 1088 2169 ὁ
1109 2141 1192 2180 μέγας
1215 2140 1376 2181 σκευοφόλαξ
1389 2150 1396 2157 ⁸
1426 2141 1559 2181 τέταρτος,
1597 2143 1610 2169 ὁ
1633 2142 1803 2182 χαρτοφύλαξ
1819 2151 1828 2159 ·

1000 2185 1133 2224 πέμπτος,
1171 2187 1185 2213 ὁ
1219 2185 1261 2213 ἐπὶ
1293 2188 1342 2219 τῆς
1378 2189 1480 2224 μακρᾶς
1515 2185 1659 2224 σακέλλης,
1702 2186 1784 2225 ἤγουν
1815 2188 1829 2215 ὁ

1000 2229 1171 2270 σακελλάριος
1189 2238 1195 2246 ⁸
1218 2231 1262 2258 καὶ
1285 2229 1373 2268 ἕκτος,
1400 2232 1414 2258 ὁ
1441 2229 1618 2270 πρωτέκδικος
1634 2239 1641 2246 ⁶
1672 2231 1770 2262 οἵτινες
1786 2232 1831 2259 καὶ

1002 2274 1198 2308 ἒξωκατάκηλοι
1236 2274 1369 2315 λέγονται,
1418 2276 1453 2304 Τὸ
1493 2278 1540 2303 τοῦ
1581 2274 1759 2315 πρωτεκδίκου
1803 2275 1831 2304 δὲ

1002 2319 1124 2359 ὀφφίκιον
1151 2319 1176 2348 ἒν
1204 2326 1263 2351 τοῖς
1291 2318 1482 2353 ὑποϐεϐηκόσιν
1504 2319 1533 2347 ὃν
1561 2319 1686 2358 ἔκπαλαι,
1722 2320 1831 2358 ὕστερον

1002 2370 1061 2397 τοῖς
1077 2365 1233 2404 ὑπερέχουσι
1248 2365 1377 2403 συνετάγη
1393 2365 1464 2404 παρὰ
1491 2368 1538 2392 τοῦ
1564 2365 1611 2399 τῆς
1634 2365 1764 2405 μακαρίας
1780 2365 1832 2401 λή-

1003 2408 1067 2442 ξεως
1096 2409 1262 2448 πατριάρχου
1292 2409 1596 2441 Κωνσταντινουπόλεως
1632 2409 1763 2449 Γεωργίου
1784 2415 1832 2439 τοῦ

1003 2453 1150 2493 Ξιφιλίνου,
1186 2457 1225 2491 Τῇ
1259 2452 1349 2493 πράξει
1383 2452 1410 2481 δὲ
1437 2455 1520 2492 ταύτῃ
1555 2453 1756 2487 ἐπηκολούθησε
1784 2456 1830 2483 καὶ

1003 2499 1098 2538 γνώμη
1133 2499 1239 2537 γενναία
1265 2503 1311 2526 τοὺ
1338 2499 1366 2526 ἐν
1391 2499 1473 2538 ἁγίοις
1501 2499 1695 2539 μητροπολίτου
1724 2503 1830 2527 Θεσσα-

1003 2543 1110 2576 λονίκης
1154 2542 1305 2580 Εὖσταθίου,
1345 2544 1489 2572 ἒπαινοῦσα
1532 2545 1576 2572 καὶ
1618 2543 1755 2583 ἐξαίρουσα
1798 2546 1829 2572 τὸ

1002 2588 1123 2628 γεγονὸς,
1152 2588 1189 2618 ὡς
1223 2587 1338 2627 ερλόγως
1365 2589 1408 2616 καὶ
1435 2587 1578 2626 ἀμέκπτως
1606 2588 1736 2629 πραχθέν.
1774 2590 1829 2617 Οἷα

800 2666 923 2700 νΑΗΙᾹΞ
944 2666 1163 2701 LECTIONES.

174 2728 200 2766 ι’
215 2729 431 2771 septuagesimo
447 2736 539 2760 nono.
555 2729 590 2752 κ’·
601 2729 783 2769 promiscue.
799 2729 850 2752 '1'"
859 2729 1041 2771 profanant.
1057 2727 1272 2771 “statipnibtts.
1287 2725 1311 2745 λλ·
1321 2729 1375 2771 ραι
1390 2728 1431 2760 ad
1439 2729 1596 2761 ecclesiam
1610 2730 1826 2770 con/“gemui.

135 2766 174 2804 Γ
189 2766 350 2800 sententia.
366 2767 373 2787 ί
387 2776 564 2800 (economus-
578 2771 587 2797 t

610 2777 751 2800 vasorum
766 2767 876 2800 custos.
894 2769 907 2789 κ
919 2767 1138 2801 eltartulurius.
1156 2767 1162 2784 ‘
1178 2769 1295 2809 primus
1309 2767 1458 2808 defensor.
