1942 3081
51 130 111 165 969

719 135 948 170 GRIECO-ROM
950 136 1002 168 AN
1005 136 1060 167 UM
1065 157 1072 166 .

1677 131 1739 168 970

50 205 195 235 τηνικαῦτα
229 208 307 233 τινῶν
334 205 522 240 ἀντειπόντων,
565 207 601 238 ὡς
643 206 682 243 μὴ
709 203 817 237 ἀπυδεξα

973 200 1211 237 texocatacelos,
1229 200 1343 240 primus
1358 202 1405 232 est
1426 199 1646 241 protonotarius
1663 209 1671 232 :
1689 209 1738 232 se-

52 257 104 274 νων
117 247 169 282 τὴν
182 249 285 288 πρᾶξιν.
303 251 375 278 Μετὰ
404 251 465 282 τοὺς
501 249 719 285 ὲξωκατακήλους
748 248 775 278 δὲ
796 251 871 288 πρῶ-

51 291 98 323 τός
115 292 185 320 ἔστιν
200 295 214 321 ὁ
237 294 438 334 προτονοτάριος
456 305 462 312 ·
492 293 620 335 δεύτερος,
644 295 658 323 6
678 295 872 332 ὑπομνηματο-

52 335 153 376 γράφος
171 345 179 353 ⁹
201 338 301 379 τρίτος,
316 340 330 367 6
352 339 495 379 λογοΘέτης
512 347 519 354 ·
543 339 679 379 τέταρτος,
710 340 724 367 6
752 338 873 377 κανστρί-

53 391 110 424 {Hoc
127 389 135 398 '
151 381 284 420 πέμπτος,
313 385 327 411 ὁ
363 385 529 424 ἱερομνήμων
546 393 554 402 ·
592 383 667 415 ἕκτος
694 384 708 411 ὁ
737 383 874 422 ραιφερεν-

51 422 140 464 adflato;
158 434 165 442 '
189 425 310 465 ἕϐδομος,
327 429 341 456 ὁ
366 422 407 456 ἐπὶ
434 428 486 456 τῶν
509 429 627 467 γονάτων
643 437 650 445 ·
681 426 783 466 ὄγδοος,
797 428 811 455 ὁ
833 427 875 454 ἐπὶ

50 469 100 502 τῆς
115 471 185 509 ίερᾶς
210 472 396 504 καταστάσεως
421 481 428 489 '
462 471 578 512 ἕννατος,
606 474 620 500 6
640 472 849 509 ὑπομιμνήσκων
865 479 871 486 ·

48 512 172 553 δέκατος,
194 517 208 544 6
224 516 266 544 ἐπὶ
293 516 350 545 τῶκ
375 516 503 556 πκρέτων
530 525 536 533 ·
567 516 713 554 ἑνδέκατος,
736 517 750 544 6
764 516 806 544 ἐπὶ
820 517 872 544 τῶν

49 558 162 597 κρίσεων
178 569 185 576 ·
217 559 374 598 δωδέκατος,
403 563 417 589 ὁ
443 560 596 601 δευτερεύων
633 564 686 589 τιίιν
705 560 845 601 *διακόνων
863 568 869 574 ”

49 601 110 639 μετ’
127 602 222 636 αὐτοὺς
261 606 284 631 οἱ
312 611 387 644 τρεῖς
416 606 555 644 ὁστιάριοι,
581 606 624 634 καὶ
653 599 712 643 μετ’
746 605 838 636 αὐτοὺς
853 606 876 633 ol

50 653 124 686 τρεῖς
154 647 283 688 ἄρχοντες
309 652 363 677 τῶν
393 649 571 683 Ἐκκλησιῶν.
602 649 634 678 Ἦ
656 660 821 690 προχειρισις
849 648 876 676 δὲ

52 691 100 719 τοῦ
114 690 307 732 δεπερεύοντος
331 697 383 722 τῶν
412 693 538 722 διακόνων
567 695 618 734 οὐχ
651 694 743 726 ἁπλῶς
765 695 874 733 γίνεται,

53 735 124 764 ἀλλὰ
140 736 198 765 κατ’
213 736 341 777 ἐκλογήν.
366 742 458 766 Δεῖται
500 739 549 778 γὰρ
574 740 605 767 τὸ
626 742 743 767 τοιοῦτον
759 738 878 778 ὀφφίκιον

53 779 146 819 ἀνδρὸς
161 782 250 809 ἱκανοῦ
264 782 307 810 καὶ
322 781 470 816 ἐπιτηδείου
485 783 521 814 εἱς
550 784 580 811 τὸ
628 782 776 822 ἐκπληροῦν
788 782 878 820 ἅμέμ-

52 835 127 857 πτως
153 825 200 857 τὰς
230 825 392 865 ἁρμοζούσας
434 827 518 864 τούτῳ
546 826 690 858 διακονιας.
720 829 804 856 Αὐτοῦ
830 827 879 866 γὰρ

914 245 1042 283 cundus,
1072 245 1246 276 actuarius:
1272 245 1388 284 tertius,
1418 245 1587 285 logotheta:
1606 249 1740 285 quartus,

915 290 1075 320 castrensis
1088 299 1094 321 :
1108 290 1239 330 quintus,
1250 298 1401 320 sacrorum
1412 289 1613 320 memorialis:
1628 295 1739 327 sextus,

914 333 1135 365 referendarius
1152 345 1158 365 :
1187 335 1343 374 septimus,
1367 343 1385 365 a
1409 333 1535 373 genibus
1552 344 1560 364 :
1577 338 1706 373 octavus,
1723 343 1741 365 a

918 387 1002 409 sacro
1031 379 1138 410 ordine
1151 384 1171 399 ιιι
1197 390 1203 408 :
1222 388 1329 415 nonus,
1356 379 1532 409 memoriam
1551 387 1713 418 suggerens
1731 389 1737 408 :

918 422 1084 464 decimus,a
1100 424 1246 455 secretisn
1263 433 1270 455 :
1285 423 1498 461 undecimus,a
1508 422 1632 462 judiciis
1644 433 1651 454 :
1664 424 1740 455 duo-

916 467 1060 509 dccimus,
1079 468 1276 499 secundarius
1291 468 1497 499 diaconorum.
1514 467 1584 498 Post
1593 476 1643 499 eos
1654 468 1741 500 ostia-

916 512 954 542 rii
977 518 1037 544 tres
1068 514 1257 553 magistratus
1278 512 1491 544 Ecclesiarum.
1509 512 1626 544 Creatio
1641 518 1740 544 autem

917 558 1087 588 secundarii
1110 558 1228 589 diaconi
1255 567 1315 588 non
1332 558 1363 589 [it
1377 557 1556 597 simpliciter
1573 557 1625 588 sed
1640 557 1741 589 habito

917 600 1046 633 delectu.
1064 602 1242 643 Hujusmodi
1266 611 1394 642 namque
1404 602 1534 632 oﬂicium
1549 601 1678 642 requirit
1695 602 1743 632 vi-

917 654 982 676 rum
991 650 1092 686 aptum
1105 652 1134 678 et
1144 647 1352 688 idoneum,qui
1363 646 1572 677 convenientia
1578 646 1745 678 ministeria

917 689 1068 730 inculpate
1082 691 1256 732 adimpleat.
1275 691 1346 731 Ejus
1360 690 1440 722 enim
1456 695 1500 721 est
1515 690 1697 731 principium
1713 694 1743 722 et

919 734 1080 765 antistitum
1093 739 1158 775 post
1171 736 1336 775 ingressum
1348 735 1530 772 benedictio,
1547 735 1578 765 in
1591 735 1743 776 supplica-

920 778 1050 809 tionibus
1064 788 1078 801 ο
1106 780 1298 820 Evangelium
1323 783 1452 820 portare,
1470 780 1672 811 connexiones
1684 785 1697 807 P
1712 783 1744 811 et

920 823 1113 862 repetitiones
1128 824 1160 855 in
1175 826 1218 855 eis
1233 825 1330 855 facere
1345 828 1495 865 :tempora
1511 824 1634 855 absente
1643 824 1744 856 archi-

53 868 125 897 ὲστιν
139 871 157 903 ἡ
171 870 239 907 μετὰ
253 871 302 904 τὴν
324 870 426 900 εἴσοδον
449 872 565 911 εὐφημία
592 875 644 900 τῶν
677 871 806 910 βασιλέων

978 877 1042 899 :ono
1058 868 1129 899 dare
1159 869 1307 910 diaconis,
1324 870 1376 910 qui
1391 869 1512 900 amboni
1527 869 1661 900 serviunt
1674 876 1699 907 (ι,
1716 872 1745 900 et

55 916 116 942 τῶν
142 914 288 954 ἀρχιερέων
311 925 318 933 ο
349 916 379 943 τὸ
401 915 428 944 ἐν
455 923 515 948 ταῖς
560 915 648 948 λιταῖς
682 916 820 953 βαστάζειν
845 917 875 944 τὸ

57 958 233 998 Εὖαγγέλιον,
265 961 308 988 καὶ
335 960 382 992 τὰς
404 961 431 988 ἐν
458 962 550 992 αὐταῖς
575 961 706 992 συναπτὰς
729 961 772 990 καὶ
798 961 877 995 αἰτή-

53 1013 110 1034 σεις
146 1009 236 1032 ποιεῖν
252 1011 260 1019 ”
290 1005 333 1044 τὸ,
362 1005 475 1038 ἀπόντος
503 1010 550 1035 τοῦ
576 1004 762 1045 ἀρχιδιακόνου
782 1003 878 1033 διδόναι

54 1047 162 1086 καιροὺς
184 1053 243 1080 τοῖς
273 1048 300 1076 ἐν
328 1052 366 1086 τῷ
395 1048 496 1087 ἄμϐωνι
514 1048 657 1087 διακόνοις,
673 1050 716 1077 καὶ
737 1048 804 1078 ἄλλα
818 1050 879 1077 τινὰ

55 1092 148 1120 τούτου
189 1093 358 1132 ὑστερήματα
383 1093 541 1133 ἐκπληροῦν.
594 1095 668 1123 Κατὰ
709 1097 786 1122 τοῦτο
820 1099 880 1133 γοῦν

53 1137 98 1164 καὶ
121 1135 231 1175 λὲγατίιι
244 1137 412 1178 δευτερεύων,
447 1140 498 1178 οὐχ
520 1139 559 1166 ὅτι
595 1137 734 1177 δευτερεύει
765 1138 791 1165 ἐν
808 1138 835 1166 ὲν
848 1141 883 1176 τῇ

53 1180 126 1212 τάξει
141 1184 194 1209 τῶν
209 1180 350 1214 διακόνων,
387 1184 516 1216 Τοιαύτην
547 1184 595 1221 μὲν
624 1184 668 1210 οὖν
689 1184 706 1217 ἡ
737 1182 882 1222 παλαιτέρα

55 1224 200 1268 παράδοσις
223 1226 287 1266 εἶχε
302 1227 351 1260 τὴν
365 1230 418 1254 τῶν
443 1227 619 1268 ἀρχοντικίων
650 1226 721 1260 τάξιν
757 1229 801 1256 καὶ
816 1228 881 1255 στά-

55 1263 108 1300 σιν.
152 1263 204 1298 ’δτι
233 1263 273 1299 δέ-
296 1272 322 1299 αἱ
352 1263 630 1312 τούτωνηδφραγτδες
659 1277 706 1302 τοῦ
733 1271 882 1309 θελήματος

55 1317 109 1342 τῶν
139 1314 287 1354 ἀρχιερέων
328 1315 495 1355 ὲξήρτηνται,
531 1316 647 1356 διάφοροι
684 1315 711 1344 δέ
751 1317 799 1344 εἶσι
840 1317 883 1344 καὶ

56 1365 117 1390 ταῖς
135 1360 255 1398 γνώμαις
277 1360 322 1388 καὶ
336 1367 397 1393 ταῖς
427 1361 540 1400 ὀρέξεσιν
567 1363 590 1389 οἱ
611 1361 759 1401 ἀρχιερεῖς,
791 1361 883 1389 τούτο)

56 1404 139 1443 χάριν
155 1404 284 1444 συνεχέοη
316 1406 334 1439 ἡ
355 1405 428 1438 τάξις
442 1407 459 1440 ἡ
489 1405 599 1437 παλαιά,
631 1407 772 1435 Κάντεῦθεν
794 1404 851 1433 οὐδὲ
867 1406 883 1439 ἡ

56 1449 151 1479 στάσις
178 1449 231 1476 τῶν
260 1449 436 1490 ἀρχοντικίων
471 1450 513 1478 ἐπὶ
550 1450 598 1484 τῆς
627 1449 747 1489 ἱδρύσεως
769 1450 882 1489 ἔμεινεν,

919 912 949 942 in
965 912 1031 944 aliis
1046 913 1223 953 quibusdam
1240 915 1340 953 ,vicem
1357 914 1421 954 ejus
1436 913 1585 954 supplere.
1602 913 1646 945 Ob
1661 923 1745 945 eam-

920 965 979 996 que
994 966 1113 988 causam
1127 958 1238 988 dicitur
1255 958 1462 995 secundarius,
1481 968 1539 989 non
1556 959 1634 999 quod
1649 959 1680 989 in
1696 966 1746 989 or-

920 1001 991 1032 dine
1000 1002 1195 1034 diacouorum
1221 1003 1260 1034 sit
1275 1005 1437 1035 secundus.
1455 1003 1558 1034 Talem
1574 1003 1666 1042 igitur
1680 1003 1746 1034 offi-

922 1045 1035 1076 ciorum
1047 1048 1183 1078 ordiuem
1196 1053 1224 1079 et
1244 1052 1352 1079 statum
1369 1049 1519 1088 antiquior
1529 1048 1633 1079 habuit
1649 1048 1745 1080 tradi-

925 1091 1039 1122 tio.Sed
1050 1102 1116 1123 cum
1128 1094 1233 1124 horum
1245 1094 1343 1132 sigilla
1353 1101 1364 1115 τ
1379 1093 1530 1134 pendeant
1548 1103 1582 1124 ex
1597 1094 1748 1125 voluntate

923 1136 1086 1167 antistitum
1103 1143 1127 1177 δ,
1142 1147 1267 1177 quorum
1282 1138 1439 1169 sententia;
1448 1141 1478 1169 et
1488 1138 1653 1169 voluntates
1664 1138 1749 1169 diﬂ'e-

923 1184 1002 1218 runt,
1020 1185 1178 1221 propterea
1193 1187 1276 1212 vetus
1293 1184 1432 1213 confusus
1447 1186 1492 1213 est
1518 1183 1602 1214 ordo.
1616 1183 1748 1223 Indeque

923 1234 979 1255 nec
994 1226 1156 1257 olficiorum
1177 1227 1307 1258 conditio
1322 1228 1331 1247 ι
1358 1228 1389 1258 in
1405 1237 1457 1258 sua
1472 1228 1610 1258 ﬁrmitate
1626 1227 1746 1265 mansit,

924 1269 976 1300 sed
1003 1270 1086 1309 juxta
1113 1273 1271 1311 praesulum
1303 1272 1443 1312 placitum
1459 1272 1636 1303 labefactata
1651 1292 1664 1307 ιι
1681 1272 1747 1310 fuit,

924 1314 1058 1345 confusio
1073 1319 1171 1346 autem
1187 1316 1253 1356 ipsa
1268 1316 1298 1346 in
1315 1325 1418 1348 eorum
1431 1316 1531 1347 multis
1542 1317 1672 1356 vigorem
1685 1320 1750 1347 tan-

926 1358 994 1389 dem
1007 1359 1081 1398 legis
1099 1360 1236 1392 obtinuit.
1254 1360 1337 1397 Quod
1348 1366 1444 1391 autem
1457 1361 1488 1391 in
1498 1361 1534 1392 iis
1544 1361 1748 1400 inveniuntur,

926 1403 977 1443 qui
999 1408 1148 1444 utcunque
1163 1409 1233 1436 sunt
1249 1406 1460 1437 ecclesiasticae
1480 1406 1673 1445 experientia
1684 1414 1747 1446 par-

926 1448 1043 1488 ticipes,
1054 1450 1258 1480 eminentioris
1274 1451 1394 1490 quidem
1406 1450 1519 1481 ordinis
1531 1450 1628 1481 ofﬁcia
1636 1450 1666 1480 in
1679 1458 1751 1490 pro-

57 1491 128 1522 ἀλλὰ
144 1495 348 1530 μετακεκίνηται
376 1495 444 1523 κατὰ
471 1496 503 1523 τὸ
523 1503 582 1527 τοῖς
615 1495 766 1535 ἀρχιερεῦσι
780 1494 824 1522 δοκ

59 1533 90 1542 ._
150 1537 155 1542 .
290 1537 308 1542 ..
360 1538 372 1542 ..
446 1539 453 1542 _
605 1538 612 1542 .
639 1539 643 1542 .
753 1539 758 1542 .

983 1501 993 1522 )
1009 1497 1085 1524 statu
1101 1503 1151 1524 seu
1168 1495 1328 1525 ﬁrmitatev
1341 1503 1464 1526 manere
1489 1498 1589 1525 sinunt
1603 1504 1610 1524 :
1624 1494 1750 1525 inferio-

59 1533 91 1565 Ἠ
124 1537 258 1577 σύγχυσις
287 1537 314 1566 ἑὲ
342 1538 408 1572 αὕτη
445 1539 471 1566 ἒν
498 1546 556 1580 τοῖς
583 1533 700 1567 «lateat
714 1539 825 1577 τούτων,

984 1545 1094 1575 autem,
1112 1538 1300 1580 etsimulent,
1317 1544 1414 1571 tamen
1425 1549 1484 1570 non
1496 1539 1646 1579 sinejusta
1663 1548 1751 1570 causa

57 1581 154 1619 νόμος,
177 1581 271 1610 λοιπὸν
287 1582 477 1622 ἐπεκράτησεν.
502 1578 568 1612 ”Οτι
598 1582 625 1611 δὲ
649 1583 675 1612 ἐν
691 1584 793 1615 τούτοις
817 1594 824 1611 ε

982 1582 1070 1613 acere
1085 1578 1361 1623 deprehenduntur,
1391 1584 1494 1615 virtuti
1520 1578 1590 1625 puta
1603 1585 1749 1615 honorem

57 1626 167 1654 σκονταί
181 1636 250 1658 τινες
285 1627 399 1667 μέτοχοι
428 1627 549 1656 ὁπωσοῦν
577 1629 667 1666 πείρας
696 1626 885 1660 ἐκκλησιαστι-

57 1673 118 1710 κῆς,
150 1670 183 1698 τὰ
219 1671 268 1708 μὲν
302 1674 353 1704 τῆς
386 1672 569 1711 ὑπερεχούσης
605 1671 703 1704 τάξεως
732 1671 887 1711 ἀρχοντίκια

57 1714 101 1743 ἐπὶ
115 1717 166 1748 τῆς
195 1715 292 1747 οἰκείας
329 1715 416 1753 μένειν
447 1717 510 1745 ἐῶσι
539 1717 740 1751 καταστάσεως,
770 1716 792 1749 ἢ·
819 1715 887 1755 ἱδρύ-

59 1769 130 1790 σεως
148 1767 155 1775 ·
180 1759 214 1790 τὰ.
228 1758 255 1787 δὲ
276 1762 326 1793 τῆς
343 1759 463 1800 δευτέρας
491 1762 513 1788 εἰ
531 1761 574 1789 καὶ
603 1760 796 1798 μετα-τιθέασιν,
813 1759 886 1797 ὅμως

59 1806 89 1833 ὠ
102 1804 188 1844 χωρὶς
202 1803 311 1844 εὐλόγου
335 1805 417 1837 αἰτίας
441 1809 517 1834 τοῦτο
545 1809 682 1836 ποιοῦντες
709 1804 886 1843 καταλαμϐά-

64 1860 167 1886 νονται,
203 1849 222 1883 ἢ
251 1849 346 1889 ἀρετὴν
374 1849 476 1884 δηλαδὴ
518 1852 657 1887 τιμῶντες,
696 1849 714 1883 ἣ
743 1849 833 1888 λόγον,

59 1893 148 1927 ἄλλην
162 1893 355 1932 ἐπαινουμένην
387 1894 530 1934 ἐνέργειαν.
559 1895 625 1934 Οῗγε
659 1894 712 1932 μὴν
735 1894 886 1922 παντάπασι

58 1939 153 1978 πείρας
183 1938 322 1977 ὂιμέθεκτοι
349 1940 393 1968 καὶ
430 1939 650 1977 ἀνεπιστήμονες,
679 1939 713 1967 τὰ
740 1937 795 1966 ἅνω
815 1939 888 1967 κάτω

61 1988 200 2015 ποιοῦντες
215 1984 375 2023 εὒρίσκονται
393 1992 400 2000 ·
438 1985 481 2012 καὶ
503 1985 520 2017 ἡ
548 1984 676 2023 παροιμία
702 1983 804 2014 τούτοις
819 1982 888 2020 ὁμό-

59 2028 172 2068 στολος,
201 2028 256 2056 ἄνω
281 2029 410 2067 ποταμῶν
439 2035 541 2068 χωρεῖν
570 2027 684 2067 λέγουσα
711 2028 758 2059 τὰς
787 2028 887 2066 πηγὰς,

58 2074 103 2101 καὶ
131 2073 165 2100 τὰ
199 2073 270 2112 παρὰ
298 2072 432 2105 Ἰουδαίοις
467 2072 665 2111 δευτερόπρωτα
689 2070 820 2108 σάϐϐατα,
843 2071 887 2099 καὶ

59 2118 134 2158 παρὰ
148 2123 205 2149 τοῖς
220 2116 316 2150 δεινοῖς
346 2123 486 2158 σοφισταῖς
521 2117 555 2144 τὰ
583 2117 761 2156 πρωθύστερα,
798 2116 889 2154 Χρεὼν

927 1625 1083 1664 habentes,
1099 1628 1144 1658 vel
1173 1628 1292 1659 dicendi
1308 1629 1423 1668 peritiae
1443 1633 1466 1666 ι,
1483 1629 1529 1659 vel
1545 1629 1596 1659 alii
1612 1628 1753 1660 laudabili

927 1670 1071 1702 facultati.
1100 1672 1155 1708 Qui
1177 1682 1247 1703 vero
1268 1673 1461 1713 experientiw
1476 1673 1598 1703 omnino
1618 1673 1710 1704 rudes
1725 1676 1754 1704 et

928 1715 1070 1756 imperiti,
1089 1727 1153 1756 quae
1164 1727 1295 1758 sursum,
1311 1718 1452 1748 deorsum
1468 1726 1556 1756 agere
1567 1717 1753 1758 comperiun—

929 1764 993 1790 tur:
1009 1765 1037 1790 et
1048 1762 1279 1801 proverbiumiis
1288 1763 1436 1801 convenit,
1450 1762 1606 1792 ﬂuviorum
1615 1762 1754 1802 inquiens

928 1805 1024 1836 fontes
1042 1816 1157 1836 sursum
1173 1817 1341 1838 recurrere.
1354 1807 1426 1838 Item
1438 1807 1608 1838 Judaeorum
1624 1807 1755 1837 secunda

929 1846 1024 1885 prima
1040 1847 1170 1885 sabbata,
1190 1853 1218 1878 et
1234 1848 1363 1887 gravium
1380 1868 1392 1888 χ
1403 1848 1603 1887 sophistarum
1626 1847 1753 1886 prothy-

929 1895 1038 1922 steraz.
1057 1891 1247 1932 Frequentati
1272 1902 1342 1931 ergo
1365 1901 1487 1923 moresa
1503 1891 1575 1922 mihi
1590 1892 1653 1922 sine
1664 1891 1755 1921 dubio

929 1936 1075 1975 sequendi
1091 1937 1237 1967 videntur.
1265 1937 1350 1972 Quod
1376 1937 1401 1967 si
1417 1936 1488 1977 quid
1505 1936 1535 1966 in
1551 1937 1598 1966 his
1613 1936 1755 1966 innovare

929 1989 1054 2011 necesse
1066 1981 1114 2018 sit,
1139 1981 1227 2021 justis
1256 1982 1293 2013 de
1309 1981 1406 2012 causis
1423 1990 1484 2011 non
1502 1989 1555 2021 pro
1572 1980 1755 2020 singulorum

929 2025 1052 2056 arbitrio
1079 2025 1108 2056 id
1125 2026 1306 2057 faciendum.
1319 2026 1395 2057 Sunt
1408 2029 1509 2056 autem
1525 2029 1554 2056 et
1570 2025 1627 2056 alia
1646 2024 1755 2064 ofﬁcia,

931 2079 996 2109 quae
1011 2070 1214 2101 sacerdotibus
1243 2071 1371 2101 maxime
1387 2073 1565 2111 congruunt,
1582 2070 1754 2107 catechisla,

930 2116 1204 2155 orphanotropzeus,
1223 2120 1348 2156 quatuor
1362 2115 1546 2152 defensores,
1563 2114 1753 2154 luminarius,

61 2163 106 2191 οὖν
120 2162 181 2199 ἐμοὶ
221 2160 306 2200 δοκεῖ,
335 2168 394 2194 τοῖς
429 2161 542 2193 πολλοῖς
578 2160 661 2189 ἔθεσιν
696 2159 828 2199 ἀναντιῤῥί

984 2160 1139 2197 nmidator,
1157 2165 1186 2190 et
1200 2161 1320 2191 circitor
1333 2160 1358 2192 ι).
1377 2161 1534 2191 Lectorum
1551 2158 1648 2190 oﬂicia
1663 2159 1725 2190 haec
1744 2168 1751 2188 2

62 2207 219 2235 ἀκολουθεῖν
234 2216 249 2236 )
270 2215 277 2221 '
302 2207 324 2235 εἰ
339 2205 366 2234 δέ
380 2217 405 2234 τι
419 2206 463 2235 καὶ
484 2212 655 2243 καινοτομεῖν
671 2205 774 2243 ἀνάγκη
791 2204 817 2233 ἐν

988 2205 1118 2235 nesticus
1129 2205 1225 2236 dextri
1237 2205 1331 2243 chori,
1345 2205 1527 2235 domesticus
1542 2203 1655 2234 sinistri
1672 2213 1678 2234 :
1697 2212 1755 2243 po-

62 2262 131 2292 τοις,
163 2250 189 2283 ἐξ
216 2250 332 2290 εὐλόγων
364 2251 466 2288 αἰτιῶν,
496 2249 556 2279 ἀλλ’
598 2251 646 2279 οὐκ
680 2251 711 2278 εκ
734 2248 829 2288 Θελημι

989 2248 1128 2279 icoactor
1141 2257 1153 2271 ε
1168 2250 1306 2280 similiter
1322 2259 1330 2279 :
1357 2248 1540 2279 domesticus
1556 2253 1721 2284 cantorum,
1739 2256 1756 2278 a

61 2296 135 2325 ἰδίων
156 2298 233 2324 τοῦτο
253 2301 355 2325 ποιεῖν.
373 2296 427 2324 Εἰσὶ
442 2295 469 2322 δὲ
503 2295 547 2323 καὶ
568 2294 644 2334 ἕτερα
671 2293 790 2334 ὀφφίκια,
824 2305 828 2321 ι

989 2293 1111 2324 busdam
1128 2294 1295 2334 appellatus
1309 2293 1490 2334 protopsalta
1507 2303 1513 2323 :
1532 2292 1756 2333 primicerusle—

60 2339 180 2378 μάλιστα
206 2346 266 2371 τοῖς
298 2341 407 2378 ἱερεῦσιν
429 2339 585 2379 ὰρμύζουσιν
602 2348 611 2357 ·
641 2340 656 2366 6
678 2338 721 2367 ἐπὶ
753 2341 807 2366 τῶν

986 2347 1058 2375 rum,
1076 2339 1231 2378 praefectus
1260 2338 1463 2369 contaciorum
1477 2338 1502 2377 τι,
1518 2341 1753 2377 protocanonar-

59 2385 221 2425 τηχήσεων,
235 2385 250 2412 ὁ
283 2383 491 2424 δρφαινοτρόφος,
521 2384 545 2411 οἱ
580 2383 705 2422 τέσσαρες
733 2381 826 2411 ἔκδικοι

990 2391 1015 2423 s,
1029 2386 1058 2413 et
1069 2383 1240 2413 chartularii
1252 2391 1366 2422 magnae
1375 2381 1754 2425 sacellae,armariiqueiva—

61 2424 156 2470 ἄρχων
167 2432 222 2457 τῶν
252 2428 359 2469 φώτων,
389 2429 403 2457 6
431 2427 627 2466 νουμμοδότης,
721 2428 735 2455 6
756 2437 828 2467 περιο

990 2436 1044 2457 im.
1080 2427 1189 2458 Theori
1227 2432 1339 2464 autem,
1384 2426 1448 2468 [seu
1482 2424 1709 2470 observatores]
1727 2429 1757 2470 et

143 2467 334 2514 Ἀναγνωστὼν
351 2467 390 2501 δὲ
423 2473 540 2512 ὀφφίκία,
569 2477 663 2503 ταῦτα,
689 2467 719 2500 Ὀ
734 2470 828 2510 δομέστ

991 2472 1074 2512 utati,
1089 2476 1117 2502 et
1137 2472 1282 2512 camisati,
1309 2481 1368 2503 non
1386 2467 1458 2502 sunt
1473 2471 1584 2511 ofﬁcia,
1601 2470 1652 2501 sed
1671 2469 1757 2500 mini-

63 2522 111 2551 τοῦ
125 2517 222 2557 δεξιοῦ,
239 2523 334 2559 χοροῦ,
349 2519 363 2547 6
377 2516 530 2556 δομέστικος
560 2520 607 2545 τοῦ
621 2516 768 2556 ἀριστεροῦ,
786 2516 830 2545 λαο

988 2516 1022 2546 'ia
1036 2516 1074 2547 iis
1084 2517 1120 2548 ad
1132 2517 1224 2548 altare
1238 2526 1355 2548 sacrum
1371 2516 1517 2556 injuncta.
1533 2515 1660 2547 Theoris
1676 2513 1755 2545 enim

731 2598 863 2633 VARIJE
884 2600 1047 2635 LECTION
1050 2601 1105 2633 ES.

106 2706 127 2722 ω
139 2688 303 2730 praefectus
316 2695 409 2719 sacrae
423 2687 578 2730 stationis.
591 2726 611 2730 Α,
630 2703 644 2719 n
656 2685 815 2725 praefectus
829 2690 1022 2730 secretorum.
1073 2690 1085 2706 °
1101 2687 1230 2719 lituniis.
1284 2692 1297 2713 P
1312 2687 1459 2730 collectas,
1469 2688 1498 2717 et
1513 2693 1639 2730 preces_._
1681 2703 1693 2724 ιι
1707 2684 1762 2724 qui

67 2725 189 2761 sunt-in
203 2725 356 2771 suggestu.
376 2768 381 2771 _
413 2745 424 2761 r
437 2726 695 2767 confirmationes.
751 2730 762 2746 ³
772 2727 961 2771 pontiﬁcum.
1019 2729 1142 2771 ‘sta_tzo.
1198 2733 1212 2749 ιι
1226 2730 1357 2771 mutata.
1422 2737 1435 2752 v
1447 2727 1480 2757 in
1494 2725 1696 2771 sua‘statione
1710 2733 1763 2770 seu

66 2772 213 2802 sessione.
241 2764 272 2790 ’ί
284 2768 443 2801 doctrinm.
484 2764 499 2794 ί
513 2771 692 2798 acutorum.
732 2764 994 2809 zgp'rioroiuuima.
1038 2775 1050 2791 ι
1066 2768 1306 2809 Frequentiores
1320 2776 1389 2807 ergo
1403 2765 1643 2799 consuetudines.
1685 2764 1699 2786 ¹³
1713 2764 1762 2796 vi-

71 2813 190 2842 u‘talor.
235 2810 246 2828 ⁸
260 2809 396 2841 collector
410 2809 474 2840 sive
487 2809 702 2847 congregator;
742 2802 980 2846 clpugillarium.

298 2875 426 2907 Pnnon.
450 2873 504 2906 Gn.
530 2871 628 2904 CXIX.
1435 2872 1470 2902 31
