1942 3081
224 141 284 175 975
915 143 932 176 J
935 145 981 176 US
1001 142 1223 176 GANONICUM
1858 141 1914 174 9'76

224 213 308 242 extra
324 212 516 251 provinciam.
533 211 568 243 Et
577 211 647 253 quid
658 211 714 242 hoc
732 211 833 243 Graece
842 211 987 250 signiﬁcet

1145 220 1176 246 τα,
1194 210 1238 238 καὶ
1253 210 1283 239 οὒ
1296 210 1359 250 παρ’
1387 211 1498 251 ἰνορίαν,
1532 212 1581 240 Καὶ
1616 211 1640 239 τί
1675 211 1799 253 σημαίνει
1837 212 1912 237 τοῦτο

224 249 374 296 quomodo
387 249 647 297 scribendum-sit,
664 265 719 297 per
732 257 783 290 ἦτα
793 265 831 286 an
847 249 900 296 per
915 256 991 286 ἵῶτα,

1144 257 1261 295 ιηνικῶς³
1295 249 1340 283 καῖ
1371 249 1436 288 πῶς
1451 255 1492 284 δεῖ
1513 256 1667 296 γράςρεσθαι,
1697 249 1732 283 δι’
1761 255 1816 289 ἦτα
1845 253 1911 288 ἢδι¹

222 300 348 340 penuria
362 301 400 332 sit
415 301 569 341 unguenti,
598 310 634 332 an
650 300 738 332 liceat
752 299 903 330 inventum
917 308 969 340 per
984 310 989 329 ι

1143 310 1148 326 ι
1163 308 1170 338 ;
1189 299 1217 327 Εἰ
1232 300 1325 331 σπάνις
1347 299 1375 328 δέ
1387 299 1441 328 ἐστι
1458 301 1551 340 μύρου,
1570 300 1653 333 ἔξεστι
1674 311 1705 338 το
1723 299 1910 339 εὖρισ-κόμενον

224 344 394 377 mistionem
407 354 527 385 augere.

1084 341 1132 385 Mt
1140 343 1271 382 μίγματος
1293 343 1380 373 ἐλαίου
1395 344 1570 378 πληθύνεσθαι
1581 354 1589 385 ς

262 388 352 430 Resp.
379 383 563 421 Antimensia
591 389 809 421 sacriﬁcatoriae
834 388 1029 429 participanti;

1142 392 1188 418 \‘R.
1217 388 1256 417 Τὰ
1283 388 1443 430 ἀντιμίνσια,
1486 391 1535 423 τῆς
1578 383 1735 428 ἇγιαστιγῆς
1773 387 1909 424 δυνάμεως

222 433 380 471 facultatis,
410 443 499 474 quam
524 439 639 473 septem
668 434 783 465 dierum
805 437 985 473 consequent

1142 432 1264 472 ἱσχοντα,
1288 433 1320 467 ἢν
1349 435 1441 466 αὐτοῖς
1459 435 1476 468 ἡ
1503 436 1553 467 τῆς
1582 434 1761 473 καθιερώσεως
1789 433 1845 461 τῶν
1881 432 1909 460 ὲκ

222 478 454 509 consecrationis
469 479 506 509 de
526 487 600 509 novo
617 483 834 509 exstructorum
852 478 989 518 templort

1139 490 1142 502 ι
1176 476 1380 517 ἀνεγειρομένων
1407 481 1476 507 ναῶν
1513 478 1653 506 ἀκολουθία
1679 479 1697 512 ἡ
1725 478 1906 516 ὲπταήμ-ερος.

220 522 322 563 positae
334 523 365 553 in
380 532 415 554 eo
431 523 526 561 altari,
543 523 621 563 quod
644 523 706 555 illic
721 527 776 560 est,
794 532 846 564 per
862 521 987 553 sacrifici

1141 521 1163 559 ᾦ
1198 521 1285 550 ἐκεῖσε
1312 523 1488 562 θυσιαστηρίῳ
1520 523 1660 560 κειμένης,
1691 522 1823 562 ἱερουργία
1858 521 1906 559 ἑμ-

220 566 345 605 inducit,
375 567 426 598 ubi
455 568 561 599 horum
590 577 660 599 usus
673 572 730 605 est,
747 567 812 598 sine
828 567 1041 608 impedimento

219 610 457 643 distributionem
473 612 632 643 admittunt
645 621 651 644 :
665 622 720 643 nec
732 613 788 642 hac
798 612 842 643 vel
855 612 905 642 illa
919 611 1040 651 provin—

221 655 366 696 cia,cujus
378 656 548 696 jurisdictio
565 657 667 697 [forte]
680 656 829 696 obtigerit,
848 655 1040 687 circumscri-

218 699 339 732 buntur.
370 700 485 732 Etenim
516 705 597 732 extra
624 701 767 732 terminos
798 701 885 738 facta,
912 701 987 731 sicut
1012 703 1041 731 et

216 753 335 776 sacrum
363 749 559 786 unguentum.
590 746 706 786 aliaque
721 750 832 783 sancta,
849 755 935 776 suum
951 754 1038 776 usum

217 794 299 821 extra
312 791 578 830 reprehensionem
607 790 729 827 habent,
757 791 853 821 solum
868 793 1040 821 consecrata

1083 572 1167 603 ποιετ,
1190 565 1386 604 ἀνεμποδίστως
1407 569 1467 596 ἔνθα
1490 569 1508 602 ὴ
1523 569 1622 596 τούτων
1648 567 1745 607 χρῆσίς
1774 567 1833 596 ἐστι
1849 566 1908 594 δια-

1082 608 1178 648 ὂόσιμα
1191 611 1305 650 γίνονται
1324 619 1331 626 ’
1358 612 1402 640 καὶ
1430 613 1460 640 οὗ
1495 613 1698 652 περιγράφονται
1737 612 1766 639 tv
1787 610 1854 650 τῇδε

1082 655 1178 694 ὶνορίᾳ,
1195 655 1214 689 ἢ
1235 655 1263 683 ἐν
1284 655 1382 694 ἐκείνῃ,
1420 657 1488 684 κατά
1514 667 1573 685 τινα
1600 655 1774 685 δικαιοδοσίαν
1803 656 1907 684 ἀπο-ιε-

1081 699 1256 738 κληρωμένην
1277 702 1355 738 αὐτῇ.
1387 701 1435 729 Καὶ
1455 702 1580 741 ὑπερόρια
1607 702 1657 741 γὰρ
1685 701 1825 741 γινόμενα,
1842 700 1908 728 καθᾶ

1079 742 1111 778 δή
1126 745 1213 772 καὶτὸ
1237 746 1309 773 θεῖον
1334 746 1427 786 μύρον,
1462 747 1506 774 καὶ
1533 745 1601 774 ἀλλὰ
1629 746 1705 785 ἅγια,
1731 756 1783 778 την
1805 745 1907 774 ἑαυτῶν

1079 790 1177 828 χρῆσιν
1217 788 1404 826 ἀνεπιτίμητον
1446 789 1551 830 ἔχουσι,
1592 790 1673 828 μόνον
1702 790 1906 829 ἱερουργηθέντα

212 833 296 874 juxta
306 835 423 866 Patrum
435 834 473 865 de
494 834 541 865 his
553 835 676 875 positam
687 833 696 854 ί
708 834 909 865 traditionem.
926 834 979 875 Ap]

1137 834 1147 860 it
1174 833 1224 875 τὴν
1248 833 1372 870 κειμένην
1400 834 1458 873 περὶ
1492 839 1591 863 τοῦτων
1619 837 1671 862 τῶν
1699 834 1829 873 Πατὲρων
1852 845 1904 862 πα-

217 870 285 909 iatio
305 883 405 910 autem
424 880 489 920 ipsa
504 870 663 910 deducitur
673 888 690 909 a
705 889 818 916 mensa,
836 879 914 920 quod
929 870 984 910 séc}

1138 888 1195 918 mv,
1214 872 1245 905 ⁸[ἰ
1259 878 1422 920 προσηγορία
1435 870 1475 906 ἰδὲ
1501 877 1567 912 αὕτη
1602 879 1748 919 παράγεται
1774 870 1835 907 ,ἀπὸ
1862 879 1905 907 την]

215 922 285 953 dum
315 917 445 956 Graecos
462 923 608 963 signiﬁcat
636 923 752 954 lancem
768 930 792 961 ε,
820 917 853 954 et
873 923 982 954 secund

1137 917 1242 962 ὀυίτοῦ
1257 921 1314 950 καθ’
1331 917 1470 956 “Ellum:
1486 923 1534 960 μὲν
1559 923 1590 951 τὸ
1624 917 1720 953 κανοῦν
1747 923 1904 959 δηλοῦντος,

214 966 346 999 Italicam
374 968 504 1008 linguam
531 968 636 999 venale
679 967 884 1007 popinatorum
913 967 980 998 edul

1134 966 1144 993 ‘z
1179 964 1205 993 δὲ
1232 966 1281 999 τὴν
1302 965 1408 1000 Ἰταλήν
1421 966 1544 1006 γλῶσσαν
1564 969 1594 995 τὸ
1622 967 1901 1006 πεπραγματευμένον

213 1011 275 1043 Hac
291 1013 369 1043 enim
385 1014 500 1043 ratione
516 1016 544 1043 et
574 1013 603 1043 in
617 1012 729 1043 mensis
745 1012 896 1052 explicatae
911 1022 978 1052 map

1152 1010 1294 1047 ὀψοποιοῖς
1316 1009 1433 1041 ἐδεστόν.
1464 1012 1538 1040 Κατά
1565 1014 1643 1040 τοῦτο
1671 1012 1721 1051 γὰρ
1748 1013 1793 1041 καὶ
1823 1014 1857 1040 τὰ
1880 1013 1905 1041 ἐν

213 1057 358 1088 mensalia
368 1057 558 1094 dicuntur,ad
571 1060 706 1088 ornatum
719 1060 789 1096 puta
800 1065 1030 1087 menszemensa~

214 1110 340 1142 rumque
358 1102 588 1142 posita.Vulgari
601 1105 699 1132 autem
712 1110 850 1131 sermone
861 1100 1039 1131 antimensia

214 1145 399 1183 dicuntur,ut
413 1146 444 1177 in
465 1145 649 1177 vestimentis
665 1145 805 1185 antipana
815 1145 838 1183 δ,
858 1149 885 1175 et
895 1154 1037 1185 quacun-

213 1199 269 1229 que
280 1190 316 1221 ab
329 1191 436 1222 eﬂ'ectu
454 1191 542 1221 talem
562 1191 568 1211 ί
581 1190 612 1220 in
627 1190 672 1220 his
687 1189 916 1229 appellationem
933 1189 1036 1220 sortita

211 1239 292 1266 sunt.
306 1237 376 1267 Haec
391 1241 491 1267 autem
504 1235 535 1266 in
551 1235 661 1266 sanctis
676 1234 736 1264 illis
747 1238 896 1273 ponuntur
910 1234 1032 1271 mensis,

213 1289 287 1320 quas
300 1281 484 1311 consecratio
507 1289 566 1310 non
592 1278 796 1310 sanctiﬁcavit.
813 1278 886 1309 Nam
903 1288 937 1308 ex
953 1278 1032 1308 anti-

212 1325 346 1365 mensiis,
363 1326 428 1364 ipsa
443 1325 529 1356 nobis
544 1328 717 1356 consecrata
746 1332 861 1361 mensa,
879 1327 908 1354 et
923 1323 1033 1354 sacriﬁ-

212 1374 276 1400 cata
293 1370 413 1408 oblatio,
438 1369 704 1401 sanctiﬁcationem
720 1372 850 1398 sumunt.
867 1366 937 1403 Quae
952 1367 1031 1398 enim

212 1414 393 1445 sanctiﬁcata
408 1418 462 1450 est,
494 1423 529 1444 ex
553 1413 650 1453 seipsa
678 1412 844 1443 sanctiﬁcat
859 1411 947 1449 dona,
965 1421 1032 1442 cum

211 1467 266 1499 per
282 1468 314 1490 se
340 1468 398 1490 non
428 1459 490 1490 sint
518 1462 629 1489 sencta.
658 1457 749 1497 [dque
764 1456 920 1488 Dominica
933 1466 985 1487 vox
1001 1456 1032 1487 in

1078 1061 1138 1088 ταῖς
1165 1055 1306 1094 τραπέζαις
1346 1055 1532 1096 ἒφαπλούμενα
1569 1057 1671 1094 ὀθόνια,
1701 1057 1828 1095 μινσάλια
1856 1057 1906 1086 λέ-

1078 1110 1180 1138 γονται,
1197 1101 1243 1127 οἷα
1257 1101 1322 1140 πρὸς
1343 1101 1444 1138 κόσμον
1471 1103 1521 1134 τῆς
1543 1101 1674 1141 τραπέζης
1703 1102 1747 1130 καὶ
1770 1103 1824 1130 τῶν
1841 1103 1904 1140 μίν-

1077 1154 1130 1171 σων
1159 1143 1288 1181 τιθέμενα,
1319 1145 1394 1173 Κατὰ
1422 1145 1582 1178 κοινολεξίαν
1611 1145 1638 1174 δέ
1674 1147 1826 1184 ἀντιμίνσια
1854 1147 1902 1175 λὲ-

1076 1199 1179 1228 γονται,
1193 1188 1282 1225 ὥσπερ
1306 1189 1334 1217 ἓν
1366 1196 1425 1221 τοτς
1454 1191 1610 1228 ἰματισμοτς
1638 1191 1671 1219 τὰ
1700 1191 1841 1228 ἆντίπανα,
1859 1194 1905 1221 καὶ

1075 1231 1124 1260 ὅσα
1146 1231 1175 1260 ἐκ
1189 1235 1239 1266 τῆς
1260 1233 1328 1261 κατᾶ
1361 1233 1504 1262 ἀνάκλασιν
1539 1235 1669 1274 ὲνεργείας
1697 1236 1747 1269 τὴν
1773 1237 1905 1270 τοιαύτην

1073 1277 1100 1304 ὲν
1128 1277 1228 1309 τούτοις
1263 1278 1439 1318 προσηγορίαν
1465 1278 1616 1319 εἰλήχασιν.
1648 1275 1692 1308 ιΕν
1732 1281 1846 1313 εκείνιις
1878 1281 1905 1309 δὲ

1074 1328 1135 1353 ταῖς
1168 1322 1254 1360 ἁγίαις
1278 1323 1419 1362 τραπέζαις
1448 1326 1530 1352 ταῦτα
1557 1324 1682 1362 τίθενται,
1712 1324 1742 1356 ἃς
1769 1326 1904 1365 καθιέρω-

1074 1376 1114 1398 σις
1129 1366 1179 1406 οὔχ
1201 1365 1319 1404 ἤγίοσεν,
1343 1366 1391 1396 Ἐκ
1425 1368 1478 1396 τῶν
1505 1368 1673 1406 ἇντιμινσίω-ι
1702 1370 1752 1408 γὰρ
1781 1371 1849 1405 αὕτη
1872 1382 1902 1398 τε

1073 1411 1141 1448 ἡμῖν
1156 1412 1343 1450 καθιερωθετσα
1365 1412 1479 1451 τράπεζα
1503 1413 1547 1440 καὶ
1574 1414 1776 1454 ὶερουργουμένη
1811 1425 1901 1454 προσ-

1074 1454 1140 1494 φορὰ
1163 1454 1325 1492 λαμϐάνουσι
1360 1457 1406 1484 τὸν
1433 1457 1575 1496 ἁγιασμόν,
1607 1453 1639 1486 Ἠ
1674 1459 1723 1497 γὰρ
1748 1468 1788 1486 τοι
1817 1459 1900 1498 ἁγια-

210 1498 376 1543 Evangeliis
402 1507 536 1541 testatur,
567 1503 679 1543 majora
699 1501 786 1532 donis
800 1505 828 1532 et
843 1509 914 1531 auro
931 1500 977 1531 dic

1134 1510 1178 1537 σα,
1194 1498 1239 1539 ἀφ’
1253 1500 1349 1533 ἑαυτῆς
1364 1501 1465 1540 ἁγιάζει
1490 1502 1520 1529 τὸ
1542 1500 1622 1540 δῶρα.
1651 1502 1687 1530 Οὐ
1722 1503 1772 1542 γὰρ
1792 1503 1899 1532 οἴκοθέν

207 1549 300 1579 altare
331 1553 360 1579 et
387 1548 543 1588 templum,
573 1552 604 1577 ut
634 1556 692 1577 uno
722 1545 842 1586 quidem
873 1545 961 1583 dona,
993 1545 1034 1576 al-

208 1596 272 1624 tero
301 1597 402 1624 autem
426 1602 531 1624 aurum
565 1591 778 1623 sanctiﬁcante.
796 1589 828 1621 Si
859 1589 948 1629 igitur
972 1599 1032 1621 non

205 1637 374 1669 dedicatum
403 1641 449 1668 est
479 1637 632 1677 templum,
650 1635 728 1676 quod
745 1635 772 1665 ei
787 1634 881 1671 deest,
898 1635 1029 1665 sanctiﬁ-

207 1682 318 1713 catoria
343 1681 515 1713 untimensii
543 1681 586 1711 vis
615 1680 730 1720 implet.
762 1679 891 1720 Ideoque
916 1678 946 1709 in
972 1689 1031 1709 non

206 1731 379 1758 consecrato
406 1725 517 1767 templo
547 1725 723 1756 sacriﬁcium
753 1724 818 1754 sine
851 1723 1031 1754 autimensio

204 1772 302 1803 facere
319 1780 471 1812 nunquam
487 1771 568 1801 licet.
582 1769 715 1806 Quonam
735 1768 813 1798 enim
833 1767 927 1812 modo,
941 1767 1031 1799 altare

206 1811 402 1847 sanctiﬁcabit
417 1815 541 1852 donum,
554 1815 579 1845 si
601 1813 765 1845 sanctitatis
781 1822 840 1842 non
855 1811 943 1842 fuerit
958 1821 1029 1852 par-

203 1860 297 1901 ticeps
309 1860 324 1890 ?
354 1860 390 1891 Et
414 1859 562 1892 sacerdoti
578 1859 629 1898 qui
647 1859 702 1889 hoc
717 1866 806 1888 ausus
826 1856 924 1892 fuerit,
945 1866 1030 1896 poena

203 1905 261 1935 erit
275 1905 433 1945 depositio.
463 1905 519 1935 Per
550 1904 608 1934 iota
623 1907 721 1934 autem
738 1901 889 1938 scribitur,
909 1905 1030 1941 propter

201 1948 408 1989 gentilitatem,
438 1957 505 1978 nam
531 1948 616 1987 juxta
648 1945 868 1986 grammaticam
882 1945 1025 1984 regulam,

200 1993 348 2032 gentilitia
377 2002 474 2033 neque
502 1992 711 2033 productiones
734 1992 755 2030 1',
785 1998 883 2029 neque
911 1990 1028 2029 regulas

203 2037 325 2070 habent.
341 2037 445 2069 Solent
459 2041 557 2068 autem
571 2035 756 2076 grammatici
771 2043 824 2074 per
839 2034 898 2064 iota
911 2037 939 2064 et
954 2034 1024 2064 omi-

201 2091 273 2113 cron
300 2087 330 2114 et
355 2082 469 2123 epsilon
485 2081 648 2122 gentilitias
665 2089 750 2110 voces
773 2078 920 2123 scribere.
938 2077 1024 2109 Nullo

198 2131 296 2158 autem
325 2122 414 2158 modo
442 2130 597 2166 receptum
627 2130 670 2156 est
699 2128 730 2154 ut
745 2123 831 2154 aliter
846 2122 1024 2154 antimensia

1075 1544 1138 1572 εἰσιν
1160 1543 1235 1583 ἅγια.
1252 1544 1302 1573 Καὶ
1314 1550 1392 1574 τοῦτο
1419 1545 1446 1574 ἰν
1472 1552 1531 1577 τοῖς
1561 1545 1763 1585 Εὗαγγελίοιςὴ
1789 1552 1897 1577 Δεσπο-

1074 1589 1135 1622 τικὴ
1162 1590 1236 1629 φωνὴ
1265 1597 1402 1630 μαρτυρεῖ,
1432 1590 1538 1628 μεζονα
1571 1593 1625 1619 τῶν
1659 1590 1748 1631 δώρων
1782 1592 1902 1632 λέγουσα

1073 1635 1173 1663 καὶτοῦ
1189 1637 1298 1674 χρυσοῦ,
1325 1635 1355 1662 τὰ
1381 1636 1576 1676 θυσιαστήριον⁷
1611 1636 1655 1664 καὶ
1681 1638 1728 1664 τὸν
1754 1638 1818 1666 ναόν
1837 1648 1844 1654 ·
1861 1640 1901 1671 ὡς

1072 1683 1119 1708 τοῦ
1145 1679 1192 1716 μὲν
1220 1680 1253 1707 τὰ
1280 1678 1361 1720 δῶρα,
1390 1684 1436 1708 τοῦ
1463 1679 1491 1708 δὲ
1519 1681 1563 1708 τὸν
1599 1682 1698 1720 χρυσὸν
1726 1682 1898 1721 ἂγιάζοντος.

1071 1723 1101 1751 Ei.
1116 1727 1178 1762 γοῦν
1193 1722 1368 1763 ἀκαθιέρωτός
1391 1724 1460 1753 ἐστιν
1488 1725 1502 1752 ὁ
1517 1726 1590 1760 ναὸς,
1608 1725 1638 1753 τὸ
1665 1725 1792 1755 ἐλλεῖπον
1831 1729 1897 1756 τού-

1070 1778 1115 1810 του
1128 1766 1279 1806 ἀναπληροῖ
1305 1769 1322 1802 ἡ
1352 1769 1494 1808 ἁγιαστικὴ
1522 1769 1568 1797 τοῦ
1595 1769 1757 1807 ἀντιμινσίου
1771 1770 1896 1810 δύναμις.

1072 1806 1154 1840 ”Οθεν
1171 1811 1227 1840 οὖδέ
1241 1812 1339 1845 ἔξεστιν
1373 1806 1401 1841 ἓν
1429 1813 1597 1852 ἆκαθιερώπτῳ
1707 1816 1790 1855 χωρὶς
1823 1806 1898 1845 αντι-

1071 1857 1173 1893 μινσίου
1199 1857 1342 1897 ἱερουργίαν
1367 1857 1486 1897 γενέσθαι
1514 1858 1590 1888 ποτέ.
1627 1861 1688 1891 Πῶς
1714 1860 1765 1900 γὰρ
1800 1861 1832 1888 τὸ
1847 1863 1896 1889 θυ-

1070 1901 1222 1940 σιαστήριον
1239 1902 1342 1940 ἁγιάσει
1370 1903 1400 1930 τὸ
1428 1901 1520 1942 δῶρον,
1552 1902 1590 1940 μὴ
1612 1905 1748 1943 μετασχὸν
1777 1905 1895 1944 ἁγιότη-

1068 1956 1112 1977 τος
1129 1955 1137 1985 ;
1156 1947 1204 1974 Καὶ
1218 1949 1256 1983 τῷ
1269 1945 1433 1984 τολμήσαντι
1463 1951 1540 1976 τοῦτο
1567 1948 1634 1986 ἱερεῖ
1661 1948 1806 1987 πρόστιμόν
1822 1950 1896 1978 ἔστιν

1067 1990 1084 2023 ἡ
1115 1990 1274 2029 καθαίρεσις.
1305 1989 1345 2018 Δι’
1373 1992 1438 2020 ἰῶτα
1465 1991 1492 2019 δὲ
1514 1991 1640 2031 γράφεται
1663 1991 1705 2020 διὰ
1718 1992 1750 2020 τὰ
1777 1993 1893 2024 ἐθνικόν.

1067 2034 1105 2062 Τὰ
1119 2035 1168 2073 γὰρ
1189 2034 1292 2074 tome,
1329 2036 1397 2064 κατὰ
1423 2037 1468 2064 τὸν
1495 2036 1679 2075 γραμματικὸν
1708 2038 1806 2066 κανόνα
1833 2039 1893 2067 οὔτε

1066 2080 1240 2120 παραγωγὰς,
1266 2079 1324 2108 οὔτε
1354 2081 1465 2113 κανόνας
1491 2080 1597 2121 ἔχουσιν
1613 2090 1621 2099 '
1651 2081 1763 2110 εἴθισται
1787 2082 1815 2110 δὲ
1829 2091 1891 2116 τοῖς

1064 2130 1261 2162 γραμματικοῖς
1276 2123 1309 2152 δι’
1333 2126 1398 2153 ἶῶτα
1413 2126 1457 2154 καὶ
1471 2137 1486 2154 ο
1520 2126 1616 2165 μικροῦ
1641 2127 1685 2154 καὶ
1700 2137 1712 2154 ε
1747 2126 1827 2165 ψιλοῦ
1841 2129 1890 2161 τὰς

196 2170 269 2203 ﬁant
292 2172 318 2209 ιι,
345 2180 433 2211 quam
461 2170 492 2201 in
521 2170 589 2200 novi
615 2168 720 2209 templi
742 2167 963 2199 dedicatione]

1122 2168 1161 2200 ιὰς
1188 2169 1276 2208 φωνὰς
1298 2169 1453 2209 γράφεσθαι,
1476 2170 1529 2198 Οὔκ
1556 2169 1614 2210 ἔχει
1655 2169 1682 2198 δὲ
1709 2172 1801 2211 χώραν
1818 2171 1889 2206 ὅλως

196 2215 499 2256 animadvertunt,qui
513 2215 570 2246 alio
587 2214 675 2245 modo
688 2222 791 2244 eorum
805 2211 1021 2243 confectionem

195 2261 348 2299 innovant,
367 2270 398 2293 se
413 2260 590 2292 traditiones
605 2257 822 2291 ecclesiasticas
842 2257 1018 2294 transgredi,

195 2308 224 2335 et
239 2306 317 2336 dona
333 2315 393 2337 non
408 2303 697 2345 dona,necjuvantia
708 2305 751 2340 (ut
764 2301 815 2332 ille
830 2300 879 2336 ait)
897 2301 1017 2331 otl'erre.

192 2348 254 2380 Nec
283 2350 357 2381 illud
383 2349 647 2386 considerandum,
678 2357 716 2379 an
740 2347 776 2377 de
795 2355 870 2376 novo
884 2345 972 2375 simul
989 2349 1018 2376 et

192 2398 329 2425 recenter
341 2394 517 2425 aediﬁcatum
529 2393 567 2423 sit
581 2392 772 2432 templum,ut
786 2390 852 2430 ejus
869 2389 1015 2420 dedicatio

193 2438 254 2469 ﬁat.
271 2438 333 2469 Etsi
347 2438 426 2470 enim
443 2438 523 2479 quod
540 2437 617 2478 piam
635 2438 697 2476 jam
713 2435 828 2476 pridem
839 2433 1014 2465 mdiﬁcatum

191 2483 370 2524 reperiatur,
401 2483 480 2523 quod
496 2481 751 2513 consecrationem
779 2488 839 2510 non
854 2479 1013 2524 acceperit,

191 2522 268 2558 hanc
283 2522 447 2558 merebitur
461 2525 738 2566 sanctiﬁcationem,
746 2527 848 2564 utpote
858 2522 937 2563 quod
948 2532 1013 2554 eam

189 2572 254 2602 sine
281 2572 516 2612 reprehensione
555 2571 707 2611 suscipere
742 2568 843 2610 possit.
875 2566 959 2612 Quod
988 2567 1014 2598 si

184 2611 328 2656 unguenti
343 2616 382 2648 sit
404 2616 564 2657 paucitasIn
587 2615 617 2646 in
644 2614 737 2646 sacris
753 2611 948 2654 baptismatis,
962 2618 1013 2644 aut

1063 2211 1122 2240 καθ’
1137 2212 1223 2253 ἕτερον
1248 2214 1344 2253 τρόπον
1380 2213 1440 2242 ἄνευ
1468 2215 1648 2254 καθιερώσεως
1687 2215 1744 2244 νέου
1778 2220 1843 2246 ναοῦ
1856 2219 1890 2246 τὸ

1062 2257 1177 2295 γίνεσθαι
1204 2257 1354 2296 ἂντιμίνσια
1372 2266 1380 2275 ·
1411 2259 1455 2287 καὶ
1497 2258 1667 2288 λανθάνουσιν
1707 2260 1816 2293 ἑαυτοὺς
1863 2265 1888 2291 οἷ

1061 2300 1232 2340 ἆλλοτρόπως
1274 2308 1492 2341 καινοτομοῦντες
1530 2304 1580 2338 τὴν
1621 2304 1721 2332 τούτων
1762 2306 1885 2347 ποίησιν,

1060 2345 1212 2385 παραϐάτας
1245 2347 1381 2379 ποιοῦντες
1427 2350 1478 2376 τῶν
1513 2348 1742 2382 ἐκκλησιαπικιῦν
1769 2345 1887 2390 παραδόξ

1057 2400 1124 2418 σεων
1140 2414 1149 2428 ,
1172 2391 1216 2418 καὶ
1237 2390 1323 2432 ἄδωρα
1339 2391 1409 2432 δῶρα
1444 2393 1488 2421 καὶ
1515 2395 1563 2422 οὒκ
1590 2393 1716 2431 ὀνήσιμα,
1747 2395 1816 2423 κατᾶ
1838 2397 1884 2424 τὸν

1057 2435 1174 2473 εἰπόντα,
1190 2436 1377 2476 προσάγοντες,
1402 2437 1456 2466 Οὐκ
1489 2436 1597 2478 ἐφιστᾷν
1611 2437 1638 2465 δὲ
1664 2438 1719 2478 χρὴ
1735 2439 1757 2467 εί
1773 2439 1805 2468 ἐκ
1818 2451 1882 2470 και-

1057 2481 1104 2525 νῆς
1118 2478 1173 2517 ἅμα
1205 2481 1248 2508 καὶ
1276 2482 1434 2522 προσφάτως
1469 2481 1538 2510 ἐστὶν
1573 2482 1769 2522 ἄνγηγερμένυς
1805 2486 1879 2525 ναὸς,

1055 2524 1100 2552 ’ἶνα
1123 2525 1219 2571 τούτου.
1249 2526 1403 2566 καθιέρωσις
1432 2528 1542 2568 γένηται
1558 2535 1566 2543 ·
1589 2527 1649 2556 ἀλλ’
1678 2529 1700 2557 εἶ
1733 2530 1779 2558 καὶ
1807 2524 1880 2571 εὒρίέ

1055 2570 1197 2615 σκεταίλτιές
1211 2569 1241 2598 ἐκ
1272 2570 1372 2600 πολλοῦ
1400 2572 1448 2610 μὲν
1475 2572 1699 2612 ἆνεγηγερμένος,
1720 2569 1877 2615 καθιέρωσιν

1054 2612 1135 2652 δὲμὴ
1149 2613 1299 2653 δεξάμενος,
1321 2617 1370 2650 τῆς
1392 2617 1524 2656 ἁγιστείας
1559 2618 1656 2651 ταύτης
1685 2619 1730 2647 καὶ
1757 2620 1772 2648 ὁ
1787 2612 1877 2650 τοιοῦ-

842 2701 970 2734 VARLE
991 2701 1207 2737 LECTIONES.

167 2759 171 2763 ’
225 2774 353 2805 aerias.
397 2773 527 2804 flatum.
569 2771 778 2803 «canistrum.
821 2766 1021 2808 llanttpanm'.

1055 2769 1094 2801 ια
1110 2771 1141 2812 oi
1154 2771 1334 2812 reﬂezionts
1348 2771 1448 2805 talem.
1475 2771 1704 2807 ldeductionee.
1747 2771 1763 2794 ¹
1777 2774 1872 2810 locum

185 2813 283 2851 habet,
300 2818 336 2846 ut
350 2813 463 2854 absque
474 2812 546 2844 novi
559 2811 661 2852 templi
675 2809 898 2842 consecratione
913 2812 1095 2841 antz'mensia
1110 2809 1199 2852 ﬁant.
1242 2812 1363 2845 lutilia.
1405 2826 1424 2841 ιη
1439 2815 1552 2854 inopia.
