1942 3081
31 125 116 159 977

732 131 1015 164 GMGO-ROMAN
1020 133 1086 164 UM.

1693 127 1752 160 978

39 205 106 228 τος
121 196 307 237 ἀξιωθήσεται,
341 199 378 229 ὡς
406 197 523 231 δέξασθαι
552 201 649 233 ταύτην
671 199 818 237 ἀμέμπτως
839 197 875 226 δυ·

960 197 1105 238 mplorum
1132 198 1366 236 consecratione,
1393 197 1488 228 aliove
1502 195 1596 237 ipsius
1610 204 1686 235 usu;
1703 194 1743 232 ei,

33 240 181 278 νάμενος.
203 242 232 270 Εἰ
246 242 339 274 σπάνις
364 242 391 270 δέ
417 243 471 271 ἐστι
502 244 583 283 μύρου
610 244 638 272 ἔν
667 255 694 272 τε
724 250 783 276 τοῖς
807 243 875 271 θείου

959 241 1011 280 Ijus
1027 241 1187 282 pauxillum
1202 241 1353 273 inventum
1369 245 1423 280 est,
1441 240 1638 272 commiscere
1647 239 1746 269 oleum

37 284 237 322 βιπτίσμασι,
253 288 296 315 καὶ
317 286 345 314 ἐν
365 290 400 324 τῇ
434 291 486 316 τῶν
514 289 584 316 vatth
598 289 763 328 καθιερώσει,
787 288 830 315 καὶ
857 288 875 314 ὶ·

959 286 1098 317 ιηοεᾱίιιπ
1115 296 1123 316 :
1140 290 1171 317 ut
1184 286 1224 316 ita
1239 286 1416 327 suppletum,
1435 285 1471 317 iis
1482 285 1532 326 qui
1542 293 1616 326 opus
1625 283 1746 322 habent,

40 328 131 368 ἄλλῃ
148 331 240 359 τούτου
265 331 372 371 χρήσει,
396 335 435 369 τῷ
463 333 638 370 εὖρισκομένῳ
667 334 797 372 ὀλιγοστῷ
813 333 875 371 μύρει

962 329 1052 361 tilciat
1065 330 1102 362 ad
1113 330 1377 362 sanctiﬁcationcm
1392 330 1588 371 implendam.

39 376 315 414 συγκαταμίγνυσθαι
330 375 416 404 ἔλαιον
432 377 634 418 συγκεχώρηται
651 386 658 394 ’

41 418 151 455 μένοις
163 420 252 451 αὖτοῦ,

101 463 258 503 Ἐρώτησις.
290 466 318 493 El
352 465 434 498 ἔξεστι
464 473 523 498 τοῖς
546 467 688 506 Ἀρκένιοις
717 466 744 494 ὲν
767 469 810 498 αἷς
827 466 879 493 πό-

40 506 131 536 λεσιν
149 509 246 537 οἰκοῦσι
275 510 342 538 κατά
370 514 456 538 πᾶσαν
485 510 572 539 ἄδειαν
599 511 694 547 κτίζειν
725 511 878 549 ἐκκλησίας,

39 553 102 580 καὶ
117 552 174 581 εἴτε
197 554 252 593 χρὴ
267 555 424 592 κωκύεσθαι,
441 556 458 590 ἦ
481 556 525 591 ὲᾷν
549 557 640 589 αὖτοὺς
663 563 751 585 ποιεῖν
766 557 802 588 ὡς
815 556 879 594 βού-

39 595 162 634 λονται,

96 641 158 682 Ἀρ,
175 641 220 671 Ἐν
234 650 296 675 ταῖς
309 647 469 684 Χριστιανῶν
486 645 587 685 χώραις
602 647 645 674 καὶ
670 645 778 674 πόλεσιν
807 645 877 674 ttat-

41 685 131 715 δοται
148 688 196 724 μὲν
211 687 326 728 ἀρχῆθεν
342 689 424 717 οἶκεῒν
440 691 483 717 καὶ
519 689 733 729 ἀλλογλώσσους,
757 692 800 718 καὶ
816 691 877 718 ἑτε-

44 730 191 772 ροδόξους,
220 731 299 771 ἤγουν
344 733 500 774 Ἰουδαίους,
547 733 713 774 Ἂρμεμίους,
746 734 880 772 Ἰσμαηλί-

43 786 117 815 τας,
138 775 309 816 Ἀγαρηνοὺς,
339 779 381 806 καὶ
411 777 518 810 λοιποὺς
548 780 708 812 τοιούτους·
740 779 810 813 πλὴν
834 780 880 808 οὐκ

44 820 154 864 ἆγαμὶξ
173 821 239 858 μετὰ
274 825 326 849 τῶν
355 826 527 862 Χριστιανῶν,
563 823 631 852 ἀλλά
659 824 876 864 κεχωρισμένως.

689 371 726 409 ὡς
755 377 786 405 ἃν
815 375 883 404 οὕτω
903 373 1059 415 πληθυνθὲν,
1084 375 1182 415 ἀρκέσῃ
1201 375 1372 415 ἐκπληρῶσαι
1396 377 1441 403 τὸν
1469 375 1600 414 ἁγιασμὸν
1614 379 1672 405 τοῖς
1686 371 1748 400 δεο-

964 463 1057 495 Inter.
1082 463 1127 494 An
1161 463 1249 495 liceat
1276 463 1436 501 Armeniis,
1467 463 1498 494 in
1525 462 1632 504 quibus
1659 463 1749 501 agunt

923 507 1111 546 civitatibus,
1143 508 1239 539 libere
1274 508 1422 540 aediﬁcare
1457 507 1620 545 ecclesias,
1651 510 1682 537 et
1710 514 1747 536 an

922 552 1101 591 prohibendi
1128 552 1198 592 sint,
1229 562 1266 584 an
1295 557 1383 594 prout
1406 552 1554 584 voluerint
1577 551 1686 588 facere,
1703 550 1745 580 si-

921 595 1024 628 nendi.

961 640 1032 673 Res.
1048 641 1093 672 Ab
1122 641 1209 672 initio
1224 642 1372 682 l1quidem
1400 641 1550 674 indultum
1579 643 1635 678 est,
1661 643 1694 670 ut
1716 639 1747 669 in

922 685 1157 717 Christianorum
1174 686 1345 726 regionibus
1356 695 1370 709 ο
1386 691 1415 717 et
1439 685 1606 717 civitatibus
1621 683 1746 715 diversa

921 729 1029 768 linguae
1045 735 1074 762 et
1089 731 1243 770 religionis
1271 731 1408 762 homines
1432 730 1611 769 habitarent,
1641 732 1746 768 utputa

921 774 1027 813 Judaei,
1041 775 1185 812 Armenii,
1201 775 1370 814 Ismaelitae,
1387 775 1526 816 Agareni,
1545 777 1574 805 et
1597 772 1646 804 alii
1661 773 1744 812 ejus—

922 819 1003 850 modi
1030 829 1088 850 non
1106 820 1275 861 promiscue
1301 824 1410 858 tamen,
1437 819 1489 851 sed
1503 818 1642 850 seorsim.
1659 816 1744 861 Unde_

46 859 144 893 1Ὀθι-εν
172 866 216 894 καὶ
250 859 413 906 ἀφορίζονται
444 859 525 896 τόποι
549 867 647 907 ἑκάστῃ
668 859 875 908 τόιῐτζυφφυλῇ,

959 863 1011 894 iam
1024 859 1129 895 harum
1142 864 1271 896 tribuum
1284 871 1297 892 P
1313 865 1419 905 cuique
1434 865 1511 895 intra
1525 863 1682 908 civitatem,
1698 859 1746 891 vel

42 909 112 937 εἴτε
126 909 199 942 ἐντὸς
215 910 330 947 πόλεων,
360 911 416 939 ετίτε
444 911 530 944 ἐκτός,
562 907 648 941 ’Ὠστε
671 914 772 945 τούτοις
794 913 880 951 ἔμπε-

42 954 238 994 ριγράφεσθαι,
272 955 316 983 καὶ
339 955 377 993 μή
413 955 534 985 ἐπέκεινα
562 958 660 985 τούτων
688 958 733 990 τὰς
763 959 879 993 οἰκήσεις

42 1001 143 1027 αὶτῶν
155 998 321 1029 ἐκτείνεσθαι.
343 1000 539 1034 Ἐπεινενόηται
564 1001 590 1029 δὲ
618 1007 694 1031 τοῦτο
722 1009 781 1034 τοῖς
796 1003 878 1031 πάλαι

42 1042 222 1081 βασιλεῦσιν,
245 1045 282 1075 ὡς
298 1043 388 1082 οἶμαι,
417 1046 496 1082 τριῶν
518 1046 616 1076 ἕνεκεν.
647 1046 722 1079 Ἐνος
751 1047 808 1085 μὲν,
831 1047 878 1075 ἵνα

44 1091 96 1125 τῷ
136 1087 306 1125 ἐστενωμὲνῳ
341 1089 384 1116 καὶ
409 1089 582 1128 ἆφωρισμένῳ
603 1094 652 1124 τῆς
677 1092 775 1120 τούτων
804 1093 880 1127 οἰκή-

47 1143 140 1169 σεως²
158 1131 326 1170 λαμϐάνωσιν
352 1132 485 1170 αἴσθησιν,
517 1136 552 1168 ὡς
586 1135 731 1169 ἀπόὸλητοι
757 1136 798 1165 διὰ
832 1137 881 1171 τὴν

49 1175 120 1204 κατ’
138 1177 230 1208 αὐτοὺς
259 1177 365 1216 αῗρησιν
394 1178 534 1217 κρίνονται,
567 1175 671 1220 1[ἐτέρου
692 1180 730 1220 δὲ,
747 1181 792 1209 ’ἕνα
813 1183 880 1211 κατὰ

48 1221 166 1260 μικρὸν,
184 1220 225 1249 διὰ
240 1222 270 1249 τὸ
286 1223 390 1261 συχνοῖς
406 1222 511 1260 ὁμιλεῖν
536 1231 594 1256 τοῖς
618 1229 798 1265 Χριστιανοτς⁷
815 1227 879 1265 πρὸς

49 1265 198 1303 μετάθεσιν
214 1265 455 1295 ἀπαλλάττωνται·
492 1269 513 1296 εἶ
543 1269 586 1297 καὶ
607 1269 645 1307 μή
675 1270 782 1306 πάντες,
812 1270 880 1298 ἆλλά

49 1311 128 1341 τινὲς
143 1311 202 1347 μὲν,
233 1309 307 1341 ὅσους
336 1309 368 1344 δὴ
409 1312 426 1345 ἡ
453 1313 569 1345 σωτηρία
591 1314 726 1353 ἠγάπησε,
757 1316 805 1344 Καὶ
833 1315 880 1344 τοῦ

48 1355 158 1393 τρίτου,
188 1354 234 1382 ’ἵνα
262 1355 321 1388 τοὺς
345 1357 460 1394 καρποὺς
475 1357 528 1385 τῶν
554 1357 767 1395 ἐπιτηδευμάτων
794 1360 878 1388 αὗτῶν

45 1401 74 1427 οἱ
100 1400 169 1428 κατὰ
197 1399 253 1437 βίον
281 1400 424 1439 χρῄζοντες
454 1401 539 1429 αὖτῶν
564 1402 756 1442 ἂποφέρωνται.
788 1404 877 1433 Τοίνυν

44 1444 98 1472 καὶ
114 1445 138 1472 οἱ
163 1443 306 1483 Ἀρμένιοι,
337 1445 358 1472 εἰ
395 1445 421 1473 ἐν
458 1446 543 1483 τόπῳ,
575 1445 632 1475 ἔνθα
660 1449 874 1488 περιγράφονται,

43 1490 97 1517 καὶ
112 1489 190 1520 ναοὺς
212 1490 336 1526 κτίζουσι,
366 1490 413 1518 καὶ
439 1491 472 1518 τὰ
500 1492 547 1525 τῆς
581 1492 705 1532 αἱρέσεως
727 1494 812 1522 αὖτῶν
828 1494 873 1522 ἔκ-

44 1533 171 1573 τέ).ουσι,
203 1534 324 1572 μενοῦσιν
353 1534 542 1575 ἀνεπηρέαστοι
567 1544 573 1551 ·

46 1577 188 1609 Ἰουδαίοις
217 1578 339 1617 πρόσεστι
369 1580 412 1607 καὶ
460 1579 651 1621 Ἰσμκηλίταις,
696 1583 810 1611 οἰκοῦσιν
851 1583 878 1611 ἕν

48 1622 149 1650 πόλεσι
165 1626 374 1661 Χριστιανικαῖς.
399 1625 428 1652 El
449 1623 475 1652 δὲ
500 1626 559 1656 τοὺς
595 1625 669 1665 ὅρους
697 1626 877 1665 ὑπερϐαίνουσι

48 1679 103 1700 της
131 1667 314 1707 ἀφορισθείσης
349 1670 442 1700 αὐταῖς
457 1670 645 1710 συνοικήσεως,
677 1671 706 1699 οὗ
719 1671 799 1708 μόνον
827 1675 876 1702 αὒ-

49 1713 94 1740 τοὶ
118 1711 336 1749 κωλυθήσοηταε,
362 1712 429 1741 ἀλλά
459 1715 500 1742 καὶ
530 1715 562 1742 τὰ
588 1713 788 1753 οἰκοδομήματι
814 1718 876 1745 τού-

49 1767 120 1793 των,
148 1757 230 1784 ὁποῖα
252 1753 275 1784 δι
311 1756 340 1784 ἂν
369 1758 412 1785 καὶ
440 1759 500 1790 ὦσι,
530 1760 802 1799 καταστραφήσονται,
841 1762 875 1790 Τὸ

47 1801 102 1839 γὰρ
117 1800 215 1833 ἀνέτως
232 1800 305 1841 ἔχειι
334 1802 376 1829 καὶ
406 1801 635 1842 εὖπαρῤησιάστως
670 1804 697 1832 ἐν
734 1812 793 1837 τοῖς
822 1817 875 1834 τοι-

45 1845 139 1876 ούτοις
145 1870 150 1880 ,
167 1845 220 1873 πάλ
225 1857 248 1873 αι
266 1845 417 1877 ἀπώλεσαν,

91 1889 252 1929 Ἐρώτησις.
279 1890 309 1919 Τί
337 1891 458 1928 σημαίνει
495 1892 525 1919 τὸ
553 1891 591 1929 μὴ
618 1891 800 1932 ἐλευθεροϐοᾷν
828 1895 872 1921 τὸν

45 1933 142 1963 δοῦλον
166 1943 174 1950 ”
189 1934 270 1974 ὅσπερ
291 1942 350 1968 τοῖς
364 1934 497 1967 δουλικοῖς
512 1935 669 1976 ὠνητηρίοις
685 1939 708 1965 οἱ
732 1937 874 1966 ταϐελλίω-

46 1989 92 2010 νες
109 1978 248 2019 ἐγγράφειν
263 1980 376 2010 εἰώθασι.

92 2067 157 2097 Ἀπ,
180 2063 210 2096 Ἠ
240 2070 293 2096 τῶν
320 2067 568 2107 καταδουλουμένων
596 2069 738 2110 ἀνθρώπων
773 2069 874 2099 δουλεία

48 2115 177 2141 τοσοῦτον
201 2119 261 2144 τοῖς
290 2113 460 2151 κεκτημένοις
475 2114 631 2154 ἐμπέφυκεν,
663 2116 700 2147 ὡς
728 2116 767 2153 μὴ
795 2114 874 2143 δύνα-

49 2158 110 2185 σθαι
127 2157 186 2188 τοὺς
203 2156 310 2188 δούλους
340 2158 379 2195 μὴ
408 2158 487 2196 μόνον
517 2159 543 2187 ἐν
572 2160 662 2192 αὖτοτς
691 2160 752 2192 τοῖς
770 2160 874 2199 μέτροις

47 2204 100 2235 τῆς
125 2201 242 2233 δουλείας
276 2202 366 2242 φωνὴν
395 2202 480 2242 αἴρειν
521 2205 704 2242 προσήκουσαν
746 2205 873 2244 εὖγινὲσι,

46 2247 93 2274 καὶ
119 2245 285 2285 ἐλευθερίοις,
311 2247 378 2274 κατὰ
409 2250 461 2274 τῶν
487 2246 633 2283 δεσποτῶν,
670 2247 729 2276 ἀλλ’
751 2247 803 2277 οὐδ’
829 2249 871 2286 ἂν,

46 2291 71 2318 εἰ
93 2291 137 2318 καὶ
160 2290 303 2330 ἐλευθερίας
328 2291 473 2329 ἀξιωθεῖεν,
504 2293 552 2322 τὴν
580 2293 703 2326 τοιαύτην
731 2292 873 2321 ἀναλαϐεῖν

46 2335 140 2375 φωνὴν
155 2336 275 2366 πώποτε.
292 2330 374 2364 ⁴Ὀθεν
389 2337 432 2365 καὶ
461 2335 590 2374 ἐπιτίμιον
626 2339 674 2371 τῆς
695 2336 873 2378 ἱλευθεροφω-

48 2380 106 2411 νίας
121 2380 218 2413 ταύτης
233 2381 256 2408 οἱ
279 2379 445 2419 ἀπελεύθεροι
468 2380 517 2414 τὴν
546 2380 721 2409 ἁναόούλωσιν
749 2381 872 2421 ἐκληρώ-

50 2435 142 2455 σαντο.
159 2425 208 2453 Καὶ
223 2424 349 2464 μάρτυρες
370 2426 393 2452 οἱ
409 2425 484 2462 νόμοι
500 2426 523 2453 οἱ
552 2424 670 2465 παλαιοὶ,
704 2426 746 2454 καὶ
761 2427 825 2456 αὺτᾶ
841 2425 873 2460 δὴ

49 2468 84 2496 τὰ
111 2469 190 2508 νίαρᾶ
218 2472 264 2496 τοῦ
288 2479 440 2508 σοφωτατου
469 2469 496 2497 ἐν
531 2468 666 2507 βασιλεῦσι
696 2470 872 2508 θεσπίσματα,

50 2512 128 2541 ἅτινα
149 2513 208 2544 τοὺς
223 2512 251 2540 ἒν
272 2513 361 2552 ἀγνοίᾳ
384 2516 437 2541 τῶν
458 2513 628 2551 κεκτημένων
648 2513 753 2546 δούλους
783 2514 875 2555 κληρι-

49 2558 113 2590 κοὺς
128 2558 283 2597 γεγονότας,
299 2558 342 2586 καὶ
357 2558 387 2586 τὸ
408 2561 456 2592 τῆς
482 2559 622 2598 ἱερωσύνης
645 2560 741 2596 σεμνὸν
773 2559 873 2597 ἀξίωμα

48 2601 284 2642 περιϐαλομένους,
302 2602 320 2636 ἢ
347 2603 391 2630 τὸν
421 2602 560 2641 μοναδικὸν
595 2603 649 2641 βίον
678 2603 872 2643 ἀνῃρημένους,

923 911 1017 948 extra,
1032 908 1089 939 loci
1108 908 1363 940 determinantur:
1383 913 1415 940 ut
1429 909 1475 940 his
1491 905 1746 939 circumscriban-

922 956 980 990 tur,
1000 962 1054 984 nec
1070 953 1194 984 ulterius
1206 963 1311 985 eorum
1324 954 1522 985 habitationes
1534 951 1743 983 extendantur.

920 995 1010 1027 Illud~
1024 1002 1121 1029 autem
1137 1009 1154 1030 a
1170 998 1317 1029 veteribus
1340 998 1524 1039 principibus
1549 996 1744 1035 excogitatum

924 1045 977 1079 est,
996 1042 1103 1083 tribus,
1119 1047 1151 1074 ut
1168 1044 1286 1084 opinor,
1302 1044 1339 1074 de
1355 1043 1461 1074 causis.
1476 1042 1541 1074 Una
1553 1041 1688 1081 quidem,
1714 1043 1747 1070 ut

924 1094 958 1115 ex
974 1085 1164 1117 habitationis
1174 1087 1317 1127 angustiis
1329 1092 1358 1118 et
1372 1086 1578 1118 definitionem
1588 1091 1611 1133 fl,
1625 1092 1745 1133 sensum

923 1130 1049 1169 capiant,
1066 1140 1098 1162 se
1107 1136 1228 1172 propter
1243 1132 1378 1162 haeresim
1390 1132 1572 1170 rejiciendos
1582 1129 1712 1171 judicari
1724 1131 1744 1158 '.

922 1173 988 1204 Alia
1002 1183 1112 1212 autem,
1129 1180 1160 1206 ut
1181 1180 1302 1217 propter
1316 1177 1502 1217 frequentem
1517 1184 1584 1206 cum
1599 1173 1745 1206 Christia-

921 1218 967 1248 nis
979 1220 1223 1251 consuetudinem
1255 1221 1393 1261 paulatim
1407 1221 1443 1252 ad
1460 1222 1654 1251 mutationem
1668 1228 1744 1250 con-

920 1267 1072 1294 vertantur
1085 1275 1090 1293 :
1103 1265 1128 1295 si
1140 1275 1198 1295 non
1210 1275 1324 1304 omnes,
1339 1266 1430 1306 aliqui
1441 1266 1557 1302 saltem,
1574 1273 1648 1305 quos
1664 1263 1744 1294 salus

921 1306 1069 1340 dilexerit.
1103 1309 1201 1340 Tertia
1240 1310 1341 1347 etiam,
1370 1315 1401 1341 ut
1430 1310 1583 1341 industriae
1607 1309 1742 1349 ipsorum

920 1351 1031 1383 fructus
1058 1354 1198 1392 referant,
1230 1355 1281 1395 qui
1308 1355 1345 1386 iis
1372 1355 1409 1385 ad
1423 1355 1511 1386 vitam
1529 1363 1604 1394 opus
1618 1354 1742 1385 habent.

920 1397 1054 1427 Armenii
1080 1407 1160 1437 ergo,
1191 1399 1214 1429 si
1244 1408 1301 1439 quo
1331 1399 1396 1430 loco
1421 1398 1638 1438 circumscripti
1662 1401 1741 1438 sunt,

920 1441 1030 1481 templa
1051 1442 1207 1483 adiﬁcant,
1223 1448 1251 1474 et
1263 1443 1373 1475 faciunt
1385 1454 1450 1485 qua;
1460 1445 1497 1475 ad
1512 1443 1650 1474 haeresim
1660 1442 1742 1482 ipso-

917 1495 982 1516 rum
1000 1487 1160 1526 pertinent,
1179 1492 1260 1519 extra
1275 1489 1452 1520 calumniam
1469 1491 1479 1508 '
1501 1491 1634 1519 manent.
1660 1486 1742 1517 Idem

604 1530 634 1564 εδ
663 1539 725 1567 αὔτα)
753 1539 802 1578 γὰρ
830 1530 1153 1578 mlcenimetJudaeis
1168 1533 1248 1571 licet,
1266 1533 1474 1570 etIsmaelitis,
1497 1533 1548 1574 qui
1562 1530 1741 1578 Christiaai-

920 1584 968 1605 cas
980 1575 1113 1607 civitates
1128 1577 1272 1608 incolunt.
1289 1578 1373 1614 Quod
1388 1579 1413 1609 si
1437 1578 1568 1609 deﬁnitae
1581 1577 1639 1608 sibi
1654 1575 1742 1607 babi-

919 1619 1039 1650 tationis
1069 1621 1265 1659 egrediuntur
1293 1623 1446 1661 terminos,
1473 1632 1533 1653 non
1555 1621 1613 1662 ipsi
1629 1624 1742 1652 tantum

919 1664 1167 1706 prohibebuntur,
1185 1667 1236 1698 sed
1254 1671 1282 1699 et
1296 1667 1421 1698 aedificia
1432 1676 1546 1704 eorum,
1565 1667 1743 1707 qualiacun-

918 1718 976 1749 que
989 1709 1111 1750 fuerint,
1125 1711 1292 1744 diruentur.
1306 1712 1524 1752 Indulgentiam
1536 1711 1615 1742 enim
1626 1711 1739 1749 talium,

918 1757 946 1784 et
960 1753 1123 1793 licentiam,
1137 1756 1319 1797 jampridem
1335 1757 1510 1788 amiserunt.

956 1888 1107 1928 Interrog.
1124 1890 1199 1927 Quid
1215 1890 1360 1931 signiﬁcat
1385 1901 1503 1923 servum
1527 1901 1587 1922 non
1603 1891 1739 1932 ἐλευθερο-

914 1932 977 1969 ὄοᾷν
1007 1933 1051 1973 [id
1079 1939 1134 1973 est,
1167 1937 1197 1966 in
1226 1937 1405 1974 libertatem,
1436 1936 1636 1977 proclamare]
1661 1937 1739 1977 quod

915 1977 1122 2010 instrumentis
1140 1981 1322 2021 emptionem
1338 1989 1490 2012 servorum
1506 1980 1681 2012 tabelliones
1694 1980 1739 2011 in-

916 2031 1017 2053 serere
1032 2023 1140 2056 solent.

956 2066 1027 2098 Res.
1045 2067 1218 2108 Hominum,
1235 2071 1285 2111 qui
1301 2070 1331 2101 in
1347 2070 1497 2111 mancipio
1517 2074 1599 2111 sunt,
1615 2070 1741 2101 servitus

916 2111 990 2142 adeo
1008 2114 1231 2152 possessoribus
1251 2115 1386 2153 inhaeret,
1413 2120 1443 2147 ut
1460 2115 1536 2146 servi
1552 2124 1610 2146 non
1625 2119 1739 2146 tantum

917 2156 946 2185 in
963 2156 1035 2196 ipsis
1059 2158 1208 2189 servitutis
1234 2160 1391 2192 momentis
1418 2169 1520 2190 vocem
1536 2159 1695 2199 tingenuis
1711 2163 1741 2192 et

886 2206 907 2231 υ
917 2200 1020 2231 liberis
1035 2203 1261 2235 convenientem
1273 2204 1555 2235 adversusdominos
1567 2204 1671 2235 tollere
1681 2214 1740 2235 non

917 2245 1041 2285 possint,
1072 2247 1124 2278 sed
1154 2257 1210 2278 nec
1238 2248 1268 2279 in
1286 2249 1422 2281 libertate
1437 2248 1537 2280 donati
1561 2248 1631 2285 sint,
1650 2249 1739 2280 talem

915 2299 1046 2330 unquam
1075 2292 1221 2333 recipiant
1246 2303 1358 2324 vocem.
1374 2293 1505 2333 Ideoque
1534 2292 1636 2324 liberie
1660 2294 1741 2325 vocis

916 2335 1004 2374 hujus
1017 2344 1135 2375 poenam
1159 2337 1292 2368 libertini
1309 2337 1405 2369 sortiti
1419 2342 1497 2373 sunt,
1515 2339 1584 2369 dum
1599 2338 1629 2369 in
1642 2338 1739 2369 servi-

917 2383 1006 2409 tutem
1029 2387 1217 2414 revocantur.
1235 2383 1329 2423 Leges
1350 2384 1438 2414 etiam
1455 2383 1485 2414 id
1498 2387 1643 2414 testantur
1656 2386 1740 2415 vete-

915 2432 963 2454 res
975 2428 1003 2455 et
1012 2424 1192 2466 principium
1201 2427 1412 2467 sapientissimi
1419 2427 1541 2459 novella:
1548 2427 1739 2468 ipszeconsti-

915 2467 1124 2510 tutiones,qua)
1137 2480 1240 2502 servos
1250 2471 1380 2502 dominis
1396 2467 1603 2512 ignorantibus
1613 2472 1739 2504 clericos

915 2513 1019 2550 factos,
1036 2518 1064 2545 et
1080 2515 1280 2547 venerabilem
1295 2516 1455 2547 sacerdotii
1466 2515 1640 2557 dignitatem
1651 2518 1739 2549 indu-

916 2562 972 2596 tos,
1000 2562 1050 2589 aut
1065 2560 1262 2591 monasticam
1286 2560 1374 2591 vitam
1403 2561 1566 2602 amplexos,
1583 2562 1630 2593 vel
1647 2561 1738 2602 (quod

915 2604 1010 2644 majus
1040 2603 1096 2644 est)
1126 2604 1163 2635 ad
1193 2606 1392 2646 episcopalem
1421 2606 1545 2646 gradum
1571 2611 1736 2647 provectos,

711 2687 837 2719 VABl/E
861 2687 1077 2721 LECTIONES.

90 2782 104 2799 ιι
113 2771 180 2812 jam
193 2770 277 2802 olim.
334 2773 347 2789 °
361 2771 456 2810 agris.
513 2785 526 2806 p
540 2774 709 2804 nationum.

765 2781 777 2802 q
792 2774 952 2814 secretione
965 2777 1153 2814 cognoscant.

1214 2782 1223 2797 ι
1237 2784 1292 2816 pro
1307 2775 1443 2808 reticulis
1456 2772 1569 2808 haberi.
1627 2780 1638 2797 ³
1649 2780 1742 2808 extra

54 2812 200 2850 iniuriam
213 2812 309 2852 positi
320 2816 400 2844 sunt.
443 2819 452 2839 ι
465 2821 527 2844 non
549 2816 667 2844 tantum
682 2812 863 2845 durantibus
877 2812 1031 2846 servitutis
1046 2816 1152 2857 spatiis
1166 2812 1276 2848 vocein.
