1946 3080
131 103 193 137 985

793 98 1080 134 GMCO—ROMAN
1085 99 1138 131 ΗΜ
1145 122 1151 129 .

1757 95 1817 129 986

131 168 294 209 ὑπερϐαίνειν
328 167 469 207 δυνάμεθα.
513 162 542 197 Ὀ
577 166 605 196 δέ
644 178 675 206 γε
712 166 829 206 δεύτερος
863 163 944 194 ἐπειδί

1020 163 1139 196 )lemnis
1153 172 1306 197 sacrorum
1322 163 1495 209 celebratio,
1505 166 1539 196 ut
1551 162 1761 209 recitatiomon
1769 171 1815 209 ειν

131 217 168 252 τῇ
189 213 332 243 συναινέσει
353 216 403 247 ’τῆς
424 214 567 250 μνηστείας
591 212 608 246 ἡ
632 212 745 246 συνήθης
767 209 952 250 ἱεροτελεστία.

130 259 170 290 ὡς
196 259 214 293 ἠ
242 258 388 298 ἀφήγησις,
418 259 465 286 οὐκ
485 255 697 291 ἐπηκολούθησεν
722 265 730 273 ·
760 254 879 293 οὗδαμρῶς
915 255 952 285 ὡς

130 301 242 342 δίγαμος
270 302 467 342 λογισθήσεται.
508 301 597 339 Γάμον
637 301 688 340 γὰρ
722 300 752 328 οὔ
789 298 953 338 λογοπραγία

130 347 293 385 συνίστησιν,
322 345 382 376 ἀλλ’
412 345 470 375 οὒδὲ
504 345 602 386 φανερὰ
629 345 647 378 ἢ
682 344 790 383 λαθραία
828 343 953 383 συνάφειαι

131 391 251 431 (πορνεία
285 391 335 431 γάρ
355 391 428 420 ἐστιν
450 391 542 430 αὕτηὶ,
571 390 658 430 εὐχῶν
686 388 713 417 δὲ
735 391 810 428 ἱερῶν
841 387 949 425 ἐπῳδαὶ,

128 437 175 464 καὶ
195 437 228 465 τὰ
248 436 346 469 ταύτης
376 435 517 466 ἀκόλουθα.
547 438 606 468 Πῶς
635 433 661 462 δὲ
696 435 740 462 καὶ
768 433 951 472 λογισθήσεται

128 480 252 520 δίγαμος,
274 481 293 515 ἢ
315 481 537 519 ὀνομασθήσεται,
560 481 574 507 ὁ
602 479 640 517 μή
671 478 758 518 γάμου
786 476 951 516 πεπειραμέ-

127 536 187 565 νος,
223 525 351 557 τοιούτοις
379 525 529 564 προνομίοις
559 523 795 562 ἐγκοσμουμένου;
834 520 952 550 Καθόλου

126 568 156 597 δὲ
170 569 203 597 τὰ
217 573 270 598 τῶν
285 569 456 598 συναινέσεων
473 569 561 607 μόνων
578 567 625 607 (ὡς
647 567 675 595 ἒν
696 566 830 606 κεφαλαίῳ
857 567 951 600 εἰπεῖν)

126 613 214 642 ἐπίτε
235 614 357 642 συστάσει
390 613 544 652 μνηστείας,
575 612 619 640 καὶ
643 611 686 640 ἐπὶ
713 612 799 650 γάμου
826 609 898 638 λύσει
920 611 950 638 τὸ

126 656 260 698 ἄπρακτον
275 658 304 687 ἐκ
324 661 378 686 τῶν
399 657 591 696 διαληφθεισῶν
612 660 711 695 νεαρῶν
726 655 866 688 διατάξεων
880 655 948 683 ἀπέ-

126 702 265 742 νέγκαντο,
281 704 303 731 εἰ
328 703 372 731 καὶ
396 702 438 731 ἐπὶ
464 703 517 730 τῶν
539 701 717 741 πρεσϐυτέρων
745 702 905 738 νομοθεσιῶν
919 701 949 728 τὸ

125 748 222 786 κράτος
238 747 394 781 ἐκέκτηντο.

217 795 318 820 ΗΜοΥ
340 796 404 821 ΤΟΥ
426 793 684 820 ΜΗΤΡΟΠΟΛΙΤΟΥ
707 793 840 819 ΚΡΗΤΗΣ

128 845 142 863 α
160 835 326 876 Ἀποκρίσεις
340 837 405 875 πρός
423 847 481 864 τινα
496 836 617 874 μοναχὸν
634 834 768 862 Διονύσιον
784 834 841 873 περὶ
853 833 945 871 διαφό-

352 887 404 916 ρων
427 877 505 905 αἱ)τοῦ
519 875 685 915 ἐρωτήσεων.
705 885 717 903 ι

166 926 203 954 Τὸ
237 929 285 962 μὲν
307 925 412 957 ἀσθενὲς
440 927 490 958 τῆς
518 924 586 962 ἐμῆς
615 922 727 954 διανοίας
753 922 797 951 καὶ
839 921 946 961 ἄπορον,

122 970 285 1007 πνευματικὲ
299 968 405 1010 ἀδελφὲ,
423 969 519 1009 ἐπεῖχέ
541 979 591 1007 μου
620 969 668 1001 τὴν
690 966 812 1007 γλῶτταν
836 967 900 1006 πρὸς
915 967 949 994 τὰ

122 1014 196 1053 παρὰ
228 1017 274 1042 σοῦ
302 1013 496 1053 ὃιαπορητικῶς
524 1013 712 1052 προτεινόμενα
731 1021 738 1028 ·
764 1011 807 1039 καὶ
842 1013 947 1049 ναρκῶ-

122 1069 174 1086 σαν
188 1058 252 1098 εἶχε
275 1059 341 1097 πρὸς
363 1058 440 1087 τοῦτο
468 1058 517 1092 τήν
548 1064 641 1097 χεῖρα,
664 1057 708 1085 καὶ
743 1057 807 1095 πρὸς
844 1056 946 1096 γραφὴν

123 1102 255 1140 μηδαμῶς
281 1103 450 1140 κινουμένην,
482 1098 511 1131 Ὀ
539 1101 566 1130 δὲ
587 1108 725 1133 ταπεινοῖς
749 1102 793 1129 καὶ
820 1101 946 1134 ὑπηκόοις

123 1150 295 1187 φωταγωγῶν
309 1146 392 1178 διδοὺς
409 1147 500 1187 χάριν,
529 1147 572 1175 καὶ
599 1148 627 1174 ἓν
653 1145 748 1178 ἀνοίξει
768 1148 814 1173 τοῦ
843 1145 946 1182 στόμα-

122 1203 169 1224 τος
190 1196 236 1221 τοῦ
250 1192 312 1232 παρ’
349 1194 427 1222 αὐτοῦ
446 1192 554 1229 πληρῶν
576 1191 738 1230 πνεύματος,
774 1189 898 1229 ἐῤῥώννυέ
918 1189 946 1217 τέ

123 1248 176 1274 μου
198 1238 229 1265 τὸ
250 1237 367 1277 ἀσθενὲς,
396 1238 440 1265 καὶ
460 1237 493 1267 τα
514 1235 597 1274 δεσμὰ
625 1237 673 1270 τῆς
701 1234 822 1274 γλώττης
837 1233 943 1264 ὑπέλυε”

122 1282 170 1310 καὶ
183 1282 248 1321 πρὸς
264 1282 367 1321 γραφὴν
392 1282 510 1321 ὀργῶσαν
533 1281 582 1314 την
610 1281 670 1319 πρὶν
698 1282 835 1319 ναρκῶσαν
864 1286 946 1319 χεῖρα

122 1325 263 1356 ἐδείκνυεν.
299 1321 381 1355 u005v
413 1325 455 1355 διὰ
483 1326 529 1354 ao;
557 1329 595 1362 τῷ
622 1326 651 1353 iv
672 1326 712 1353 σοὶ
738 1323 859 1354 λαλοῦντι
888 1328 945 1362 Θεῷ

123 1371 294 1409 πειθόμενος,
315 1369 453 1405 Eri-rudivi}:
468 1377 528 1402 τοῖς
543 1376 602 1401 σοῖς
627 1369 787 1407 ἐπιτάγμασι
811 1368 916 1407 γίνομαι
935 1377 941 1384 ·

121 1415 167 1444 καὶ
187 1415 250 1448 ταῖς
272 1422 333 1447 σαῖς
355 1416 451 1455 εὖχαϊς
472 1414 613 1454 θαρρήσας,
651 1414 748 1452 ἀνοέγω
783 1414 814 1441 τὸ
845 1413 942 1450 στόμα,

121 1460 170 1488 τὸν
193 1459 326 1500 ἐφεστῶτα
342 1460 427 1496 τούτῷ
448 1458 528 1500 φόϐον
552 1458 751 1492 ἐκτιναξάμενος
769 1468 776 1476 ·
812 1459 855 1486 καὶ
891 1457 942 1486 λα-

121 1503 198 1539 λήσω
213 1498 284 1544 ’πρὸς
306 1505 338 1532 τὰ
370 1504 440 1544 παρὰ
455 1498 516 1532 τσοῠ
544 1504 748 1543 προτεινόμενα,
778 1504 808 1532 οὗ
838 1498 972 1542 ῥῆματκο

121 1551 172 1582 τῆς
206 1548 274 1587 ἐμῆς
307 1548 422 1581 διανοίας
459 1549 623 1588 γεννήματα,
654 1547 722 1576 ἀλλὰ
756 1551 802 1576 τοῦ
832 1546 942 1588 τυφλοὺς

121 1594 292 1633 φωτίζοντος,
306 1594 350 1622 καὶ
364 1594 424 1625 τοὺς
440 1593 578 1624 ἀσυνέτους
594 1592 781 1628 συνετίζοντος,

163 1637 236 1667 Ἐπεὶ
257 1637 284 1666 δὲ
304 1639 355 1678 πρὸ
382 1638 435 1666 τῶν
463 1637 650 1677 ἠπορημένων,
681 1637 814 1676 ἐρμενείαν
843 1637 942 1672 ἐζήτη-

123 1693 171 1714 σας
202 1688 249 1712 τοῦ
277 1683 348 1722 παρὰ
376 1686 414 1720 τῷ
449 1681 557 1721 μεγάλῴ
589 1681 714 1720 βασιλείῳ
749 1680 944 1719 ἑϐδομηκοστοῦ

122 1727 245 1765 κανόνος,
261 1728 289 1759 ὂς
310 1728 357 1755 τὸν
381 1727 409 1755 ἐν
433 1726 534 1767 χείλεσι
563 1726 705 1764 μιαιιθέντα
734 1724 864 1766 διάκονον,
901 1727 944 1754 καὶ

121 1772 203 1812 μέχρι
240 1773 332 1802 τούτου
367 1771 548 1811 ἡμαρτηκέναι
585 1770 801 1810 ὁμολογήσαντα,
839 1771 943 1811 διείργει

122 1817 170 1854 μὲν
195 1819 244 1851 τῆς
272 1818 342 1850 θείας
373 1816 547 1856 λειτουργίας,
578 1815 703 1855 μετέχειν
737 1815 763 1844 δὲ
790 1819 844 1844 τῶν
865 1817 942 1855 ἁγια-

120 1862 230 1899 σμάτων
267 1873 335 1899 μετα
377 1865 428 1890 τῶν
466 1860 593 1889 διακόνων
629 1860 732 1894 ἀνίησιν
749 1869 756 1876 ·
794 1860 942 1894 ἀκολούθως

120 1905 170 1945 ἄρα
184 1907 227 1934 καὶ
248 1907 330 1944 ἡμεῖς
351 1907 401 1940 τὴν
417 1910 462 1934 τοῦ
487 1905 597 1937 κανόνος
619 1905 745 1945 ἀσάφειαν
775 1904 940 1943 διαλύσομεν,

119 1951 164 1979 καὶ
178 1955 224 1979 τοῦ
243 1951 413 1991 ἧπορημένου
435 1951 484 1984 τὴν
505 1950 580 1979 λύσιν
601 1950 759 1987 ποιήσομεν,
792 1945 865 1979 ιὈσα
894 1951 942 1988 μὲν

119 1995 164 2024 οὖν
179 2006 260 2035 τινες,
279 1997 324 2024 τὸν
344 1995 442 2024 κανόνα
466 1998 558 2024 τοῦτον
587 1995 739 2034 ἑρμηνεύειν
769 1995 941 2033 πειρώμενοι,

118 2038 161 2068 διὰ
181 2043 227 2068 τοῦ
261 2039 289 2068 ἐν
316 2039 419 2080 χείλεσι
449 2043 566 2078 μιασμοῦ
598 2039 713 2078 κρυφίως
748 2037 942 2072 ὒποδηλοῦσθαι

118 2085 251 2125 εἰρήκασι,
275 2088 338 2124 σιγῇ
360 2090 402 2114 νῦν
424 2083 564 2124 παρελθεῖν
601 2084 666 2112 cit-51:5:
696 2082 797 2123 ἔκρινα,
826 2085 862 2116 ὡς
896 2084 943 2112 οὒκ

117 2127 281 2168 οἰκοδομεῖν,
315 2128 384 2158 ἀλλὰ
413 2131 561 2168 καθαιρεῖν,
589 2127 717 2165 δυνάμενα
745 2128 806 2159 τοὺς
831 2128 941 2156 ἀκούον-

116 2184 176 2205 τας.
197 2165 230 2202 ⁸0
251 2173 279 2201 δὲ
306 2173 365 2211 ἐμοί
394 2184 422 2201 τε
444 2173 530 2212 λέγειν
556 2171 671 2212 ἀσφαλὲς
699 2173 742 2200 καὶ
769 2173 799 2200 τὸ
820 2177 866 2202 τοῦ
887 2184 939 2201 κα-

117 2217 192 2249 νόνος
226 2218 325 2258 ἀσαφὲς
354 2219 419 2257 πρὸς
448 2218 525 2246 ἑαυτὸ
548 2215 715 2254 συμϐιϐάζειν
736 2215 843 2244 δύναται
865 2227 940 2246 τουτο

116 2262 161 2290 καὶ
177 2261 263 2301 λέγειν
282 2262 450 2302 πειράσομαι.
476 2261 635 2301 Συνεργήσει
661 2260 688 2288 δέ
703 2271 748 2298 μοι
776 2262 840 2300 πρὸς
862 2265 939 2291 τοῦτο

116 2306 161 2334 καὶ
181 2306 211 2334 τὸ
236 2305 263 2334 ἐν
284 2312 342 2337 τοῖς
361 2305 528 2345 Εὒαγγελίοις
550 2306 600 2333 ὑπὸ
622 2308 667 2334 τοῦ
696 2305 788 2344 Κυρίου
822 2304 937 2344 λεγόμε-

116 2361 172 2382 νον.
196 2354 278 2379 Ποῖον
298 2354 400 2390 τοῦτος
430 2347 460 2379 Ι0
475 2350 609 2388 ἐμϐλέψας
632 2349 718 2390 (φησὶ)
743 2351 844 2389 γυναικὶ
873 2352 937 2390 πρὸς

115 2395 146 2423 τὸ
174 2395 334 2434 ἐπιθυμῆσαι
371 2397 464 2433 αὐτῆς,
487 2394 540 2429 ἤδη
563 2395 719 2434 ἐμοίχευσεν
748 2395 828 2428 αὗτὴν
851 2395 878 2423 ἐν
904 2399 938 2435 τῇ

958 794 978 819 Β

993 212 1062 240 cuta
1072 212 1150 245 est“;
1165 218 1352 249 nequaquam
1367 208 1501 248 bigamus
1518 207 1812 248 habebitur.Nuptias

994 253 1074 284 enim
1090 263 1149 284 non
1164 254 1255 286 verba
1269 254 1462 292 constituunt,
1480 253 1531 284 sed
1553 262 1609 284 nec
1631 257 1750 293 apertus
1770 251 1814 283 vel

993 297 1198 330 clandestinus
1213 297 1388 330 concubitus
1404 297 1564 338 (scortalio,
1579 297 1658 328 enim
1666 297 1730 328 haec
1741 297 1811 337 est),

994 341 1046 373 sed
1053 351 1204 374 sacrarum
1212 352 1332 383 precum
1342 342 1473 374 carmina
1481 345 1570 383 ',quaz
1576 341 1622 373 his
1630 351 1813 382 consequen-

993 386 1042 418 tia.
1060 386 1192 424 Quonam
1207 392 1305 419 autem
1332 387 1419 418 modo
1443 390 1492 418 aut
1518 386 1711 418 mstimabitur
1725 386 1812 426 biga-

993 441 1069 469 mus,
1087 437 1137 463 aut
1151 431 1278 470 dicetur,
1304 432 1354 472 qui
1379 441 1439 462 non
1465 435 1510 463 est
1537 436 1676 471 expertus
1697 433 1813 472 nuptias

993 475 1047 506 hac
1074 477 1478 516 prmrogativanexornatas?
1502 477 1534 506 ln
1562 475 1734 507 universum
1758 485 1810 507 an-

993 523 1052 551 tem
1067 521 1137 552 solae
1151 520 1364 552 conventiones
1393 524 1435 559 (ut
1459 520 1490 551 in
1514 529 1630 551 summa
1656 520 1768 559 dicam)
1783 525 1813 552 et

992 565 1028 595 ad
1045 566 1284 597 constitutionem
1310 565 1505 604 sponsalium,
1521 569 1552 596 et
1574 565 1742 605 nuptiarum
1760 574 1811 597 so-

992 609 1148 650 lutionem,
1165 619 1199 641 ex
1217 619 1305 650 supra
1320 619 1331 634 ν
1345 609 1571 650 comprehensis
1586 609 1712 641 novellis
1736 619 1809 641 con-

990 654 1193 686 stitutionibus
1213 655 1290 686 vires
1304 655 1400 685 nullas
1413 654 1534 694 habent,
1551 654 1621 684 licet
1635 654 1810 695 antiquiori-

991 698 1045 730 bus
1062 699 1320 738 legumlationibus
1333 699 1424 730 robur
1438 698 1645 740 acquisiissent
1659 708 1682 730 ι.

1069 790 1164 822 ELl/E
1185 791 1492 824 METRUPOLITANI
1514 789 1648 822 CRETIE
1669 790 1746 832 (36).

1009 835 1147 876 Reponsa
1162 837 1203 868 ad
1218 836 1399 876 Dionysium
1414 835 1606 876 monachum,
1617 836 1655 867 de
1664 836 1792 867 diversis

1258 876 1548 916 interrogationibus

1029 922 1143 963 Ingenii
1171 923 1290 964 quidem
1320 923 1508 954 imbecillitas
1534 927 1564 955 et
1588 923 1699 964 inopia,
1717 927 1811 954 trater

989 967 1141 1008 spiritalis,
1158 968 1287 1008 linguam
1303 968 1434 999 cohibuit
1450 977 1546 999 meam
1563 968 1599 998 ad
1615 978 1660 1006 ea,
1672 978 1739 1008 quae
1752 974 1810 999 ate

989 1021 1055 1043 cum
1070 1013 1253 1044 dubitatione
1272 1012 1421 1054 proposita
1444 1016 1513 1044 sunt
1527 1017 1557 1043 et
1571 1021 1691 1044 manum
1715 1014 1751 1045 ad
1778 1013 1807 1044 id

990 1060 1154 1097 torpentem
1168 1057 1280 1098 habuit,
1297 1062 1326 1088 et
1350 1067 1535 1098 nequaquam
1555 1058 1592 1088 ad
1616 1057 1807 1088 scribendum

989 1101 1202 1139 mobilem.Qui
1216 1107 1314 1134 autem
1330 1102 1495 1134 humilibus
1511 1106 1539 1133 et
1553 1101 1709 1142 morigeris
1722 1102 1808 1133 lumi-

988 1155 1058 1177 num
1074 1146 1157 1178 dedit
1167 1147 1288 1186 gratiam
1303 1168 1316 1189 γ
1331 1152 1359 1178 et
1373 1147 1403 1177 in
1414 1146 1475 1177 oris
1489 1150 1628 1187 apertura
1641 1155 1694 1177 suo
1705 1146 1808 1187 implet

987 1189 1104 1230 spiritu,
1121 1190 1355 1222 imbecillitatem
1371 1199 1469 1222 meam
1485 1191 1683 1228 conﬁrmavit,
1702 1195 1732 1222 et
1747 1190 1806 1222 lin-

987 1243 1051 1272 gna
1075 1234 1189 1266 vincula
1215 1235 1360 1274 dissolvit,
1387 1244 1565 1276 manumque
1582 1239 1668 1266 antea
1684 1239 1822 1276 torpen-.

987 1284 1060 1316 tem,
1083 1280 1119 1310 ad
1150 1279 1342 1312 scribendum
1369 1280 1521 1311 incitatam
1544 1279 1689 1311 ostendit:
1706 1290 1712 1311 :
1729 1280 1808 1311 unde

988 1331 1040 1362 per
1056 1329 1085 1355 te
1100 1323 1159 1355 Deo
1176 1324 1206 1355 in
1222 1328 1250 1355 te
1266 1324 1399 1364 loquenti
1425 1325 1647 1365 obtemperans,
1663 1323 1699 1355 ad
1718 1328 1781 1356 tuas
1795 1332 1806 1346 ι

987 1376 1034 1398 me
1049 1373 1204 1408 prosterno
1215 1369 1413 1409 jussiones,et
1428 1370 1486 1401 tuis
1501 1368 1722 1409 precationibus
1732 1378 1805 1400 con-

986 1412 1092 1449 ﬁdens,
1109 1422 1142 1444 os
1157 1414 1269 1453 aperio,
1287 1418 1366 1445 metu
1377 1414 1427 1454 qui
1439 1423 1506 1445 eum
1518 1412 1675 1445 cohibebat
1685 1413 1805 1444 hexcus-

985 1466 1038 1487 so:
1057 1462 1085 1488 et
1099 1457 1134 1488 ad
1158 1467 1203 1496 ea,
1231 1467 1296 1498 quas
1311 1462 1372 1489 ate
1401 1458 1550 1499 proposita
1578 1461 1658 1496 sunt,
1688 1457 1803 1498 loquar,
1823 1476 1825 1478 τ

985 1511 1044 1533 non
1077 1502 1178 1540 verba,
1217 1503 1276 1534 mei
1312 1503 1402 1534 fetum
1436 1503 1615 1540 intellectus,
1645 1502 1698 1534 sed
1727 1503 1804 1543 ejus,

984 1547 1035 1588 qui
1058 1556 1152 1578 caecos
1182 1547 1345 1585 illuminat,
1376 1552 1405 1580 et
1428 1547 1526 1580 stultis
1555 1547 1604 1579 dat
1632 1547 1805 1588 intelligen-

983 1592 1065 1622 tiam.

1024 1636 1170 1673 Quoniam
1185 1642 1283 1669 autem
1295 1642 1363 1670 ante
1378 1638 1465 1675 ea,de
1480 1637 1803 1678 quibusdubitas,quaa-

986 1681 1060 1712 siisti
1072 1682 1346 1722 interpretationem
1356 1682 1694 1723 septuagesimicanonis
1707 1682 1804 1722 magni

985 1727 1098 1767 Basilii,
1116 1727 1166 1768 qui
1182 1728 1339 1759 diaconum
1354 1727 1444 1759 labris
1459 1728 1614 1769 pollutum,
1636 1731 1663 1758 et
1683 1730 1805 1758 eatenus

985 1779 1016 1801 se
1033 1780 1172 1812 peccasse
1196 1773 1377 1810 confessum,
1403 1777 1485 1804 arcet
1498 1781 1516 1803 a
1529 1781 1613 1803 sacro
1627 1771 1802 1808 ministerio,

985 1816 1250 1848 sanctiﬁcationum
1265 1828 1276 1843 ι
1291 1821 1387 1848 autem
1399 1818 1462 1848 ﬁeri
1478 1817 1650 1858 participem
1666 1826 1733 1848 cum
1743 1816 1805 1847 dia-

984 1861 1067 1891 conis
1079 1861 1150 1892 sinit
1162 1872 1170 1893 ;
1185 1866 1406 1903 consequentur
1417 1866 1497 1893 certe
1509 1866 1539 1893 et
1554 1871 1607 1893 nos
1621 1861 1743 1893 canonis
1754 1861 1804 1892 ob-

983 1905 1153 1937 scuritatem
1168 1907 1364 1938 dissolvemus
1379 1907 1608 1938 etdubitationis
1624 1907 1802 1937 solutionem

983 1949 1331 1992 faciemus.Qua3cunque
1344 1952 1433 1993 igitur
1440 1953 1559 1993 quidam
1571 1960 1714 1983 canonem
1724 1951 1804 1982 hunc

984 1994 1175 2035 interpretari
1191 2002 1344 2034 conantes,
1360 1997 1475 2028 occulte
1490 1996 1650 2036 signiﬁcari
1666 1995 1806 2026 dixerunt

985 2048 1040 2079 per
1054 2039 1198 2071 labiorum
1214 2041 1419 2082 pollutionem,
1431 2041 1549 2072 silentio
1561 2050 1640 2072 nunc
1651 2039 1804 2082 praeterire

985 2084 1115 2116 decrevi.
1128 2089 1228 2125 utpote
1243 2095 1309 2126 quae
1325 2095 1382 2117 non
1399 2090 1457 2117 tam
1469 2086 1628 2124 aediﬁcare,
1644 2095 1731 2126 quam
1747 2085 1801 2116 de-

953 2140 975 2165 ο
985 2132 1099 2160 struere
1112 2130 1224 2169 possint
1237 2130 1486 2167 autlitores.Quod
1501 2135 1598 2162 autem
1617 2130 1690 2160 mihi
1705 2129 1805 2161 dicere

985 2177 1090 2212 tutum,
1108 2179 1137 2204 et
1152 2175 1275 2206 canonis
1296 2175 1504 2207 obscuritatem
1521 2185 1555 2207 ex
1571 2185 1603 2206 se
1613 2175 1804 2215 conjectarell

982 2222 1088 2258 potest,
1101 2218 1130 2249 id
1141 2219 1242 2250 dicere
1252 2219 1393 2250 conabor.
1410 2219 1609 2252 Auxiliabitur
1620 2224 1718 2251 autem
1731 2219 1804 2250 mihi

981 2262 1016 2292 ad
1034 2263 1090 2294 hoc
1106 2267 1134 2294 et
1152 2263 1229 2304 quod
1258 2264 1288 2294 in
1315 2265 1482 2305 Evangeliis
1509 2264 1619 2295 dicitur
1632 2274 1648 2295 a
1664 2263 1800 2295 Domino.

982 2305 1142 2342 Qualenam
1169 2308 1244 2338 hoc?
1268 2308 1440 2349 Respiciens
1457 2309 1568 2350 (inquit)
1587 2309 1754 2346 mulierem,
1772 2315 1803 2341 ut

980 2352 1171 2392 concupiscat
1180 2353 1349 2393 ipsam.jam
1363 2354 1526 2385 mcechatus
1539 2359 1583 2385 est
1595 2363 1658 2385 eam
1670 2354 1699 2384 in
1712 2355 1804 2386 corde

980 2406 1047 2428 suo.
1066 2396 1097 2428 Si
1108 2397 1198 2436 igitur
1209 2398 1347 2438 eum,qui
1361 2399 1397 2429 ad
1412 2398 1680 2439 concupiscentiam
1689 2403 1801 2430 tantum

768 2473 898 2506 VARIIE
918 2475 1139 2510 LECTIONES.

154 2552 165 2569 ι
180 2541 258 2572 sicut
271 2545 315 2572 est
330 2541 363 2572 in
377 2542 453 2580 facti
466 2541 658 2581 narratione,
674 2549 735 2572 non
750 2545 794 2572 est
808 2544 921 2573 secuta.
963 2557 973 2577 ι
987 2543 1193 2575 recitationes.

154 2580 233 2612 'obur
245 2581 419 2613 habuerint.
461 2588 474 2609 1
486 2581 686 2613 luminurium
698 2581 759 2612 dat.
810 2593 821 2609 ι
835 2582 978 2614 reddidit.
1032 2589 1045 2606 ³
1059 2583 1120 2614 tuis
1134 2592 1193 2614 mai

810 2593 821 2609 ι
835 2590 978 2614 reaatait.

114 2595 126 2611 ι
140 2580 233 2612 robur
245 2581 419 2613 habuerint.
461 2588 474 2609 1
486 2580 686 2613 luminatrium
698 2581 759 2612 dat.

113 2624 294 2652 mentorum.
339 2635 351 2656 α
363 2630 462 2654 secum
476 2621 654 2654 conciliare.

1245 2563 1259 2579 υ
1273 2543 1318 2575 his
1330 2543 1512 2585 privilegiis.
1567 2554 1580 2570 ν
1591 2553 1629 2576 ea:
1644 2545 1800 2577 indicatis.

1032 2589 1045 2606 ι
1059 2583 1120 2615 tuis
1134 2583 1299 2616 mandatis.
1330 2583 1355 2606 ’δ
1370 2585 1423 2626 qui
1437 2583 1463 2616 et
1478 2585 1624 2617 obstabat.
1667 2590 1678 2607 ε
1691 2594 1801 2617 sacra-

890 2673 1014 2707 NOTAE.

152 2726 302 2770 (36)_Eliae
327 2727 478 2770 Cretensis
502 2729 634 2770 episcopi
656 2728 835 2770 subscriptio
866 2733 944 2770 extat

114 2768 144 2810 in
156 2768 239 2800 Actis
255 2776 275 2810 ιι
299 2769 404 2809 synodi
423 2768 564 2806 Nicaeae,
587 2768 697 2810 alioqui
721 2768 870 2810 Vlt.;El'gO
886 2769 942 2800 sub

112 2806 199 2840 lrena
213 2812 242 2840 et
256 2806 565 2852 Constantino‘Augg.
583 2806 698 2842 vixerit.
714 2826 753 2833 —
768 2806 938 2851 Ejus—com-

985 2731 1147 2773 mentarius
1162 2731 1192 2761 in
1211 2730 1439 2773 Nazianzenum,
1455 2741 1604 2773 nunquam
1620 2739 1706 2765 antea
1720 2732 1801 2766 στω.

983 2779 1017 2802 ce
1031 2771 1142 2810 editus,
1158 2775 1252 2804 exstat
1266 2771 1447 2812 Patrologiw
1464 2771 1536 2804 tom:
1552 2772 1679 2808 XXXVI.
