1946 3080
106 129 179 162 985

106 193 281 234 ὑπερϐαίνειν
315 193 456 232 δυνάμεθα.
500 188 529 223 “0
565 191 593 221 δέ
632 204 662 232 γε
699 191 816 232 δεύτερος
850 189 942 224 ἐπειδὴ

107 242 150 278 τῇ
174 238 320 269 συναινέσει
341 241 390 272 τῆς
412 239 554 276 μνηστείας
578 238 596 271 ἠ
619 237 732 272 συνήθης
754 235 939 276 ἱεροτελεστία.

107 284 152 315 ὡς
183 285 201 318 ἡ
230 283 375 324 ἀφήγησις,
405 284 453 312 οὒκ
473 281 685 316 ἐπηκολούθησεν
709 290 718 299 ⁶
747 279 867 318 οὐδαμῶς
903 280 939 311 ὡς

108 327 230 367 δίγαμος
257 327 455 367 λογισθήσεται.
495 327 584 365 Γάμον
625 326 674 365 γὰρ
709 326 739 354 οὗ
777 324 940 364 λογοπραγία

108 372 280 410 συνίστησιν,
310 371 369 401 ἀλλ’
400 370 458 400 οὐδὲ
491 371 590 411 φανερὰ
617 371 635 404 ἢ
669 370 777 409 λαθραία
815 369 940 408 συνάφεια

110 415 238 457 (πορνεία
272 416 322 457 γάρ
342 416 416 445 ἐστιν
437 416 529 456 αὕτηἺ,
558 416 646 455 εὐχῶν
673 414 701 442 δὲ
722 416 798 453 ἱερῶν
828 412 936 450 ὶπῳδαὶ,

107 462 160 490 καὶ
183 462 215 490 τὰ
235 462 333 494 ταύτης
363 461 504 492 ἀκόλουθα.
535 463 593 492 Πῶς
622 459 648 487 δὲ
683 460 727 487 καὶ
754 458 938 498 λογισθήσεται

108 505 239 546 δίγαμος,
262 506 280 540 ἢ
302 506 524 544 ὀνομασθήσεται,
547 506 561 533 ὁ
590 504 628 542 μὴ
659 504 745 543 γάμου
773 502 938 546 πεπειραμέ-

108 545 174 591 νος,
211 551 338 582 τοιούτοις
366 551 516 589 προνομίοις
546 548 782 587 ἒγκοσμουμένου;
821 545 939 576 Καθόλου

107 594 139 622 δὲ
154 595 190 622 τὰ
204 598 257 623 τῶν
272 594 444 623 συναινέσεων
461 594 548 632 μόνων
565 592 612 632 (ὡς
635 593 662 621 ἐν
683 591 817 632 κεφαλαίῳ
844 592 938 625 εἰπεῖν)

107 639 157 667 ἒπί
173 650 202 667 τε
223 639 345 667 συστάσει
378 639 532 678 μνηστείας,
563 638 607 666 καὶ
631 637 673 665 ὲπὶ
700 637 786 675 γάμου
813 635 885 664 λύσει
907 636 937 663 τὸ

108 681 248 723 ἄπρακτον
262 683 292 712 ἐκ
312 687 365 712 τῶν
386 682 578 721 διαληφθεισῶν
600 685 698 720 νεαρῶν
713 680 853 713 διατάξεων
867 680 935 708 ἀπέ-

108 728 253 768 νέγκαντο,
268 729 290 756 εἰ
315 729 359 757 καὶ
384 727 425 757 ἐπὶ
452 728 505 756 τῶν
526 726 704 767 πρεσϐυτέρων
733 727 892 763 νομοθεσιῶν
906 726 936 753 τὸ

107 773 210 812 κράτος
225 773 368 807 ἐκέκτηντο
374 794 381 803 .

204 821 306 846 ΗΜοΥ
328 821 391 847 ΤΟΥ
413 818 671 846 ΜΗΤΡΟΠΟΛΙΤΟΥ
695 818 828 844 ΚΡΗἹἩΣ

112 871 126 889 α
145 860 313 902 Ἀποκρίσεις
328 862 393 901 πρός
410 872 468 889 τινα
484 861 604 900 μοναχὸν
621 860 754 888 Διονύσιον
771 859 828 898 περὶ
840 857 932 897 διαφό-

340 913 392 941 ρων
414 902 492 930 αὖτοῦ
506 901 672 940 ἐρωτήσεων,
692 911 704 928 ι

153 951 190 979 Τὸ
225 955 273 988 μὲν
294 950 399 982 ἀσθενὲς
427 952 477 983 τῆς
506 949 573 987 ἐμῆς
602 947 714 980 διανοίας
740 948 785 976 καὶ
826 946 933 986 ἄπορον,

107 995 272 1033 πνιυματικὲ
287 994 392 1035 ἀδελφὲ,
410 994 507 1034 ἐπετχέ
529 1005 579 1032 μου
607 994 656 1027 τὴν
677 992 799 1032 γλῶτταν
823 993 887 1031 πρὸς
903 993 936 1020 τὰ

107 1039 183 1078 παρὰ
216 1042 262 1068 σοῦ
289 1038 483 1079 ὃιαπορητικῶς
512 1038 700 1078 προτεινόμενα
718 1046 724 1053 ·
752 1037 795 1064 καὶ
830 1039 934 1074 ναρκῶ-

108 1094 160 1111 σαν
176 1083 239 1123 εἶχε
262 1084 328 1122 πρὸς
350 1083 427 1112 τοῦτο
456 1083 504 1117 την
535 1089 629 1123 χεῖρα,
651 1083 696 1110 καὶ
730 1082 794 1121 πρὸς
831 1081 934 1121 γραφὴν

110 1127 243 1165 μηδαμῶς
269 1128 436 1165 κινουμένην.
470 1123 498 1156 Ὀ
526 1126 554 1156 δὲ
575 1133 712 1158 ταπεινοῖς
737 1127 781 1154 καὶ
807 1126 934 1159 ὑπηκόοις

109 1174 282 1212 φωταγωγῶν
297 1171 380 1204 διδοὺς
396 1173 487 1212 χάριν,
517 1173 560 1200 καὶ
587 1173 614 1200 ἒν
641 1170 735 1203 ἀνοίξει
756 1173 802 1198 τοῦ
830 1170 932 1208 στόμα-

108 1229 156 1250 τος
178 1221 224 1246 τοῦ
238 1217 300 1257 παρ’
337 1219 414 1247 αὐτοῦ
434 1217 542 1254 πληρῶν
563 1217 725 1255 πνεύματος,
761 1214 885 1254 ἔῤῥώννυέ
906 1214 934 1242 τέ

110 1273 163 1300 μου
186 1263 217 1290 τὸ
238 1262 354 1303 ἀσθενὲς,
384 1263 428 1290 καὶ
448 1263 480 1292 τὰ
501 1260 584 1299 δεσμὰ
612 1262 660 1294 τῆς
689 1259 810 1299 γλώττης
825 1258 930 1288 ὑπὲλυε·

109 1307 156 1335 καὶ
170 1307 235 1346 πρὸς
251 1307 354 1346 γραφὴν
379 1307 498 1347 ὀργῶσαν
521 1307 570 1339 τὴν
598 1306 657 1344 πρὶν
686 1307 823 1344 ναρκῶσαν
851 1311 933 1344 χεῖρα

109 1349 251 1382 ἐδείκνυεν.
287 1346 369 1380 υΟθεν
400 1351 442 1380 διὰ
470 1351 517 1379 σοῦ
544 1354 582 1388 τῷ
610 1351 639 1378 ἓν
660 1351 699 1378 σοὶ
725 1348 846 1378 λαλοῦντι
875 1353 933 1386 Θεῷ

110 1396 282 1434 πειθόμενος,
303 1395 440 1430 ἐπικλινῂ
455 1402 515 1428 τοῖς
531 1401 590 1426 σοῖς
614 1394 774 1432 ἐπιτάγμασι
798 1393 904 1432 γίνομαι
922 1402 929 1410 '

108 1441 154 1469 καὶ
174 1441 237 1473 ταῖς
259 1447 320 1473 σαῖς
342 1441 438 1480 ε·ἶιχαῖς
459 1439 601 1479 θαρῤἠσας,
639 1439 736 1477 ἀνοίγω
771 1438 802 1466 τὸ
833 1439 930 1475 στόμα,

109 1486 157 1513 τὸν
179 1485 313 1525 ἐφεστῶτα
330 1485 415 1521 τούτῷ
435 1484 516 1525 φόϐον
539 1483 738 1517 ἐκτιναξάμενος
756 1493 763 1501 ·
800 1483 843 1511 καὶ
879 1482 929 1510 λα-

109 1523 272 1569 λήθω-πρὸς
294 1530 326 1558 τὰ
357 1530 427 1569 παρὰ
443 1523 504 1557 ’σοῦ
531 1529 735 1568 προτεινόμενα,
765 1529 795 1556 οὒ
825 1523 960 1566 ῥήματαο

109 1576 159 1607 τῆς
194 1573 262 1612 ἐμῆς
294 1573 410 1606 διανοίας
446 1574 610 1613 γεννήματα,
641 1572 710 1600 ἀλλὰ
744 1575 789 1600 τοῦ
819 1571 930 1612 τυφλοὺς

109 1619 279 1658 φωτίζοντος,
293 1619 338 1647 καὶ
351 1619 412 1649 τοὺς
428 1618 565 1649 ἀσυνέτους
581 1617 768 1653 συνετίζοντος,

151 1661 224 1692 Ἐπεὶ
244 1662 272 1691 δὲ
291 1664 342 1703 πρὸ
370 1663 422 1692 τῶν
450 1662 636 1702 ἠπορημένων,
668 1661 801 1701 ὶρμενείαν
831 1661 930 1697 ἐζήτη-

111 1718 159 1740 σας
189 1713 236 1738 τοῦ
264 1709 335 1747 παρὰ
363 1711 401 1745 τῷ
436 1706 545 1746 μιγάλῷ
576 1705 700 1745 βασιλείῳ
736 1705 932 1744 ἑϐδομηκοστοῦ

111 1753 232 1790 κανόνος,
248 1754 276 1784 ὃς
298 1754 344 1781 τὸν
369 1753 396 1780 ὲν
420 1751 522 1792 χείλεσι
550 1751 692 1789 μιανθέντα
721 1749 852 1790 διάκονον,
889 1752 932 1779 καὶ

111 1797 191 1837 μέχρι
227 1798 320 1827 τούτου
354 1796 536 1836 ἡμαρτηκέναι
572 1795 788 1835 ὁμολογήσαντι,
827 1795 931 1836 διείργει

111 1842 159 1879 μὲν
183 1844 231 1875 τῆς
259 1843 329 1875 θείας
361 1841 534 1881 λειτουργίας,
565 1840 690 1880 μετέχειν
724 1840 751 1869 δὲ
778 1844 831 1869 τῶν
853 1841 930 1880 ἁγια-

110 1887 217 1924 σμάτων
255 1898 323 1924 μετα
364 1889 416 1915 τῶν
453 1885 580 1914 διακόνων
616 1885 719 1918 ἀνίησιν
737 1894 744 1902 ⁸
781 1885 929 1918 ἀκολούθως

109 1930 159 1970 ἄρα
172 1932 215 1959 καὶ
236 1932 318 1969 ἡμεῖς
339 1932 389 1965 τὴν
404 1935 450 1959 τοῦ
474 1931 584 1962 κανόνος
606 1930 733 1970 ἀσάφειαν
762 1929 927 1968 διαλύσομεν,

108 1977 152 2004 καὶ
167 1980 212 2004 τοῦ
231 1976 401 2016 ἠπορημένον
423 1976 471 2009 τὴν
493 1975 567 2004 λύσιν
589 1976 746 2012 ποιήσομεν.
779 1970 852 2004 υΟςτα
881 1976 930 2013 μὲν

109 2020 153 2048 οὖν
168 2031 248 2060 τινες,
266 2022 312 2049 τὸν
332 2020 429 2049 κανόνα
453 2023 546 2049 ταῦτον
574 2020 726 2059 ἑρμηνεύειν
756 2020 928 2058 πειρώμενοι,

108 2063 150 2092 διὰ
170 2068 215 2093 τοῦ
249 2065 277 2093 ὲν
304 2065 407 2106 χείλεσι
436 2069 554 2102 μιασμοῦ
586 2064 700 2104 κρυφίως
735 2063 930 2097 ὒποδηλοῠσθαι

109 2109 239 2150 εἰρήκασι,
263 2113 326 2149 σιγῇ
348 2115 389 2139 κῶν
411 2108 552 2149 παρελθεῖν
589 2110 654 2137 αὕτα
684 2107 784 2148 ἔκρινα,
813 2110 849 2142 ὡς
883 2109 931 2137 οὒκ

108 2152 268 2193 οἰκοδομεῖν,
303 2153 372 2183 ἀλλᾶ
401 2155 549 2193 καθαιρεῖν,
577 2152 705 2190 δυνάμενα
732 2153 793 2184 τοὺς
818 2153 929 2182 ἀκούον-

107 2209 164 2230 τας,
185 2190 218 2227 Ὀ
240 2198 267 2226 δὲ
295 2198 354 2236 ἐμοί
382 2209 410 2226 τε
431 2190 518 2237 λέγειν
543 2196 658 2237 ἀσφαλὲς
686 2197 729 2225 καὶ
756 2199 786 2226 τὸ
808 2203 854 2228 τοῦ
874 2210 926 2227 κα-

107 2242 180 2274 νόνος
214 2243 313 2283 ἀσαφὲς
341 2243 407 2282 πρὸς
436 2243 513 2270 ἑαυτὸ
536 2240 703 2280 συμϐιϐἀζειν
724 2240 831 2270 δύναται
852 2253 928 2271 τουτο

107 2287 150 2315 καὶ
165 2286 251 2326 λέγειν
269 2287 439 2327 πειράσομαι.
465 2286 623 2326 Συνεργήσει
648 2285 675 2313 δέ
691 2297 736 2323 μοι
763 2287 827 2326 πρὸς
850 2291 927 2316 τοῦτο

107 2331 150 2359 καὶ
169 2331 199 2359 τὸ
224 2331 251 2358 ἐν
271 2337 330 2362 τοῖς
348 2330 516 2370 Εὖαγγελίοις
538 2331 588 2358 ὑπὸ
609 2333 655 2358 τοῦ
684 2330 775 2369 Κυρίου
809 2329 925 2370 λεγόμε-

107 2385 161 2407 νον.
185 2379 266 2404 Ποῖον
286 2379 388 2415 τοῦτο;
418 2373 447 2405 Ι0
463 2375 596 2413 ἐμϐλέψας
620 2373 706 2414 (φησὶ)
731 2377 831 2413 γυναικὶ
861 2377 925 2416 πρὸς

106 2420 136 2448 τὸ
163 2420 322 2459 ἐπιθυμῆσαι
358 2423 452 2458 αὒτῆς,
475 2419 527 2454 ἤδη
551 2420 707 2459 ἐμοίχευσεν
736 2419 816 2453 αὺτὴν
838 2421 865 2448 ὲν
892 2425 925 2460 τῇ

781 123 1067 158 ΘΒΔΕὒΟ-ΒΟΜΑΝ
1072 124 1126 156 UM
1132 147 1138 154 .

1744 120 1803 154 986

951 194 972 220 Α
982 189 1126 222 solemnis
1141 198 1293 222 sacrorum
1308 188 1482 229 celebratio,
1492 191 1526 220 ut
1538 187 1748 224 recitatiomon
1756 196 1802 220 se-

981 238 1049 265 cuta
1059 237 1138 270 est";
1152 243 1339 275 nequaquam
1354 233 1488 273 bigamus
1505 231 1799 273 habebitur.Nuptias

981 278 1061 310 enim
1077 288 1136 310 non
1151 279 1242 310 verba
1256 279 1449 317 constituunt,
1466 278 1518 309 sed
1540 287 1596 310 nec
1618 281 1737 318 apertus
1757 276 1801 308 vel

981 322 1185 355 clandestinus
1200 323 1375 355 concubitus
1391 322 1551 363 (scortatio,
1566 322 1645 354 enim
1654 322 1717 353 haec
1728 322 1798 362 est),

981 367 1033 398 sed
1041 377 1190 399 sacrarum
1199 377 1318 409 precum
1329 367 1460 399 carmina
1467 366 1609 408 ¢,qumhis
1617 375 1800 407 consequen-

980 411 1029 443 tia.
1047 411 1179 448 Quonam
1194 417 1292 444 autem
1319 412 1406 443 modo
1429 416 1479 443 aut
1505 411 1698 443 aestimabitur
1712 411 1799 451 biga-

980 466 1056 494 mus,
1074 462 1124 488 aut
1138 456 1265 494 dicetur,
1291 457 1342 497 qui
1366 466 1426 488 non
1452 460 1497 488 est
1524 461 1663 497 expertus
1684 457 1800 497 nuptias

980 501 1034 531 hac
1062 502 1465 542 prwrogativa.exornatas?
1489 502 1521 532 In
1549 501 1720 532 universum
1745 510 1797 532 au-

980 549 1039 576 tem
1054 546 1124 576 solae
1138 545 1352 577 conventiones
1381 550 1422 584 (ut
1447 545 1477 576 in
1501 554 1617 576 summa
1643 545 1755 585 dicam)
1771 550 1800 578 et

979 591 1014 621 ad
1032 590 1271 622 constitutionem
1297 590 1492 630 sponsalium,
1509 594 1539 621 et
1561 590 1728 630 nuptiarum
1747 600 1798 622 so-

979 635 1136 675 lutionem,
1152 645 1186 666 ex
1204 644 1292 675 supra
1307 644 1318 659 ν
1332 635 1558 675 comprehensis
1573 634 1699 666 novellis
1723 644 1796 666 con-

978 679 1180 711 stitutionibus
1200 679 1278 711 vires
1292 680 1387 710 nullas
1400 679 1522 719 habent,
1539 680 1608 710 licet
1622 679 1797 720 antiquiori-

978 723 1032 755 bus
1049 724 1308 764 legumlationibus
1321 723 1412 755 robur
1426 723 1632 765 acquisiissent
1646 733 1669 756 ι.

946 819 965 844 Β
1057 815 1151 848 ΕΙΛΕ
1172 816 1479 849 METRUPOLITANI
1501 815 1634 847 CRETE
1657 815 1733 856 (36).

997 860 1134 901 Reponsa
1149 862 1190 893 ad
1205 861 1386 902 Dionysium
1401 860 1594 902 monachum,
1605 861 1642 892 de
1652 861 1779 892 diversis

1245 901 1535 941 interrogationibus

1017 948 1130 988 Ingenii
1159 949 1278 989 quidem
1308 948 1495 980 imbecillitas
1521 952 1551 979 et
1575 947 1686 988 inopia,
1704 952 1798 979 trater

977 993 1129 1033 spiritalis,
1146 993 1274 1033 linguam
1290 993 1422 1025 cohibuit
1437 1001 1533 1024 meam
1550 992 1586 1023 ad
1603 1002 1647 1031 ea,
1660 1003 1726 1033 quas
1739 999 1797 1024 ate

976 1047 1043 1068 cum
1057 1038 1240 1069 dubitatione
1259 1037 1408 1079 proposita
1431 1041 1500 1068 sunt
1515 1042 1544 1068 et
1558 1046 1678 1068 manum
1702 1039 1739 1070 ad
1766 1038 1795 1068 id

977 1085 1141 1122 torpentem
1155 1083 1267 1123 habuit,
1284 1087 1313 1114 et
1337 1091 1522 1123 nequaquam
1542 1082 1579 1113 ad
1603 1081 1794 1113 scribendum

976 1126 1189 1164 mobilem.Qui
1204 1132 1301 1159 autem
1318 1127 1482 1159 humilibus
1498 1131 1526 1158 et
1541 1126 1696 1166 morigeris
1709 1127 1795 1157 lumi-

975 1179 1045 1202 num
1061 1171 1144 1202 dedit
1155 1172 1275 1211 gratiam
1291 1193 1303 1214 γ
1317 1177 1346 1203 et
1361 1172 1390 1202 in
1401 1171 1462 1202 oris
1475 1175 1615 1212 apertura
1628 1180 1681 1202 suo
1692 1171 1796 1212 implet

975 1215 1091 1254 spiritu,
1109 1215 1342 1247 imbecillitatem
1358 1225 1456 1247 meam
1472 1216 1670 1254 conﬁrmavit,
1689 1220 1719 1247 et
1734 1215 1794 1246 lin—

974 1267 1039 1297 gnaa
1063 1259 1176 1291 vincula
1202 1261 1347 1298 dissolvit,
1374 1269 1552 1300 manumque
1569 1264 1655 1291 antea
1671 1265 1809 1301 torpen-.

975 1309 1048 1341 tem,
1070 1305 1106 1335 ad
1138 1304 1329 1336 scribendum
1357 1305 1508 1336 incitatam
1530 1304 1676 1336 ostendit:
1692 1315 1699 1336 :
1716 1305 1795 1336 unde

975 1356 1028 1388 per
1044 1354 1072 1380 te
1088 1348 1147 1379 Deo
1164 1349 1194 1380 in
1210 1353 1238 1380 te
1253 1349 1386 1389 loquenti
1412 1350 1634 1390 obtemperans,
1649 1348 1686 1380 ad
1705 1353 1768 1380 tuas
1782 1357 1794 1371 ι

974 1401 1022 1423 me
1037 1398 1192 1433 prosterno
1203 1394 1401 1434 jussiones.et
1415 1395 1473 1426 tuis
1488 1393 1709 1433 precationibus
1719 1403 1792 1425 con-

974 1437 1079 1474 ﬁdens,
1097 1447 1130 1468 os
1144 1439 1256 1478 aperio,
1274 1443 1354 1469 metu
1364 1438 1415 1479 qui
1426 1448 1493 1470 eum
1505 1437 1662 1469 cohibebat
1672 1438 1792 1470 hexcus-

973 1490 1005 1512 so
1020 1492 1026 1512 :
1044 1487 1073 1513 et
1087 1483 1122 1513 ad
1145 1492 1190 1521 ea,
1218 1492 1283 1523 quae
1299 1487 1359 1514 ate
1388 1483 1538 1524 proposita
1565 1486 1645 1521 sunt,
1675 1482 1790 1523 loquar,

973 1536 1031 1558 non
1064 1527 1166 1565 verba,
1205 1528 1263 1558 mei
1299 1528 1390 1559 l‘etum
1423 1528 1602 1565 intellectus,
1632 1527 1685 1559 sed
1714 1528 1791 1568 ejus,

972 1572 1022 1612 qui
1046 1581 1140 1604 caecos
1170 1571 1332 1610 illuminat,
1363 1577 1392 1604 et
1416 1572 1514 1605 stultis
1542 1572 1591 1604 dat
1620 1572 1792 1613 intelligen-

971 1616 1040 1646 tiam
1046 1639 1053 1646 .

1012 1661 1157 1698 Quoniam
1172 1667 1270 1694 autem
1282 1666 1351 1694 ante
1365 1663 1452 1699 ea,de
1467 1662 1790 1703 quibusdubitas,quce-

973 1705 1048 1737 siisti
1060 1707 1334 1747 interpretationem
1344 1707 1682 1748 septuagesimicanonis
1694 1706 1791 1746 magni

973 1751 1086 1792 Basilii,
1104 1752 1155 1792 qui
1169 1752 1326 1783 diaconum
1341 1752 1432 1784 labris
1447 1752 1601 1793 pollutum,
1623 1756 1651 1782 et
1671 1754 1792 1782 eatenus

973 1804 1004 1826 se
1021 1805 1160 1836 peccasse
1184 1797 1365 1834 confessum,
1390 1801 1473 1828 arcet
1486 1806 1503 1828 a
1517 1806 1600 1828 sacro
1615 1795 1790 1833 ministerio,

972 1841 1237 1872 sanctiﬁcationum
1253 1852 1264 1868 c
1278 1847 1375 1874 autem
1386 1842 1450 1873 ﬁeri
1466 1841 1637 1883 participem
1653 1851 1721 1873 cum
1730 1841 1792 1871 dia-

972 1885 1055 1916 conis
1067 1886 1137 1917 sinit
1150 1897 1157 1917 :
1173 1891 1394 1928 consequentur
1404 1891 1484 1918 certe
1497 1891 1526 1918 et
1541 1896 1594 1917 nos
1609 1886 1730 1917 canonis
1742 1886 1791 1916 ob-

971 1930 1140 1962 scuritatem
1155 1931 1352 1963 dissolvemus
1367 1931 1596 1963 etdubitationis
1611 1931 1790 1962 solutionem

971 1974 1319 2017 l'aciemus.Qua:cunque
1332 1977 1421 2017 igitur
1427 1977 1546 2017 quidam
1558 1985 1702 2008 canonem
1711 1975 1792 2006 hunc

972 2019 1163 2060 interpretari
1178 2026 1331 2058 conantes,
1348 2021 1462 2053 occulte
1477 2021 1638 2061 signiﬁcari
1654 2020 1794 2051 dixerunt

973 2073 1028 2104 per
1042 2064 1185 2096 labiorum
1202 2065 1407 2106 pollutionem,
1419 2066 1537 2097 silentio
1548 2075 1627 2097 nunc
1638 2064 1792 2106 praeterire

972 2109 1102 2141 decrevi.
1117 2114 1216 2150 utpote
1231 2120 1297 2150 quae
1313 2120 1370 2141 non
1388 2115 1444 2141 tam
1457 2111 1615 2149 mditicare,
1631 2119 1719 2151 quam
1733 2110 1789 2140 de-

941 2165 963 2190 ο
973 2157 1087 2185 struere
1100 2155 1212 2194 possint
1226 2155 1474 2192 auditores.Quod
1489 2159 1586 2186 autem
1605 2154 1677 2185 mihi
1692 2155 1792 2185 dicere

973 2202 1078 2237 tutum,
1095 2204 1125 2230 et
1140 2199 1263 2230 canonis
1284 2200 1492 2232 obscuritatem
1509 2209 1544 2232 ex
1559 2209 1591 2231 se
1601 2200 1791 2240 conjectared

970 2247 1076 2283 potest,
1089 2244 1118 2274 id
1129 2243 1230 2275 dicere
1239 2243 1380 2275 conabor.
1398 2244 1597 2276 Auxiliabilur
1608 2249 1705 2276 autem
1719 2244 1791 2275 mihi

969 2287 1004 2318 ad
1021 2288 1076 2319 hoc
1093 2292 1122 2318 et
1140 2289 1217 2329 quod
1245 2288 1276 2319 in
1303 2289 1470 2329 Evangeliis
1497 2289 1606 2320 dicitur
1620 2299 1636 2319 a
1652 2288 1788 2320 Domino.

969 2331 1129 2368 Qualenam
1157 2333 1232 2364 hoc?
1256 2333 1428 2374 Respiciens
1445 2334 1556 2375 (inquit)
1575 2334 1741 2370 mulierem.
1759 2339 1791 2365 ut

967 2377 1158 2417 concupiscat
1168 2378 1272 2418 ipsam,
1275 2378 1336 2418 jam
1351 2379 1514 2410 mcechatus
1527 2383 1570 2409 est
1582 2388 1646 2410 eam
1658 2378 1687 2409 in
1700 2380 1791 2411 corde

967 2431 1034 2452 suo.
1053 2421 1084 2454 Si
1095 2422 1184 2461 igitur
1197 2431 1275 2463 eum,
1285 2423 1335 2463 qui
1348 2424 1385 2454 ad
1400 2423 1668 2464 concupiscentiam
1677 2428 1788 2455 tantum

757 2497 885 2531 VARIE
905 2500 1127 2534 LECTIONES.

144 2577 154 2594 ι
166 2566 246 2606 sicut
260 2569 303 2597 est
317 2566 351 2598 iu
365 2566 441 2606 facti
453 2566 646 2606 narratione,
662 2575 723 2597 non
738 2569 783 2597 est
796 2569 909 2598 secuta.

105 2620 117 2636 ι
130 2605 221 2637 robur
233 2605 407 2638 habuerint.
450 2613 462 2634 !
474 2605 674 2638 luminarium
685 2606 747 2638 dat.

105 2649 282 2678 mentorum.
327 2660 339 2681 α
351 2655 450 2679 secum
464 2646 641 2691 conciliare.

799 2618 809 2634 ι
823 2607 966 2639 reddidit.

951 2567 1181 2610 .recitationes.
1207 2608 1214 2610 _
1233 2588 1247 2604 ι.
1260 2568 1306 2600 his
1318 2568 1499 2610 privilegiis.
1555 2578 1616 2610 γεω
1631 2569 1788 2601 indicatis.

1019 2614 1032 2630 ε
1047 2608 1108 2640 tuis
1122 2608 1286 2640 mandatis.
1318 2608 1342 2631 Ἰ)
1357 2610 1411 2650 qui
1424 2608 1451 2640 et
1466 2609 1612 2642 obstabat.
1655 2615 1666 2631 ε
1679 2619 1789 2642 sacra-

878 2699 1002 2732 ΝΟΤᾸΕ.

107 2793 112 2798 _
142 2751 290 2800 (ᾷϐλΕιίω
315 2753 466 2800 Cretensis
490 2754 623 2800 episcopi
644 2753 823 2800 subscriptio
853 2758 932 2800 extat

106 2793 134 2840 in
146 2792 227 2840 Actis
243 2801 265 2840 tt
287 2794 396 2840 synodi.
411 2792 552 2840 Nicaeum,
575 2792 685 2840 alioqui
709 2792 859 2840 vuilﬂrgo
874 2794 929 2825 sub

105 2831 187 2865 Irena
201 2837 230 2866 et
244 2831 553 2877 Constantino,Augg.
571 2831 686 2867 vixerit.
701 2851 741 2858 —
756 2831 926 2876 Ejus'com-

973 2756 1134 2798 mentarius
1149 2756 1179 2787 in
1199 2756 1427 2798 Nazianzenum,
1442 2766 1592 2798 nunquam
1608 2763 1693 2789 antea
1707 2757 1789 2790 Grat-

971 2804 1004 2828 ce
1019 2796 1129 2835 editus,
1146 2801 1239 2829 exstat
1253 2796 1434 2838 Patrologiae
1451 2796 1524 2829 tom:
1540 2797 1668 2832 XXXVI.
