1946 3080
177 129 236 162 995

854 136 921 168 IUS
941 134 1175 167 GANONIGUM.

1809 132 1878 170 996

178 201 385 245 susceptorum
404 199 609 231 minesterium
627 201 884 241 prodirent,etiam
895 202 1000 232 arden-

1083 215 1096 240 ι,
1114 202 1202 242 σχολῃ
1217 202 1243 241 γ’
1260 204 1291 230 ἂν
1320 214 1385 243 προς
1414 214 1463 237 την
1491 207 1545 233 τῶν
1573 203 1714 245 ἂναδόχων
1742 204 1872 244 λειτουρ-

181 241 238 272 tius
254 241 379 274 invitati.
397 245 469 275 Cum
486 254 554 275 vero
572 245 719 284 ignorent,
732 246 884 277 videamus
899 252 998 278 autem

178 287 313 326 quotidie
328 292 355 318 et
371 289 511 320 mulieres
527 290 591 321 sine
607 291 776 322 differentia
795 296 998 331 susceptorum

180 341 255 362 onus
270 333 463 373 recipientes;
478 335 549 375 quid
565 336 734 375 vetat.juxta
742 337 999 376 consuetudinem,

179 385 244 417 quae
259 377 307 408 hic
323 377 460 414 obtinuit,
474 379 536 409 viro
553 380 772 420 peregrinante,
790 381 839 421 qui
856 381 1000 421 primoge-

179 421 272 452 nitum
298 422 402 452 horum
434 428 586 463 parentem
610 424 733 455 ﬁliolum
758 425 898 465 suscepit,
923 425 1000 456 illius

179 475 300 497 uxorem
316 466 468 498 invitatam
484 469 637 509 suscipere
650 479 729 507 eum,
742 469 793 510 qui
808 469 919 500 eisdem
935 479 1000 510 pos-

179 515 227 543 tea
241 511 295 542 fuit
309 512 416 544 natus?

223 601 344 631 Sextum
361 602 554 642 autem,quod
571 603 607 634 de
624 603 734 634 infante
745 604 898 644 quasitum
911 609 1004 642 est,ut

180 645 282 686 paucis
297 645 406 683 dicam,
424 651 469 677 est
486 647 655 687 hujusmodi
674 659 681 679 :

219 689 331 728 Infans,
349 690 480 731 inquisti.
501 691 605 723 morbo
621 697 785 732 correptus.
804 696 832 724 et
844 693 905 732 jam
917 693 1002 724 morti

178 735 343 775 proximus,
361 736 507 766 sacerdoti
523 737 641 768 cuidam
653 737 767 768 oblatus
778 741 819 767 est
828 747 999 777 persacram

181 781 236 811 Dei
249 780 473 819 generationem
484 782 717 820 regenerandus.
735 781 788 812 Hic
803 792 870 812 cum
893 782 1001 813 exilem

1040 246 1098 284 γίαν
1140 247 1275 284 ἀπήντων,
1319 249 1363 276 καὶ
1410 250 1565 288 θερμότερον
1610 249 1843 288 προσκαλούμενοι
1865 262 1873 268 ·

1041 293 1097 320 ἐπεὶ
1125 292 1152 320 δὲ
1182 296 1228 322 οὒκ
1263 293 1363 334 ἴσασιν,
1394 296 1496 333 δρῶμεν
1525 294 1552 322 δὲ
1590 295 1648 323 καθ’
1676 296 1793 329 ἑκάστην
1825 294 1875 323 καὶ

1041 343 1168 375 γυναῖκας
1200 337 1347 378 ἀδιαφόρως
1380 339 1411 366 τὸ
1436 342 1488 367 τῶν
1524 339 1664 379 ἆναδόχων
1699 340 1779 378 βάρος
1801 340 1875 367 irim—

1041 381 1188 422 εεχομένας
1205 392 1211 400 ·
1255 384 1279 412 τί
1315 383 1422 420 κωλύει,
1465 384 1532 412 κατὰ
1561 385 1611 418 την
1652 385 1875 424 ὶπικρατήσασαν

1040 427 1122 464 ταύτῃ
1138 429 1286 465 συνήθειαν,
1303 432 1349 457 τοῦ
1362 427 1453 467 ἀνδρὸς
1470 427 1670 466 ἀποδημοῦντος
1685 433 1732 457 τοῦ
1747 431 1777 457 τὸ
1792 440 1874 469 πρω-

1040 471 1146 510 τογενὲς
1161 471 1262 500 παιδίον
1278 472 1359 501 τῶιόε
1387 475 1440 500 τῶν
1470 472 1569 511 γονέων
1598 472 1801 513 ἀναδεξαμένων,
1819 473 1874 506 τὴν

1041 515 1138 545 ἐκείνου
1153 524 1266 556 γδναῖκα
1280 517 1425 551 κληθεῖσαν
1439 518 1469 545 τὸ
1484 516 1542 556 μετ’
1559 517 1647 546 ἐκεῖνο
1658 519 1761 550 τούτοις
1772 518 1875 557 τεχθὲν

1045 559 1212 593 ἀναδέξασθαι
1230 571 1238 601 ;

1084 606 1119 634 Τὸ
1134 604 1161 633 δὲ
1177 607 1235 646 περὶ
1258 609 1304 634 τοῦ
1326 606 1417 639 παιδὸς
1441 606 1518 636 ἕκτον
1541 607 1678 647 ἐρώτημα,
1710 608 1747 639 ὡς
1768 607 1878 647 βραχεῖ

1044 649 1133 689 φέναι,
1155 650 1273 678 τοιοῦτόν
1288 650 1359 678 ἐστιν
1376 659 1383 666 ·

1083 693 1188 722 Παιδίον
1223 694 1314 735 (ἔφης)
1344 696 1414 732 νόσῳ
1449 697 1574 733 κατηθὲν,
1611 696 1656 724 καὶ
1684 696 1792 735 ἑγγίσαν
1819 695 1876 730 ἤδη

1042 741 1080 775 τῷ
1101 739 1214 776 θανάτῳ,
1237 740 1379 779 προσήχθη
1407 741 1457 768 τινὶ
1486 744 1538 769 τῶν
1561 740 1662 780 ἱερέων,
1685 739 1728 769 διὰ
1754 741 1806 773 τῆς
1829 751 1874 768 ιε-

1043 787 1087 821 pi;
1122 784 1285 823 θεογενεσίας
1317 785 1607 824 ἀναγεννηθησόμενον,
1652 782 1680 813 Ὀ
1716 784 1743 812 δὲ
1772 784 1876 813 λεπτὸν

181 825 318 865 spiritum
329 835 397 856 eum
410 825 520 856 ducere
531 826 685 863 videret,et
696 827 850 862 veritus,ut
861 827 1001 857 solemni-

1083 831 1118 856 i1o
1132 827 1192 856 ἰδὼν
1221 828 1343 866 ἔμπνεον,
1368 830 1412 857 καὶ
1440 828 1562 869 φοϐηθεὶς
1591 830 1689 867 μήπως
1718 832 1772 858 τῶν
1803 841 1872 858 σον-

181 869 236 900 bus
244 870 382 910 precibus
392 873 420 901 et
434 870 668 910 adjurationibus
680 880 738 902 non
751 871 914 902 decantatis
925 881 999 912 pra:-

177 915 337 955 riperetur,
354 920 511 954 antequam
535 915 718 955 baptismatis
743 919 998 955 regenerationem

182 963 260 990 esset
275 960 416 999 adeptus:
433 960 618 1000 precationes
626 965 695 991 ante
705 961 882 1000 baptismum
894 961 1000 992 decan-

182 1005 297 1044 tandas,
325 1009 353 1035 et
379 1005 584 1044 adjurationes
605 1005 782 1045 praecidens,
806 1006 902 1036 initiat
916 1005 998 1036 illum

181 1049 290 1089 triplici
301 1049 534 1085 demersioneﬁ
550 1050 663 1090 triplici
685 1051 788 1086 Patris,
806 1050 871 1081 Filii
887 1055 915 1081 et
931 1049 999 1090 Spi-

179 1093 254 1124 ritus
269 1095 360 1124 sancti
377 1093 572 1125 invocatione.
591 1094 665 1130 Quid
690 1099 754 1135 post
781 1095 867 1126 haec?
883 1095 999 1127 Conva-

179 1138 263 1169 lescit
277 1138 768 1173 infans,abeuntemorbo.Accedit
779 1141 886 1171 iterum
899 1149 1000 1171 sacer-

179 1183 244 1218 dos.
257 1183 469 1222 adjurationes.
487 1192 559 1224 quas
574 1183 766 1223 praeterierat,
785 1189 813 1214 et
830 1194 932 1224 preces
946 1185 1000 1214 im-

180 1228 324 1268 pleturus.
337 1227 419 1263 Quod
434 1232 537 1266 restat,
555 1229 694 1268 quaesiiin
710 1229 839 1268 discere,
856 1230 959 1261 liceret
969 1230 998 1260 id

179 1273 288 1310 facere,
307 1273 454 1304 necne.Et
469 1278 537 1313 pulo
554 1283 599 1310 ea,
609 1283 674 1313 quae
692 1274 870 1314 baptismum
883 1284 998 1314 praece-

180 1318 263 1351 dunt,
283 1322 348 1358 post
363 1318 542 1358 baptismum
560 1318 723 1349 accinenda
741 1329 799 1349 non
814 1328 880 1350 esse
896 1319 934 1357 ei,
949 1320 999 1360 qui

176 1363 238 1403 jam
254 1362 401 1402 baptismo
418 1362 548 1393 initiatus
564 1367 618 1399 est,
635 1372 687 1403 per
703 1363 848 1403 triplicem
874 1364 998 1395 immer-

180 1407 306 1444 sionem,
323 1411 352 1437 et
374 1407 461 1437 trium
492 1416 684 1447 personarum
714 1408 941 1446 invocationem,
969 1410 998 1439 in

178 1452 286 1492 quibus
301 1456 345 1482 est
360 1451 671 1492 baptimus.Nusquam
687 1453 766 1482 enim
781 1452 817 1483 ab
834 1453 892 1483 ullo
905 1462 1001 1484 sacro-

1042 872 1112 906 ήοων
1150 874 1238 913 εὐχῶν
1265 874 1309 901 καὶ
1335 875 1504 913 ἓφορκισμῶν
1532 873 1701 912 ἐπᾳδομένων
1736 885 1875 914 προαναρ-

1042 918 1140 957 πασθῇ,
1158 918 1196 955 μὴ
1211 919 1295 957 τυχὸν
1324 921 1374 951 τῆς
1396 917 1438 946 διὰ
1467 924 1514 948 τοὺ
1541 919 1723 956 βαπτίσματος
1751 919 1875 958 ἀναγιν-

1042 962 1143 996 νήσεως
1163 971 1169 977 ·
1192 962 1320 1001 περιελὼν
1348 963 1395 994 τὰς
1425 964 1506 1002 εὐχὰς
1535 964 1582 994 τὰς
1613 964 1664 1002 πρὸ
1684 965 1734 996 τῆς
1756 962 1875 990 τελειώ-

1041 1017 1108 1038 σεως
1129 1005 1291 1044 ἐπᾳδομένας
1307 1007 1350 1034 καὶ
1371 1008 1432 1039 τοὺς
1456 1007 1640 1047 ἒφορκισμοὺς,
1670 1006 1771 1036 τελειοῖ
1791 1010 1874 1034 τοῦτο

1041 1049 1083 1078 δια
1103 1054 1152 1084 τῆς
1167 1053 1257 1090 τρίτης
1287 1050 1467 1089 καταδύσεως,
1489 1053 1533 1080 γαὶ
1561 1055 1611 1084 τῆς
1640 1052 1776 1091 ἰσαρίθμου
1813 1051 1874 1079 ἐπι-

1042 1094 1163 1129 κλήσεως
1184 1098 1229 1123 τοῦ
1251 1097 1365 1134 Πατρὸς,
1398 1097 1442 1124 καὶ
1469 1099 1515 1124 τοῦ
1550 1098 1622 1136 fio-3,
1648 1096 1692 1124 καὶ
1719 1099 1765 1123 τοῦ
1794 1096 1874 1134 ἁγίου

1044 1140 1205 1177 Πνεύματος.
1222 1141 1251 1169 Τί
1265 1141 1296 1168 τὸ
1324 1140 1366 1168 ἐπὶ
1389 1141 1515 1180 τούτοις;
1550 1141 1676 1179 ῥώννυται
1698 1141 1729 1168 τὸ
1751 1139 1872 1177 παιδίον,

1042 1187 1091 1217 τῆς
1116 1184 1192 1213 νόσου
1217 1183 1435 1218 διαπετευσάσης.
1467 1186 1603 1224 Πρόσεισιν
1630 1185 1701 1216 αὖθις
1730 1186 1744 1212 ὁ
1771 1185 1871 1224 ἱερεὺς,

1042 1229 1102 1260 τοὺς
1137 1228 1314 1268 ἂφορκισμοὺς
1330 1228 1360 1252 ίθ
1386 1230 1430 1260 οὒς
1459 1228 1649 1268 παραλέλοιπε,
1679 1229 1792 1260 καὶτὰς
1824 1231 1871 1258 εὖ·

1040 1273 1091 1312 χέις
1115 1273 1325 1312 ἀναπληρώσων.
1351 1275 1449 1301 Λοιπὸν
1477 1273 1608 1308 ἐζήτησας
1638 1275 1744 1313 μαθεῖν,
1774 1274 1796 1300 εἱ
1826 1273 1872 1305 ἕξ-

1040 1328 1094 1345 εστι
1116 1321 1192 1345 τοῦτο
1213 1325 1312 1358 ποιεῖν,
1341 1318 1359 1351 ἢ
1388 1318 1438 1355 μή.
1463 1319 1511 1346 Καὶ
1532 1317 1617 1352 δοκεῖ,
1635 1329 1691 1355 μοι,
1707 1317 1748 1345 ὅτι
1772 1318 1801 1345 οὒ
1824 1317 1866 1345 δεῖ

1040 1363 1106 1399 μετὰ
1133 1362 1182 1395 την
1208 1361 1342 1390 τελείωσιν
1364 1363 1397 1390 τὰ
1411 1363 1461 1401 πρὸ
1475 1364 1524 1395 τῆς
1539 1361 1702 1393 τελειώσεως
1729 1361 1867 1401 προσᾴδε-

1042 1408 1099 1434 σθαι
1115 1409 1153 1443 τῷ
1173 1405 1224 1440 ἤδη
1252 1405 1449 1443 τετελειωμένῳ
1473 1405 1516 1433 διὰ
1544 1409 1593 1439 τῆς
1616 1409 1727 1445 φρικτῆς
1750 1405 1870 1434 καταδύ-

1042 1462 1119 1491 σεως,
1141 1452 1185 1479 καὶ
1200 1454 1247 1485 τῆς
1263 1450 1429 1486 ἐπικλήσεως
1458 1454 1512 1479 τῶν
1540 1454 1620 1490 τριῶν
1643 1451 1810 1490 προσώπων,
1844 1451 1871 1479 ὲν

178 1506 244 1527 rum
259 1505 405 1526 canonum
422 1496 479 1527 tale
504 1497 575 1535 quid
594 1497 747 1527 deﬁnitum
769 1497 938 1528 invenimus
966 1499 1001 1529 Et

1083 1507 1086 1528 ;
1108 1497 1124 1529 ἡ
1147 1495 1292 1527 τελείωσις.
1318 1495 1438 1533 Οὐδαμοῦ
1465 1495 1515 1534 γὰρ
1543 1494 1587 1523 ὑπ’
1615 1494 1719 1526 οὐδενὸς
1746 1499 1802 1523 τῶν
1829 1497 1872 1523 ἱε-

179 1541 216 1572 47
225 1550 320 1572 canon
333 1541 474 1571 divinitus
484 1541 648 1572 afﬂatorum
660 1541 844 1582 Patrum,qui
853 1542 1001 1573 Laodiceae

179 1585 435 1625 convenerunt,de
450 1585 487 1616 iis
502 1585 690 1626 loquens,qui
701 1586 738 1616 ob
752 1586 959 1617 necessitatem
971 1587 1001 1617 in

179 1629 292 1660 morbis
306 1629 579 1669 baptizanturmihil
595 1630 699 1660 horum
714 1629 959 1671 meminit,neque
970 1636 1002 1662 ut

178 1684 283 1715 preces
298 1674 446 1710 dicantur,
464 1683 561 1714 neque
573 1678 603 1704 ut
617 1674 818 1714 adjurationes
827 1680 892 1715 post
909 1675 1002 1716 bapti-

178 1727 241 1750 sma
256 1719 326 1749 ﬁant
340 1728 346 1750 :
361 1718 412 1749 sed
430 1719 511 1749 illius
525 1719 624 1759 modo,
646 1719 723 1759 quod
742 1719 815 1749 ﬁdes
838 1719 1000 1751 ediscenda

179 1764 218 1795 sit
232 1764 321 1794 etiam
338 1768 404 1804 post
418 1763 620 1804 baptisma,ab
638 1773 684 1803 eo,
709 1764 761 1804 qui
777 1763 880 1794 morbo
897 1765 999 1804 prohi—

179 1808 258 1839 bitus
273 1812 327 1846 est,
346 1813 501 1848 antequam
525 1817 588 1840 eam
606 1808 745 1839 disceret.
764 1808 813 1838 Ait
828 1808 918 1849 enim,
936 1819 998 1847 eos,

177 1853 228 1894 qui
244 1853 272 1883 in
287 1853 390 1884 morbo
407 1853 543 1893 baptizati
557 1857 636 1890 sunt,
654 1853 742 1884 ﬁdem
759 1853 894 1884 ediscere
909 1863 999 1894 opor-

178 1903 253 1935 tere,
271 1902 299 1929 et
314 1907 489 1938 agnoscere,
506 1907 538 1928 se
553 1897 650 1928 divina
665 1897 818 1937 largitione
833 1898 938 1936 dignos
951 1899 1001 1929 ha-

179 1941 257 1974 bitos
273 1951 338 1974 esse
352 1945 375 1973 ι’.

218 2031 379 2072 Septimam
389 2035 416 2062 et
424 2030 557 2061 ultimam
572 2031 833 2071 interrogationem
843 2031 998 2071 hujusmo-

177 2076 208 2107 di
219 2075 408 2117 proposuisti.
426 2075 527 2106 Puella
546 2076 830 2116 quaedam,quintum
847 2085 998 2115 agensan-

179 2131 263 2158 num,
276 2120 469 2161 inimpubere
487 2125 571 2152 aetate
583 2121 785 2160 despondetur
797 2120 912 2151 cuidam
925 2121 997 2159 viro,

179 2165 228 2206 qui
245 2169 365 2206 propter
379 2170 495 2197 aetatem
507 2165 766 2205 impuberemjure
778 2174 842 2195 eam
851 2166 998 2205 repudiat.

179 2210 248 2242 Haec
259 2214 358 2241 autem
366 2220 471 2241 rursus
478 2211 604 2250 septimo
610 2210 704 2241 aetatis
713 2218 791 2240 anno
799 2210 1002 2249 despondetur

178 2255 346 2296 alterizqui
369 2255 479 2286 iterum
508 2255 644 2286 eamdem
670 2263 790 2285 causam
808 2253 919 2285 habens
932 2264 999 2285 cum

178 2300 290 2341 priore,
303 2300 460 2331 dissidium
477 2309 544 2330 cum
561 2308 596 2330 ea
611 2299 689 2330 facit.
707 2298 782 2335 Quid
799 2303 858 2329 tum
874 2298 1000 2329 deinde?

178 2345 312 2376 Tertium
331 2345 479 2376 decimum
497 2352 588 2383 agens
597 2352 708 2375 annum
725 2343 846 2374 \ultalii
858 2343 919 2374 viro
929 2343 986 2383 legi

180 2389 252 2420 time
267 2389 399 2429 conjugi,
416 2393 446 2420 et
460 2388 670 2419 benedictione
692 2397 775 2419 sacra
791 2387 913 2418 initiari.
930 2387 999 2419 Hinc

178 2443 232 2474 per
250 2433 451 2465 narrationem
476 2442 639 2474 exponens,
660 2432 825 2473 quaerebas,
852 2432 999 2473 prohibita

180 2483 292 2519 essent,
310 2487 417 2509 necne.
443 2478 479 2509 Et
501 2478 639 2518 dicimus,
663 2487 722 2508 non
744 2477 896 2518 prohiberi
911 2486 998 2516 eam;

178 2526 240 2554 tum
255 2523 333 2564 quod
345 2527 450 2564 prieter
459 2526 577 2554 :etatem
588 2522 765 2563 desponsata
776 2521 825 2559 sit,
846 2527 875 2552 et
894 2522 1000 2562 hujus-

177 2568 259 2599 modi
269 2567 420 2609 sponsalia
437 2567 518 2598 nullo
537 2571 791 2598 connumerentur
806 2567 893 2597 modo
908 2575 1001 2607 spon-

178 2612 290 2644 salibus
305 2613 422 2643 noveila
442 2612 655 2643 constitutione
678 2611 804 2651 cognitis
822 2620 829 2642 ε
847 2615 908 2642 tum
921 2610 999 2651 quod

178 2657 312 2699 praedicti
327 2656 430 2698 sponsi
444 2656 481 2698 (si
494 2657 614 2697 quidem
625 2665 754 2698 sponeos
764 2655 1001 2696 vocarioporteat

1043 1543 1094 1579 ρῶν
1134 1540 1251 1568 κανόνων
1294 1540 1412 1568 τοιοῦτόν
1447 1551 1472 1568 τι
1501 1540 1654 1579 εὑρίσκομεν
1682 1539 1870 1579 διωρισμένον,

1043 1585 1092 1612 Καὶ
1114 1585 1127 1612 ὁ
1156 1585 1209 1620 τῶν
1241 1584 1267 1612 ἐν
1296 1583 1434 1612 Λαοδικεία
1468 1583 1495 1611 δὲ
1530 1583 1706 1612 συνελθόντων
1733 1585 1872 1624 θεοφόρων

1044 1628 1165 1667 Πατέρων
1195 1623 1239 1667 μζ’
1267 1629 1366 1665 κανὼν,
1387 1630 1519 1667 περὶτῶν
1547 1630 1738 1668 περιπατικῶς
1761 1623 1791 1656 ἐν
1819 1623 1870 1657 νό-

1043 1684 1097 1706 σοις
1130 1673 1328 1711 βαπτιζομένων
1356 1672 1471 1708 διεξιὼν,
1509 1672 1612 1705 οὐδενὸς
1637 1678 1736 1702 τοὺτων
1778 1673 1871 1711 ἐμνη-

1042 1718 1178 1758 μόνευσεν,
1205 1720 1234 1747 οὔ
1261 1722 1307 1746 τοῦ
1329 1718 1461 1757 εὖλογεῖν,
1491 1718 1520 1747 οὔ
1548 1717 1595 1746 τοῦ
1625 1718 1773 1758 ἐφορκῦζειν
1798 1720 1871 1754 μετὰ

1041 1764 1070 1790 τὸ
1093 1763 1232 1800 βάπτισμα
1248 1772 1255 1779 “
1285 1763 1365 1800 μόνον
1386 1762 1413 1790 δὲ
1439 1766 1486 1791 τοῦ
1513 1761 1569 1790 δεῖν
1596 1763 1644 1796 τὴν
1660 1763 1746 1791 πίστιν
1765 1762 1872 1800 ἐκμαν-

1041 1808 1136 1843 θάνειν,
1159 1808 1203 1835 καὶ
1225 1807 1292 1844 μετὰ
1309 1808 1340 1834 τὸ
1367 1807 1514 1845 βάπτισμα,
1551 1807 1597 1834 τὸν
1631 1807 1682 1835 ὑπὸ
1708 1809 1758 1841 τῆς
1788 1807 1871 1836 νόσου

1041 1851 1189 1880 κωλυθέντα
1223 1855 1274 1891 πρὸ
1304 1855 1350 1880 τοῦ
1370 1852 1468 1885 ταύτην
1489 1851 1614 1889 ἐκμαθεῖν
1643 1852 1712 1885 Φησὶ
1740 1853 1803 1891 γὰρ,
1829 1852 1871 1880 ὅτι

1041 1895 1083 1924 δεῖ
1110 1898 1169 1929 τοὺς
1200 1896 1227 1924 ἒν
1258 1896 1327 1932 νόσῳ
1355 1896 1556 1935 βαπτισθέντας,
1592 1895 1651 1929 ἦτοι
1687 1896 1870 1936 ἀναστάντας,

1041 1941 1209 1978 ἐκμανθάνειν
1225 1941 1272 1975 τὴν
1289 1941 1387 1981 πίστιν,
1403 1942 1446 1969 καὶ
1462 1940 1613 1981 γινώσκειν,
1630 1940 1670 1969 δτι
1683 1941 1752 1973 θείας
1765 1940 1868 1980 δωρεᾶς

1040 1985 1201 2019 ἠξιώθησαν,

1083 2025 1219 2068 ”Ἐὸδομον
1234 2031 1278 2058 καὶ
1293 2029 1446 2058 τελευταῖον
1461 2030 1587 2070 ἐρώτημα
1608 2029 1725 2058 τοιοῦτόν
1749 2040 1774 2056 τι
1797 2040 1869 2068 προ-

1040 2074 1183 2108 ϐἐῧληκας,
1208 2075 1278 2114 Κόρη
1309 2087 1361 2112 τις,
1391 2075 1512 2112 πέμπτον
1544 2075 1643 2114 ἄγουσα
1671 2073 1728 2105 ἔτος
1760 2076 1812 2106 τῆς
1841 2074 1869 2102 ἐν

1042 2119 1188 2153 ἀνηϐότητι
1209 2119 1326 2157 ἡλικίας,
1356 2122 1530 2157 μνηστεύεται
1551 2121 1602 2148 τινὶ
1623 2117 1705 2158 ἀνδρί.
1747 2123 1783 2149 Ος
1813 2129 1868 2146 κα-

1042 2164 1095 2197 λῶς
1117 2167 1212 2203 ποιῶν,
1241 2162 1282 2193 διὰ
1309 2165 1358 2197 τὴν
1380 2167 1429 2197 τῆς
1460 2164 1664 2201 μνηστευθείσης
1696 2160 1868 2200 ἀνηϐότητα,

1042 2209 1179 2249 ἀφίσταται
1208 2208 1300 2242 αὐτῆς.
1331 2204 1362 2236 Ἠ
1397 2208 1424 2236 δὲ
1453 2210 1496 2237 καὶ
1523 2208 1604 2236 πάλιν
1633 2208 1659 2236 ἐν
1687 2209 1726 2243 τῷ
1760 2206 1871 2245 ἑϐδόμῳ

1042 2254 1130 2294 χρόνῳ
1163 2255 1212 2287 τῆς
1240 2252 1345 2287 ἡλικίας
1367 2254 1448 2286 αὒτῆς
1469 2254 1642 2291 μνηστεύεται
1665 2250 1735 2290 ἀνδρὶ
1757 2251 1844 2291 ἑτέρῳ
1862 2262 1868 2268 ·

1041 2299 1069 2330 ὃς
1099 2297 1131 2332 δὴ
1153 2297 1232 2326 πάλιν
1253 2298 1286 2325 τὰ
1314 2296 1362 2325 ἴσα
1394 2301 1432 2334 τῷ
1459 2297 1578 2337 προτέρῳ
1612 2297 1744 2337 φρονήσας
1780 2295 1872 2335 ἀπορσ

1040 2343 1163 2382 ῥήγνυται
1193 2343 1287 2375 αὖτῆς.
1310 2342 1378 2370 Εἶτα
1406 2343 1457 2382 τί;
1487 2341 1700 2382 τρισκαιδέκατον
1722 2339 1870 2368 ἐλαύνουσα

1040 2387 1137 2428 χρόνον
1163 2386 1282 2425 βούλεται
1304 2387 1423 2424 νομίμως
1449 2385 1520 2425 ἀνδρὶ
1547 2386 1628 2425 ἑτέρῳ
1656 2384 1818 2424 ωναφθῆναί
1840 2395 1870 2412 τε

1039 2433 1083 2460 καὶ
1132 2430 1344 2471 ἱερολογηθῆναι.
1388 2434 1475 2460 Ταῦτα
1519 2429 1720 2469 διηγηματικῶς
1769 2428 1868 2466 ἐκθεὶς,

1041 2476 1141 2513 ἐζήτεις
1157 2477 1262 2514 μαθεῖν,
1286 2477 1308 2504 εί
1335 2475 1494 2515 κεκώλυται,
1517 2475 1535 2509 ἢ
1558 2475 1597 2513 μὴ
1625 2473 1785 2503 κεκώλυται,
1816 2476 1869 2502 Καὶ

1024 2521 1167 2560 λέγομεν,
1196 2521 1236 2558 μὴ
1266 2519 1427 2548 κεκωλύσθαι
1461 2520 1572 2558 ταύτην,
1604 2518 1646 2547 διά
1680 2528 1709 2546 τε
1743 2519 1775 2546 τὸ
1803 2518 1868 2557 παρ’

1041 2566 1147 2601 ἡλικίαν
1175 2566 1382 2604 μνηπευθῆναι,
1415 2565 1459 2592 καὶ
1487 2565 1526 2603 μὴ
1554 2564 1766 2603 συναριθμεῖσθαι
1796 2562 1869 2595 ὅλως

1041 2611 1087 2643 τὰς
1108 2611 1228 2642 τοιαύτας
1260 2609 1402 2647 μνηστείας
1430 2616 1491 2642 ταῖς
1520 2608 1699 2648 ἐγνωσμέναις
1732 2609 1766 2645 τῇ
1787 2610 1868 2647 νεαιρᾷ

1041 2655 1180 2693 νομοθεσίᾳ
1202 2654 1367 2692 μνηστείαις.
1391 2655 1440 2682 Καὶ
1469 2653 1576 2693 προσέτι
1605 2652 1648 2692 δὲ,¹
1680 2651 1722 2680 διὰ
1746 2653 1778 2680 τὸ
1805 2652 1867 2683 τοὺς

845 2735 971 2768 VARIE
992 2733 1210 2768 LECTIONES.

213 2790 244 2816 ίθ
263 2791 447 2832 ἕφορκισμούς.

214 2845 227 2868 ³
241 2845 321 2887 quod
336 2844 474 2876 divinum
489 2853 599 2875 munus
611 2844 712 2884 adepti
726 2843 796 2874 sint.
