1946 3080
174 137 235 172 999

176 207 239 237 Hoc
250 206 377 248 amplius
401 206 517 238 discere
539 206 626 237 velim
647 215 665 236 a
680 209 729 237 tua
744 206 909 240 sanctitate,
925 203 996 246 quid
1007 207 1029 233 Α

178 251 216 282 de
230 251 267 282 iis
282 251 449 282 faciendum
466 251 567 291 sit,qui
580 260 670 281 unum
687 251 796 281 habent
811 250 998 282 servum.Est

177 294 256 326 enim
272 297 321 336 qui
339 304 428 327 unum
456 299 568 326 tantum
593 294 700 326 habeat
727 304 843 326 servum
861 303 868 326 :
885 298 914 325 et
928 303 996 325 cum

176 349 277 371 emere
288 350 346 371 non
359 339 608 381 possitancillam,
621 348 723 370 servus
733 344 870 370 extranea
885 343 914 369 et
927 347 998 378 vaga

177 384 302 416 libidine
317 388 476 415 seortatur.
493 383 544 414 Est
567 383 615 423 qui
632 383 769 414 ancillam
784 383 900 423 habeat,
918 392 994 423 quae.

176 429 246 470 quia
258 429 396 460 dominus
410 437 526 459 servum
542 436 714 468 comparare
730 437 788 458 non
804 432 995 468 potest,scor-

129 471 132 473 λ
177 478 254 504 tetur
269 473 418 504 similiter.
435 472 506 503 Peto
517 477 546 502 et
563 482 609 502 me
624 477 701 502 tuam
713 471 930 503 institutionem
946 471 997 501 do-

176 527 245 549 ceas
259 524 284 554 κ,
301 521 330 548 et
344 526 410 557 quae
423 517 460 547 sit
473 516 574 547 talium
592 516 727 557 medela;
758 521 786 547 et
802 526 837 547 an
854 515 994 552 dominis,

176 562 226 603 qui
238 566 302 603 post
313 560 600 601 Ecclesiaajudicium
610 570 667 591 non
678 560 996 593 emendantur,oll'erre

175 606 235 637 Deo
252 615 359 636 munus
374 605 488 643 sitias;
517 609 547 636 et
572 614 611 636 an
626 605 714 636 liceat
727 605 874 636 sacerdoti
889 605 995 635 horum

175 660 299 682 munera
312 650 450 690 accipere
463 659 470 681 :
485 649 622 687 maxime,
635 659 702 680 cum
717 654 880 681 scortantes
892 649 996 680 mulie—

173 704 223 727 res
237 695 399 726 oblationes
413 694 667 726 fermentaverint.

172 794 360 834 Responsum
388 793 520 834 episcopi
561 792 845 834 Thessalonicensis,
875 792 994 823 domini

426 832 539 864 Nicetae
554 832 731 871 Mitylena'i.

212 886 285 923 Quis
299 890 342 923 tu,
359 885 466 924 amice,
483 885 534 924 qui
548 885 611 916 hanc
627 885 713 924 longo
725 895 761 916 ex
777 884 933 916 intervallo
949 884 993 915 in-

172 935 317 970 terrogas,
333 929 456 966 nescio;
477 931 528 970 qui
543 939 598 960 nec
614 933 642 960 te
671 929 806 966 viderim,
826 938 880 960 nec
894 933 991 960 tecum

170 975 227 1006 sim
242 975 414 1006 collocutus.
441 973 512 1010 Quae
536 978 634 1004 autem
651 978 750 1004 errata
766 973 992 1014 comprehendit

170 1019 331 1050 admonitio
347 1025 397 1050 tua
409 1019 434 1059 δ,
450 1017 619 1049 necessario
628 1018 801 1058 corrigenda
810 1022 990 1058 sunt,tuam-

169 1073 227 1104 que
242 1064 278 1094 de
294 1063 599 1100 iisinterrogationcm
610 1063 863 1102 accipioJ’eccata
873 1071 988 1101 eorum,

166 1107 217 1149 qui
232 1107 360 1139 dominis
374 1107 549 1144 inserviunt,
567 1107 629 1138 sive
641 1107 718 1138 servi
734 1107 802 1144 sint,
816 1106 876 1137 sive
889 1106 986 1147 liberi,

167 1157 195 1184 et
210 1152 306 1193 potius
321 1152 462 1189 servi,aut
477 1151 598 1182 omnino
613 1150 765 1182 constituti
782 1151 811 1181 in
828 1155 986 1192 potestate,

166 1197 196 1228 in
210 1197 348 1227 dominos
363 1201 370 1222 ι
384 1196 586 1233 conferuntur,
611 1195 636 1226 si
651 1205 753 1226 eorum
771 1196 986 1227 correctionem

166 1241 247 1272 nullo
259 1242 346 1272 modo
357 1240 512 1271 curent.Et
524 1241 678 1281 siquidem
692 1240 748 1270 sint
763 1240 987 1277 latentia,ratio-

167 1295 234 1316 nem
250 1285 311 1316 Deo
323 1284 569 1325 reddet,quil‘ecit
582 1294 588 1314 :
603 1287 647 1315 sin
661 1289 757 1315 autem
769 1289 986 1325 aperta,pater-

165 1330 291 1362 familias
301 1330 366 1372 ipse
379 1339 386 1361 :
399 1330 449 1370 qui
461 1330 549 1360 etiam
557 1329 824 1361 ecclesizelocihazc
835 1329 986 1361 declarare

164 1378 294 1412 tenetur,
311 1378 342 1405 ut
355 1374 523 1415 episcopus,
542 1378 569 1405 et
585 1374 636 1414 qui
651 1373 711 1404 illic
723 1379 791 1404 sunt
801 1376 983 1413 sacerdotes,

164 1427 198 1449 ac
210 1418 399 1458 monachi,de
408 1427 512 1449 eorum
523 1419 710 1449 correctione
719 1418 984 1458 disceptent.Tunc

164 1462 245 1511 enim
261 1463 472 1511 paterfamilias
484 1462 513 1511 si
528 1462 649 1511 quidem
664 1462 831 1511 admonitus
842 1462 985 1511 id‘neglc-
994 1485 1014 1511 ε

164 1507 252 1547 xerit,
269 1516 324 1537 nec
337 1506 442 1538 fecerit
455 1507 492 1537 ad
504 1507 900 1546 emendationem,quidquid
912 1507 940 1537 in
952 1517 985 1539 se

164 1556 219 1588 est,
236 1551 437 1591 increpandus
465 1555 511 1581 est
534 1559 586 1590 pro
601 1550 647 1582 sui
662 1551 775 1581 ordinis
789 1551 938 1591 qualitate,
956 1556 985 1582 et

163 1595 431 1626 exterminandusi.
444 1596 516 1626 Cum
529 1594 617 1634 igitur
629 1594 705 1625 servi
721 1598 749 1625 et
757 1595 872 1626 ancillae
883 1596 984 1635 cujus-

163 1639 240 1679 piam
248 1643 460 1679 scortantur,et
468 1644 589 1679 accepta
600 1638 664 1679 ejus
672 1639 915 1670 notitiadominos
926 1649 985 1671 non

162 1688 282 1715 coercet
293 1684 353 1714 ullo
371 1683 458 1714 modo
468 1683 525 1714 tale
536 1688 700 1724 peccatum,
714 1692 769 1714 nec
778 1684 924 1723 permittit
934 1694 985 1716 eos

162 1727 400 1759 benedictionem
408 1728 557 1768 accipere:
569 1727 986 1768 excommunicationedignus

162 1777 217 1811 est,
218 1772 302 1813 juxta
311 1781 412 1803 sacros
424 1776 452 1804 et
464 1772 578 1803 divinos
589 1773 983 1812 canones,quemadmodum

162 1821 190 1847 tu
206 1817 350 1857 exquisite
365 1816 570 1848 considerasti.
589 1816 663 1847 Illud
681 1821 778 1847 autem
794 1816 903 1848 fruatra
919 1819 982 1848 lor-

161 1861 276 1893 midant
290 1860 414 1898 domini,
432 1870 470 1892 ne
485 1861 511 1891 si
539 1861 634 1892 servis
658 1861 851 1901 concedatur,
870 1866 902 1892 ut
916 1871 983 1892 cum

160 1905 299 1945 legitimis
309 1905 449 1936 UXOI‘IbUS
456 1906 548 1936 sacris
558 1905 772 1936 benedicantur
780 1906 984 1945 precibus,aut

159 1951 275 1981 ancillae
289 1959 356 1981 cum
369 1949 450 1991 viris,
467 1959 535 1981 suos
546 1959 649 1981 servos
661 1950 797 1981 amittant
810 1959 817 1981 ε
831 1950 917 1990 quasi
932 1960 982 1982 sa-

159 2003 275 2026 crarum
293 2003 414 2035 precum
427 1995 562 2026 recitatio
578 2004 629 2026 eos
644 1994 673 2025 in
690 1994 855 2026 libertatem
871 1995 976 2035 rapiat.

159 2038 240 2070 Hanc
249 2039 328 2070 enim
335 2038 525 2070 formidinem
535 2039 659 2079 inclytus
666 2039 979 2079 imperator,dominus

158 2083 278 2114 Alexius
288 2083 418 2124 sustulit,
436 2093 488 2124 per
503 2084 659 2122 novellam,
674 2092 762 2124 quam
775 2083 864 2114 etiam
876 2083 980 2115 Eccle-

159 2127 211 2158 siae
220 2128 448 2168 receperunt.Et
457 2128 659 2168 reliquum,ne
671 2132 840 2158 scortentur
851 2129 873 2162 ιι,
891 2138 979 2159 rece-
992 2136 1012 2160 D

158 2175 240 2212 ptum
256 2177 313 2213 est,
329 2176 362 2203 ut
389 2181 473 2204 sacra
499 2173 671 2214 precatione
686 2172 810 2203 serviles
825 2173 982 2204 initientur

158 2225 301 2256 personae.
333 2216 501 2257 iterumque
530 2217 561 2248 in
585 2217 732 2248 servitute
756 2222 905 2249 maneant.
920 2217 982 2249 Nec

157 2260 247 2292 ullam
265 2270 383 2292 causam
416 2261 527 2293 habent
554 2261 679 2297 domini,
711 2261 782 2301 quin
798 2271 867 2293 suos
882 2271 982 2293 servos

155 2306 248 2337 servis
259 2306 481 2347 mulieribus,et
493 2306 615 2337 ancillas
627 2305 720 2337 servis
731 2305 813 2347 viris,
823 2316 889 2338 cum
899 2316 982 2338 sacra

157 2351 327 2391 precatione
343 2351 476 2391 legitime
485 2349 764 2392 conjungant.Quod
776 2351 832 2382 nisi
842 2352 977 2390 fecerint,

155 2395 308 2427 canonicis
324 2395 444 2429 obnoxii
454 2400 523 2427 sunt
535 2396 640 2436 poenis,
659 2395 956 2428 exterminationibus
973 2397 978 2414 '

154 2439 304 2481 videlicet,
323 2444 352 2471 et
367 2440 736 2472 excommunicationibus.
753 2441 861 2472 Eorum
877 2446 976 2472 autem

155 2493 253 2525 neque
268 2484 434 2516 oblationes
459 2485 653 2526 accipiendae,
667 2484 764 2516 donec
779 2485 976 2525 corrigantur.

817 2565 942 2598 VARUE
962 2567 1010 2599 LE

1004 845 1023 870 Β

864 136 930 170 JUS
949 134 1174 169 CANONICUM

1784 127 1868 162 ιοοο

1081 197 1145 232 “En
1166 202 1258 241 δέομαι
1287 203 1382 241 μαθεῖν
1403 202 1474 242 παρὰ
1500 203 1551 234 τῆς
1578 200 1740 239 ἁγιωσύνης,
1763 209 1823 235 σου,
1841 200 1868 228 τί

1038 247 1135 287 όψείλω
1155 251 1266 281 ποιῆσαι
1289 248 1326 280 εἷς
1346 247 1407 278 τοὺς
1429 247 1494 286 πρὸς
1525 245 1571 274 ἕνα
1601 244 1715 285 ἔχοντας
1743 243 1866 287 οἰκέτην,

1040 286 1069 321 ιΟ
1094 293 1143 331 μὲν
1169 293 1218 332 γὰρ
1247 292 1305 332 ἕχει
1327 292 1373 320 ἕνα
1397 291 1500 331 δοελον,
1521 301 1566 328 και
1587 291 1626 327 μὴ
1647 288 1790 326 δυνάμενος
1813 286 1868 332 ,ἰξ-

1038 338 1190 372 ωνήσασθαι
1204 331 1236 362 95
1256 331 1300 365 καὶ
1325 335 1432 371 δούλην,
1460 336 1579 375 πορνεύει
1594 336 1608 363 6
1622 333 1714 365 δοῦλος
1726 331 1867 361 ἀπολελυο

1038 381 1117 419 μένος
1132 380 1162 406 ”
1182 381 1231 414 ἔξω
1249 391 1256 399 ·
1284 383 1298 410 6
1325 380 1352 409 δὲ
1381 379 1489 420 δούλην,
1509 381 1554 408 καὶ
1582 379 1622 416 μὴ
1636 377 1778 416 δυνάμενος
1794 377 1868 411 ὡνήρ

1038 427 1130 454 σασθαι
1160 427 1203 454 κῑὶ
1224 425 1326 463 δοῦλον,
1349 419 1542 463 πορνεύειγκαὶ
1570 423 1637 456 αὑτὴ
1664 422 1778 460 ὁμοίως.
1809 419 1867 449 Καὶ

1037 470 1102 498 αἷτῶ
1116 472 1211 507 μαθεῖν
1225 471 1274 504 τὴν
1290 470 1340 503 σὴν
1369 469 1531 506 οἰκονομίαν,
1553 468 1598 496 καὶ
1623 467 1662 498 τίς
1683 468 1702 500 ἡ
1736 465 1866 505 Θεραπεία

1036 517 1090 542 τῶν
1111 515 1236 543 τοιούτων
1254 523 1261 530 ⁸
1290 515 1334 543 καὶ
1354 515 1377 542 εί
1398 513 1468 547 ἄξιόν
1495 513 1550 541 ἐστι
1578 513 1638 544 τοὺς
1669 510 1801 541 δεσπότας
1815 509 1867 538 αὖ·

1036 559 1090 587 τῶν
1119 560 1186 596 μετὰ
1214 561 1264 592 τὴν
1292 560 1376 598 κρίσιν
1396 561 1445 593 τῆς
1467 558 1626 591 ἘκκΑησίας
1661 557 1700 594 μὴ
1723 556 1866 589 ποιήσαν-

1036 614 1084 635 τας
1112 603 1258 643 διόρθωσιν,
1291 604 1445 644 προσφέρειν
1473 603 1554 642 δῶρον
1582 605 1621 639 τῷ
1648 603 1706 638 Θεῷ
1722 608 1730 615 ⁵
1761 600 1807 627 καὶ
1843 599 1866 626 εἶ

1037 647 1172 688 ἐνδέχεται
1201 650 1247 677 τὸν
1274 648 1344 688 ἱερέα
1373 648 1497 688 δέχεσθαι
1522 647 1555 676 τὰ
1576 646 1676 674 τούτων
1705 643 1788 683 δῶρα,
1817 644 1866 672 καὶ

1036 692 1162 731 μάλιστα,
1193 692 1237 721 ὅτε
1263 694 1290 721 αἱ
1321 693 1491 733 πορνεύουσαι
1519 692 1565 723 τὰς
1588 690 1738 730 προσφορᾶς
1767 688 1866 726 ζυμώ-

1035 748 1108 765 σουσι
1113 761 1120 768 ,

1038 800 1053 820 (
1070 791 1150 822 Λύσις
1169 791 1216 819 τοῦ
1235 790 1441 827 Θεσσαλονίκης,
1557 789 1660 824 Nimim
1674 791 1721 817 τοῦ
1735 786 1864 820 Μιτυλη-

1381 831 1464 860 ναίου,
1490 842 1503 857 ι

1073 883 1118 914 Τίς
1140 882 1189 920 μὲν
1217 882 1256 920 εἷ,
1279 882 1395 921 ἄθρωπε,
1424 881 1524 921 ἆγνοιῖι,
1552 882 1566 910 6
1591 884 1673 909 ταῦτα
1701 880 1861 919 ἐπερωτῶν,

1033 927 1063 955 ἐκ
1090 930 1191 966 μακροῦ
1219 926 1410 964 διαστήματος,
1449 927 1517 964 μήτε
1547 926 1608 954 ἰδών
1636 935 1678 962 σε,
1712 925 1783 963 μήτε
1811 926 1861 952 ἱν-

1032 971 1121 1011 τυχών
1137 981 1177 999 σοι
1195 980 1202 988 ⁸
1233 970 1258 1003 ἒξ
1287 971 1406 1009 ἀναγκης
1428 969 1466 1007 δὲ,
1496 971 1513 998 ἆ
1541 968 1713 1008 διαλαμϐάνει
1750 970 1767 1002 ἡ
1794 968 1863 996 ὑπό-

1033 1016 1128 1054 μνησίς
1162 1026 1212 1044 σου
1238 1015 1391 1055 σφάλματα,
1420 1015 1560 1055 διορθωτέα
1579 1015 1638 1046 εἰσί.
1671 1014 1720 1043 Καὶ
1754 1012 1859 1042 ἀποδέ-

1031 1060 1116 1100 χομαί
1137 1071 1184 1089 σου
1211 1060 1261 1094 τὴν
1282 1061 1340 1099 περὶ
1369 1059 1467 1088 τούτων
1496 1059 1635 1099 ἐρώτησιν,
1668 1057 1709 1086 ὅτι
1723 1059 1756 1086 τὰ
1770 1059 1859 1096 ἆμαρ-

1030 1105 1136 1142 τήματα
1158 1106 1210 1132 τῶν
1231 1105 1428 1144 ὑπηρετούντων
1444 1111 1502 1137 τοῖς
1525 1103 1674 1140 δεσπόταις,
1706 1102 1763 1130 εἴτε
1792 1101 1858 1130 δοῦ-

1029 1144 1071 1173 λοί
1085 1146 1148 1173 εἰσιν
1165 1145 1220 1173 εἴτε
1250 1142 1389 1184 ἐλεύθεροι,
1420 1145 1464 1172 καὶ
1493 1144 1594 1182 μᾶλλον
1615 1143 1714 1183 δοῦλοι,
1743 1143 1761 1176 ἢ
1784 1142 1857 1175 ὅλως

1027 1188 1185 1225 ὑπεξούσιοι,
1210 1189 1252 1217 ἐπὶ
1266 1190 1326 1220 τοὺς
1342 1188 1470 1220 δεσπότας
1485 1188 1515 1213 98
1536 1189 1660 1228 φέρονται
1676 1196 1683 1202 ’
1716 1186 1744 1214 εἴ
1765 1197 1797 1225 γε
1813 1187 1856 1224 μὴ

1027 1234 1157 1266 παντοίως
1173 1234 1299 1274 φροντίζει
1313 1233 1343 1258 Ξ9
1369 1237 1418 1267 τῆς
1448 1234 1546 1262 τούτων
1563 1233 1737 1272 διορθώσεως,
1764 1232 1810 1259 καὶ
1832 1232 1855 1258 εἱ

1027 1279 1075 1316 μέν
1091 1279 1154 1306 εἰσιν
1182 1279 1279 1318 ἀφανῆ,
1302 1282 1341 1316 τῷ
1368 1281 1426 1315 Θεῷ
1451 1277 1529 1306 δώσει
1553 1277 1632 1316 λόγον
1661 1278 1675 1305 6
1701 1277 1826 1309 πράττων
1843 1283 1852 1291 ·

1028 1327 1049 1355 εί
1070 1326 1097 1355 δὲ
1120 1328 1229 1367 φανερὰ,
1253 1328 1329 1358 αὐτὸς
1345 1328 1359 1355 6
1381 1327 1591 1360 οἰκοδεσπότης·
1614 1327 1650 1358 ὥς
1678 1326 1723 1354 καὶ
1753 1323 1853 1364 ὀφείλει

1026 1375 1060 1410 τῇ
1089 1373 1156 1400 κατὰ
1182 1372 1265 1400 τόπον
1293 1370 1440 1404 Ἐκκλησία
1478 1376 1559 1400 ταῦτα
1588 1370 1726 1410 φανεροῦν,
1756 1369 1804 1397 ’ἵνα
1839 1370 1854 1396 ὁ

1026 1415 1180 1456 ἐπίσκοπος,
1209 1416 1253 1444 καὶ
1281 1417 1304 1444 οἱ
1331 1415 1419 1444 ἐκεῖσε
1453 1417 1547 1454 ἱερεῖς,
1576 1415 1620 1443 καὶ
1647 1414 1776 1454 μοναχοὶ,
1792 1414 1854 1453 περὶ

1026 1462 1075 1494 τῆς
1111 1461 1210 1489 τούτων
1237 1459 1398 1497 διορθώσεως
1420 1460 1612 1499 ἀγωνίσωνται.
1650 1459 1716 1488 Τότε
1751 1459 1803 1497 γὰρ
1839 1459 1854 1486 ὁ

1026 1504 1226 1542 οἰκοδεσπότης,
1263 1504 1340 1544 εἴπερ
1367 1503 1475 1542 ἐμελοίη
1504 1504 1690 1544 ὑπομνησθεὶς,
1718 1504 1762 1531 καὶ
1790 1503 1856 1542 οὐχὶ

1025 1550 1058 1578 τὰ
1072 1549 1135 1588 παρ’
1157 1550 1236 1578 αὑτοῦ
1263 1550 1348 1578 πάντα
1372 1556 1448 1578 ποιοῖ
1461 1550 1527 1590 πρὸς
1549 1548 1696 1588 διόρθωσιν,
1719 1547 1855 1585 ἐπιτιμη-

1026 1594 1084 1627 τέος
1113 1593 1167 1622 ἐστὶ
1194 1594 1262 1623 κατὰ
1295 1594 1345 1628 τὴν
1374 1595 1453 1622 αὑτοῦ
1487 1593 1570 1630 τάξιν,
1601 1594 1646 1621 καὶ
1681 1592 1852 1632 ἀφοριπέος,

1036 1644 1086 1668 Οτε
1100 1643 1164 1678 γοῦν
1179 1640 1202 1667 οἱ
1216 1638 1302 1667 δοῦλοι
1326 1639 1370 1666 καὶ
1397 1640 1421 1666 οἱ
1441 1637 1554 1670 δικλίδες
1583 1638 1654 1669 τινὸς
1682 1637 1853 1678 πορνεύουσι,

1025 1685 1069 1712 καὶ
1085 1683 1188 1717 εἴδησιν
1216 1682 1357 1722 λαμϐάνων
1385 1685 1399 1712 6
1427 1683 1516 1723 κύριος
1544 1685 1631 1712 αὑτῶν
1657 1682 1687 1710 οὗ
1716 1681 1853 1714 παντοίως

1025 1729 1172 1769 διορθοῦται
1186 1730 1217 1758 τὸ
1231 1734 1349 1759 τοιοῦτον
1384 1729 1542 1768 ἁμάρτημα,
1564 1730 1608 1757 καὶ
1636 1728 1770 1767 ἐπιτρέπει
1798 1730 1852 1758 αὖ·

1024 1781 1083 1807 τοῖς
1115 1776 1164 1808 τὴν
1199 1773 1356 1813 ίερολογίαν,
1393 1774 1538 1814 ἂφορισμοῡ
1572 1775 1644 1802 ἔστιν
1679 1772 1750 1805 ἄξιος
1779 1773 1853 1801 κατὰ

1024 1821 1084 1851 τοὺς
1103 1819 1186 1858 ἱεροὺς
1201 1820 1246 1847 καὶ
1265 1819 1348 1850 θείους
1377 1819 1500 1859 κανόνας,
1522 1819 1607 1851 καθὼς
1630 1819 1706 1849 αὑτὸς
1720 1815 1755 1842 9°
1767 1817 1852 1856 ἠκρι-

1024 1863 1165 1903 ϐολογήσω
1179 1873 1186 1880 ·
1219 1863 1306 1891 ἐκεῖνο
1327 1862 1354 1891 δὲ
1381 1864 1469 1901 μάτην
1496 1863 1669 1891 ὑποπτεύεται
1696 1863 1768 1902 παρὰ
1795 1862 1852 1890 τῶν

1024 1908 1170 1948 δεσποτῶν,
1201 1907 1241 1936 ὅτι
1264 1908 1308 1936 ἐὰν
1335 1910 1547 1948 συγχωρηθῶσιν
1574 1909 1598 1935 οἱ
1626 1906 1712 1935 δοῦλοι
1746 1905 1852 1946 ἱερολο-

1023 1953 1137 1993 γηθῆναι
1174 1953 1241 1990 μετὰ
1283 1956 1412 1991 γυναικῶν
1451 1954 1582 1991 νομίμων,
1622 1952 1641 1986 ἢ
1672 1953 1698 1979 αἱ
1733 1950 1850 1982 δουλίδες

1019 1998 1087 2038 μετὰ
1126 1996 1235 2037 ἀνδρῶν,
1279 1998 1339 2028 τοὺς
1373 1998 1484 2029 οἱκείους
1513 1998 1616 2028 οἰκέτας
1646 1995 1822 2025 ἀπολέσωσιν
1840 2019 1848 2026 ,

1021 2045 1057 2075 ὧς
1086 2044 1134 2076 τῆς
1163 2041 1309 2082 ἱερολογίας
1340 2042 1505 2082 ἁρπαζούσης
1541 2042 1634 2074 αὐτοὺς
1670 2042 1706 2074 είς
1739 2040 1848 2069 ἐλευθε-

1022 2089 1090 2128 ρίαν.
1120 2087 1222 2120 Ταύτην
1254 2086 1304 2125 γὰρ
1329 2087 1379 2120 τὴν
1406 2087 1520 2124 ὑποψίαν
1549 2085 1654 2115 ἀνεῖλεν
1676 2087 1690 2114 6
1725 2084 1848 2122 ἀοίδιμος

1022 2131 1142 2171 βασιλεὺς
1171 2131 1258 2170 κύριος
1285 2131 1318 2156 50
1343 2131 1472 2168 Ἀλέξιος,
1494 2131 1536 2159 διὰ
1556 2134 1668 2171 Νεαρᾶς,
1691 2131 1725 2163 ἢν
1745 2131 1790 2158 καὶ
1821 2131 1847 2158 αἱ

1021 2175 1179 2209 Ἐκκλησίαι
1200 2175 1318 2208 ὲδέξαντο
1335 2183 1341 2190 ”
1364 2177 1408 2204 καὶ
1436 2176 1542 2215 λοιπὸν,
1576 2175 1623 2204 ἵνα
1645 2177 1683 2214 μὴ
1712 2175 1846 2214 πορνεύω-

1023 2233 1063 2250 σιν
1079 2221 1120 2258 3‘,
1143 2220 1239 2261 ἐδέχθη
1261 2222 1292 2248 τὸ
1316 2220 1506 2260 ἱερολογεϊσθαι
1527 2222 1561 2249 τὰ
1573 2219 1680 2249 δουλικὰ
1700 2220 1848 2260 πρόσωπα,

1021 2267 1065 2294 καὶ
1094 2265 1180 2304 μένειν
1209 2264 1289 2293 πάλιν
1324 2266 1375 2293 ὑπὸ
1409 2266 1458 2299 τὴν
1489 2265 1618 2295 δουλείαν.
1649 2265 1698 2294 Καὶ
1723 2263 1848 2302 οὗδεμίαν

1023 2310 1131 2350 ἔχουσιν
1165 2311 1188 2338 οἱ
1223 2308 1348 2338 δεσπόται
1380 2311 1508 2350 πρόφασιν
1548 2312 1584 2344 εἷς
1612 2311 1643 2338 τὸ
1679 2309 1848 2349 συζευγνύειν

1021 2356 1080 2387 τοὺς
1095 2355 1204 2386 οἰκείους
1225 2353 1330 2387 δούλους
1346 2356 1464 2393 νομίμως
1477 2362 1538 2387 ταῖς
1563 2355 1660 2384 δουλίσι
1673 2353 1706 2379 52
1730 2353 1846 2394 γυναιξὶ,

1019 2400 1063 2428 καὶ
1094 2400 1142 2431 τὰς
1176 2397 1292 2430 δοολίδας
1327 2399 1433 2440 ἀνδράσι
1459 2399 1560 2431 δούλοις
1590 2400 1657 2437 μετὰ
1684 2397 1847 2439 ἱερολογίας,

1020 2444 1069 2472 Καὶ
1090 2443 1164 2476 εἰμὴ
1177 2447 1253 2472 τοῦτο
1281 2447 1412 2481 ποιοῦσιν,
1437 2444 1574 2473 ὑπεύθυνοί
1601 2445 1650 2472 εἰσι
1676 2448 1735 2474 τοῖς
1765 2453 1848 2471 ravo-

1019 2494 1103 2521 νικοῐς
1124 2488 1277 2526 ἐπιτιμίοις,
1305 2488 1388 2528 ἤγουν
1409 2488 1568 2530 ὰφορισμοῖς
1589 2489 1633 2517 καὶ
1660 2487 1848 2521 ἆποκοινωνη-

1013 2566 1181 2599 CTIONES.

193 2619 223 2646 Β
237 2620 276 2659 μὴ
290 2619 434 2659 δυναμένου
453 2626 501 2651 τοῦ
521 2620 647 2650 δεσπότου
662 2620 739 2654 ἕξων.
780 2619 810 2645 ’Β
824 2620 1039 2660 ἀπολελυμένως.
1081 2620 1112 2645 27
1135 2619 1278 2660 δυναμένου
1298 2622 1449 2657 ὠνήσασθαι
1475 2623 1520 2651 καὶ
1534 2621 1625 2651 δοῦλοι)
1639 2606 1686 2651 τοῦ
1700 2620 1845 2654 δεσπότου,

138 2659 182 2685 38
195 2660 237 2689 ἐπὶ
257 2662 317 2693 τοὺς
333 2660 529 2694 οἰκοδεσπόεας.

149 2699 182 2727 ⁸³
193 2707 253 2734 ταῖς
274 2700 389 2734 δούλαις.

190 2760 205 2781 ι
223 2762 405 2795 cognoscere
419 2756 508 2796 cupio
523 2755 684 2787 consilium
698 2758 794 2787 tuum.
818 2755 832 2776 ιι
845 2756 1007 2795 suggeslio.

151 2803 190 2827 ne
203 2803 282 2826 servi
301 2799 484 2828 scortentur.
508 2796 514 2816 ¹
533 2796 806 2836 segregatiombus.

571 2661 604 2686 Ὦ
617 2662 756 2702 φροντίζοι.
799 2661 842 2686 29⁸
858 2662 943 2694 καθὼς
964 2663 1008 2690 καὶ

1027 2661 1116 2694 ὠτός.
1158 2661 1192 2686 ³ο
1210 2661 1299 2701 κῦρος.
1340 2662 1367 2687 δ¹
1395 2662 1443 2692 ἵνα
1470 2663 1510 2702 μὴ
1523 2663 1686 2702 πορνιύωσιν
1702 2663 1726 2691 οἱ
1741 2661 1842 2693 δοῦλοι.

1071 2764 1094 2787 n
1114 2757 1216 2795 patres
1241 2754 1393 2795 familias.
1419 2757 1659 2798 Hegi-egentius.
1681 2756 1696 2778 ι
1709 2755 1843 2797 Ideoque
