1946 3080
65 123 140 155 1001

752 119 1092 153 GREGO—ROMANUM

1678 117 1758 150 1002

65 191 144 223 σίαις.
177 192 233 220 Τῶν
267 190 295 219 δὲ
320 190 444 218 τοιούτων
472 189 528 218 οὐδὲ
557 191 583 217 αἱ
618 189 761 228 προσφοραὶ
783 187 882 223 δεκταὶ,

972 186 989 217 d
1007 190 1035 218 et
1049 186 1142 227 quiad
1149 195 1184 218 ea
1193 185 1378 218 observanda
1387 185 1759 227 emendandaque-depu-

69 236 117 268 ἕως
143 235 172 264 ἂν
202 235 404 275 διορθώσωνται,
436 234 511 263 Ἀλλ’
533 234 576 262 καὶ
598 235 621 262 οἱ
643 233 844 272 ἐπιτεταγμένοι
857 232 889 257 53

67 280 202 319 ἐπιτηρεῖν
233 280 266 308 τὰ
291 283 410 320 τοιαῦτα,
447 280 490 308 καὶ
516 278 641 318 διορθοῦν,
672 279 693 306 εἰ
719 277 757 315 μὴ
786 281 887 306 τοιοῦτο

65 329 180 365 ποιοῦσι,
216 325 259 352 καὶ
294 324 366 353 αὐτοὶ
394 331 452 356 τοῖς
486 325 572 363 ἱεροῖς
611 322 719 351 κανόσιν
755 322 887 350 ὑπεύθυνοι

66 370 191 407 γίνονται.
208 369 238 398 Ei
262 368 289 396 δέ
317 380 357 401 τις
386 368 493 407 εὐπορεῖ
521 368 579 399 ἐνὸς
600 366 692 395 δούλου
721 367 739 400 ἢ
761 365 886 402 δουλίδος,

66 414 162 452 ἀπορεῖ
189 412 216 441 δὲ
246 412 334 452 ἕτερον
359 413 516 448 κτήσασθαι,
549 412 614 450 πρὸς
642 412 672 439 τὸ
694 410 810 446 συζεῦξαι
839 410 885 438 αὖ·

66 459 138 495 τοὺς,
156 459 198 486 καὶ
214 456 255 486 διὰ
269 461 346 486 τοῦτο
360 456 485 497 ἀνέχεται
501 458 529 485 ὃν
544 455 603 496 ἔχει
617 456 649 480 56
674 456 725 483 ὑπὸ
753 456 801 488 τήν
823 453 886 482 ἰδίαν

66 501 192 539 ἐξουσίαν,
222 500 291 530 ἴστω
320 502 356 533 ὡς
392 501 468 529 τοῦτο
490 503 537 530 οὒκ
565 499 686 529 ἐκϐάλλει
717 499 809 530 αὖτοὺς
838 500 887 532 τῆς

67 545 288 580 ἐμλησιαστικῆς
325 547 369 574 καὶ
408 548 548 578 κανονικῆς
584 545 764 582 ἐπιτιμήσεως
783 554 789 560 ·
820 542 887 571 ἀλλά

65 592 108 619 καὶ
137 591 215 623 αὐτὸς
245 591 374 623 παντοίως
403 590 568 619 αἰτείσθωδῦ
595 588 692 622 διδάξαι
722 590 768 617 τὸν
788 589 887 617 οἰκεῖον

65 634 169 668 οἰκέτην
191 642 348 675 σωφρονεῖν,
371 635 389 669 ἢ
415 634 530 662 κωλύσαι
545 633 577 659 56
611 634 660 667 τὴν
697 633 817 672 πορνείαν
847 632 888 660 διὰ

65 679 160 718 τρόπου
175 681 285 716 παντὸς,
301 680 380 719 γάμῷ
395 679 467 712 ὅπως
476 679 574 714 δήποτε
586 677 706 714 συζεύξας
717 679 747 705 τὸ
763 681 888 717 πορνεῠον

65 724 205 763 πρόσωπον
222 731 229 739 ⁸
246 725 289 752 καὶ
312 724 393 756 οὕτως
415 723 485 752 ἔστω
501 724 636 756 ἀνεύθυνος
651 722 693 754 57.

107 764 137 796 Ἦ
172 769 311 809 ὺπογραφή
329 778 335 785 ·
382 764 410 797 ’0
449 768 648 807 μητροπολίτης
692 767 886 801 Θεσσαλονίκης

68 814 196 848 Νικήτας,

70 881 80 898 ι
99 869 261 910 ’βρωτήσεις
284 871 326 898 καὶ
348 870 497 910 ἀποκρίσεις
519 869 647 910 διάφοροι,
663 870 802 909 γενόμεναι
816 870 887 909 παρὰ

104 909 235 950 διαφόρων
258 910 402 950 ἀρχιερέων
420 909 495 950 πρὸς
524 909 573 938 τὸν
597 910 786 950 χαρτοφύλακα
799 910 887 949 κύριον

105 949 236 990 Νικῆταν,
258 949 302 978 τὸν
318 950 445 990 γεγονότα
461 949 668 990 ἂρχιεπίσκοπον
682 949 731 984 τῆς
747 949 887 989 μητροπό-

105 989 172 1022 λεως
196 989 390 1024 Θεσσαλονίκης
396 1011 402 1019 .
421 1003 435 1018 ι

103 1041 251 1082 Ἐρώτησις
285 1042 389 1081 πρώτη,
420 1036 546 1074 Διάκονος
573 1041 738 1082 ὀφφικιάλιος
754 1041 888 1079 ἱκατηγο-

68 1088 166 1126 ρηθεὶς,
191 1086 230 1115 ὅτι
266 1086 404 1127 προέδωκε
427 1098 451 1114 τι
481 1087 604 1120 ἀκίνητον
634 1089 682 1119 τῆς
716 1085 888 1124 Ἐκκλησίας,

67 1131 214 1169 ἐπετιμήθη
250 1132 321 1170 παρὰ
355 1132 401 1160 τοῦ
429 1131 622 1170 μητροπολίτου
638 1133 645 1147 ‘
678 1130 846 1164 ἐτελεύτησεν
875 1132 888 1158 ὁ

65 1175 275 1215 μητροπολίτης,
291 1175 369 1209 ἦλθεν
384 1177 398 1203 ὁ
413 1174 514 1215 ἕτερος,
543 1176 586 1203 καὶ
615 1174 688 1203 εἴασε
716 1179 807 1203 τοῦτον
832 1175 887 1202 ἐπι-

64 1220 241 1258 τετιμηυιένον
258 1228 265 1234 ·
296 1221 339 1248 καὶ
365 1220 459 1260 ἐρωτῶ
474 1221 496 1248 εἰ
510 1219 617 1248 δυνατόν
643 1219 697 1248 ἐστι
718 1223 810 1248 τουςον
838 1218 886 1246 λυ-

64 1266 142 1298 θῆναι
157 1263 222 1304 παρ’
243 1265 319 1303 ἡμῶν
336 1268 381 1293 τοῦ
403 1265 547 1302 ἐπιτιμίου,

103 1303 250 1349 Ἐρώτησις
286 1303 322 1347 β’.
363 1309 507 1349 Κληρικὸς,
547 1308 634 1337 λαϐὼν
676 1315 800 1347 γυναῖκα,
844 1308 887 1335 καὶ

65 1354 296 1392 μνηστευσάμενος
313 1354 406 1391 αὐτὴν,
422 1354 465 1382 καὶ
487 1354 533 1385 τὰς
557 1354 638 1393 εὐχὰς
666 1353 713 1387 τῆς
744 1352 886 1390 μνηστείας

63 1399 214 1439 δεξάμενος,
238 1400 389 1439 συνεγένετο
421 1400 504 1433 ταύτη
547 1399 615 1427 Εἶτα
643 1399 832 1439 ἐχειροτονήθη
854 1399 890 1425 ἱε-

63 1445 130 1483 ρεὺς,
161 1444 273 1479 ἐλπίζων
303 1443 343 1471 ὅτι
371 1445 396 1472 αἱ
422 1445 498 1484 εὐχαὶ
527 1446 576 1477 τῆς
606 1444 746 1481 μνηστείας
770 1442 890 1481 ἀρκοῦσιν

931 233 980 263 tati
995 236 1064 263 sunt
1079 233 1166 272 n,nisi
1177 232 1207 263 id
1219 232 1455 270 fecerint,sacris
1467 232 1758 264 canonibusobnoxii

933 281 1031 308 erunt.
1050 277 1134 314 Quod
1151 277 1175 307 si
1204 278 1250 308 cui
1279 277 1316 308 sit
1343 277 1466 308 facultas
1494 277 1625 308 habendi
1639 287 1757 309 servum

929 332 1033 359 unum,
1052 322 1097 352 vel
1113 322 1264 360 ancillam,
1281 321 1360 352 desit
1375 325 1473 352 autem
1494 321 1621 354 fucultas
1635 322 1758 354 alterius

929 368 1230 407 comparamli,uteos
1240 367 1400 406 conjungat
1417 371 1459 407 ,et
1471 366 1544 397 obid
1553 367 1721 407 indulgetei
1731 375 1754 406 ο,

929 421 1016 452 quem
1033 412 1062 442 in
1079 421 1132 443 sua
1147 415 1291 452 potestate
1306 411 1412 442 habet:
1441 411 1514 441 sciat
1528 411 1609 451 ipsos
1618 421 1678 443 non
1688 413 1755 444 ideo

929 456 1048 487 liberari
1059 457 1095 487 ab
1107 456 1309 488 ecclesiastica
1321 460 1349 486 et
1360 455 1504 486 canonica
1515 456 1714 488 censura.Sed
1727 461 1756 488 et

928 501 993 541 ipse
1004 511 1050 532 om
1057 501 1125 532 nino
1140 505 1257 532 tenetur
1263 501 1371 531 docere
1378 509 1495 531 servum
1504 509 1589 531 suum
1596 501 1756 532 continen-

928 549 974 576 ter
987 550 1139 585 agere,aut
1150 546 1230 576 omni
1243 545 1330 576 modo
1342 544 1550 576 scortationem
1560 545 1719 584 prohibere
1730 557 1753 585 ρ,

931 590 1040 629 nuptiis
1071 595 1220 631 utcunque
1246 590 1430 630 conjungens
1447 593 1628 621 scortantem
1646 599 1754 631 perso-

930 643 997 665 nam
1011 645 1019 675 ;
1036 638 1123 675 atque
1138 635 1178 666 ita
1193 638 1276 666 extra
1291 634 1407 675 culpam
1423 637 1486 664 esto
1500 639 1524 665 α.

969 773 1151 814 Subscriptio
1169 783 1175 805 :
1193 773 1326 814 Nicetasj
1337 773 1584 814 metropolitanus
1597 773 1756 806 Thessalo-

897 839 916 863 Β
928 818 1011 849 ηὶεεο.

928 872 1182 914 Inter-rogationes
1198 877 1225 904 et
1239 873 1447 914 responsiones
1468 873 1607 914 diversae,
1623 883 1642 904 α
1659 875 1755 906 variis

971 912 1157 944 antistitibus
1171 914 1262 952 facta:
1276 912 1316 944 od
1344 913 1498 944 dominum
1512 912 1652 944 Nicetam
1667 914 1756 946 char-

970 953 1169 996 tgphqucem,
1186 955 1242 992 qui
1253 954 1314 992 fuit
1328 953 1574 993 archiepiscopus
1584 955 1756 996 metropoli:

974 993 1206 1025 Thessalonices.

972 1043 1175 1082 Interrogatio
1189 1043 1304 1082 prima.
1334 1041 1484 1073 Diaconus
1499 1042 1646 1081 ofﬁcialis,
1662 1053 1751 1076 accu-

931 1092 1021 1127 satus,
1038 1087 1115 1128 quod
1147 1096 1199 1127 per
1224 1087 1417 1117 collusionem
1447 1086 1580 1118 amiserit
1606 1097 1669 1118 rem
1695 1089 1752 1120 Ec-

931 1131 1369 1172 clesizeimmobilem,censurae
1380 1131 1590 1163 ecclesiasticae
1601 1132 1754 1173 subjectus

931 1181 976 1208 est
990 1187 1007 1208 a
1022 1176 1248 1216 metropolitano
1267 1187 1273 1207 :
1291 1175 1363 1206 obiit
1379 1176 1754 1216 metropolitanus,succes-

930 1221 967 1252 sit
982 1221 1068 1258 alius,
1087 1221 1136 1261 qui
1152 1229 1218 1251 eum
1236 1221 1264 1251 in
1293 1220 1391 1260 poenis
1407 1229 1472 1251 esse
1487 1221 1562 1251 sivit.
1581 1221 1698 1264 Quaero,
1715 1233 1753 1255 an

930 1266 978 1297 hic
993 1275 1009 1297 a
1026 1265 1112 1296 nobis
1128 1275 1211 1306 paena
1225 1265 1337 1296 absolvi
1356 1265 1459 1305 possit.

970 1310 1082 1342 Interr.
1100 1310 1130 1341 2.
1148 1309 1278 1341 Clericus
1289 1319 1412 1340 uxorem
1431 1309 1555 1348 ducens,
1582 1312 1753 1351 precatione

932 1359 1043 1386 tantum
1068 1355 1285 1396 sponsaliorum
1313 1357 1460 1394 suscepta,
1478 1363 1543 1385 cum
1561 1364 1596 1386 ea
1610 1365 1752 1396 congres—

931 1409 980 1431 sus
1005 1403 1049 1430 est
1078 1409 1085 1431 :
1110 1399 1219 1431 deinde
1248 1404 1364 1430 creatus
1388 1402 1433 1429 est
1458 1399 1610 1437 sacerdos,
1628 1402 1754 1433 credens

931 1444 1146 1485 sponsaliorum
1175 1453 1278 1484 preces
1307 1443 1344 1474 ad
1374 1442 1492 1483 nuptias
1520 1444 1668 1483 sufﬁcere,
1686 1456 1753 1477 cum

67 1489 101 1520 εἰς
132 1489 232 1528 γάμον,
254 1487 409 1527 ἀγνοοῦντος
438 1489 482 1517 κοὶ
509 1492 553 1516 τού
581 1487 738 1528 ἀρχιερέως,
755 1486 809 1527 ,ὅτι
842 1488 886 1515 οὒκ

970 1490 1050 1520 tistes
1075 1489 1226 1528 ignoraret
1255 1488 1399 1528 perfectas
1426 1488 1542 1527 nuptias
1570 1499 1630 1520 non
1661 1490 1753 1522 fuisse

66 1533 170 1570 ἐγένετο
191 1531 290 1564 τέλειος
324 1533 420 1571 γάμος.
453 1533 526 1561 Μετὰ
554 1537 630 1561 τοῦτο
664 1531 741 1560 ἔλαϐε
770 1533 813 1560 καὶ
841 1532 887 1563 τὰς

65 1576 144 1615 εὐχὰς
161 1580 207 1604 τοῦ
222 1575 308 1614 γάμου
325 1585 332 1594 '
363 1577 406 1604 καὶ
434 1577 524 1616 ἐρωτῶ
553 1577 575 1604 εἰ
602 1576 700 1616 ὀφείλει
729 1576 886 1615 ἱερουργεῖν,

64 1619 81 1652 ἢ
101 1622 195 1653 στῆναι
221 1619 257 1644 '58
293 1622 341 1654 τῆς
372 1621 526 1661 ἱερουργίας,
553 1621 571 1654 ἢ
607 1621 794 1658 ἐπιτιμηθῆναι
813 1620 887 1659 ,πρὸς

68 1665 168 1702 καιρόν.

104 1709 250 1749 Ἐρώτησις
285 1705 323 1749 γ’.
361 1706 389 1740 “Ο
426 1709 675 1751 δευτερογαμήσας”’
694 1710 836 1742 δεπότατος
865 1711 887 1738 εὶ

65 1754 161 1794 ὀφείλει
193 1754 219 1782 ἐν
247 1759 286 1793 τῷ
311 1758 395 1795 καιρῷ
420 1758 469 1789 τῆς
505 1755 604 1784 εἰσόδου
639 1755 824 1785 συνεισοδεύειν
849 1758 887 1792 τῷ

65 1799 195 1839 ἀρχιερεῖ.

107 1843 260 1884 Ἀπόκρισις
290 1845 395 1884 πρώτη.
428 1841 456 1874 Ὀ
498 1845 702 1884 κατηγορηθεὶς,
745 1845 801 1873 εἴτε
843 1845 886 1873 καὶ

67 1888 172 1925 ἁπλῶς,
188 1887 243 1916 εἴτε
257 1889 384 1917 καὶκατὰ
412 1889 507 1927 νόμους
536 1889 682 1922 διαϐληθεὶς
711 1889 753 1917 ἐπὶ
786 1893 820 1928 τῇ
843 1894 888 1918 τοῦ

64 1934 201 1970 κτήματος
235 1936 284 1967 τῆς
320 1933 479 1967 Ἐκκλησίας
510 1933 645 1973 προδοσίᾳ,
682 1934 711 1961 οὒ
733 1932 823 1970 μέντοι
844 1934 889 1961 καὶ

65 1977 189 2016 ἐλεγθεὶς,
227 1978 248 2005 εἰ
275 1979 319 2006 καὶ
349 1979 422 2012 εὶάθη
465 1978 697 2017 ἐπιτετιμημένος,
726 1980 773 2005 τοῦ
800 1978 887 2006 ἐπιτι-

68 2023 200 2059 μήσαντος
223 2022 300 2050 αὐτὸν
322 2021 363 2050 διὰ
385 2023 433 2056 τὴν
455 2023 579 2056 τοιαύτην
609 2022 767 2060 κατηγορίαν
795 2021 887 2050 τελευ-

66 2067 208 2106 τήσαντος⁷
231 2067 274 2095 καὶ
310 2068 380 2107 παρὰ
400 2070 452 2096 τῶν
482 2067 540 2105 μετ’
569 2067 646 2096 αὐτὸν
668 2065 711 2094 δύο
741 2066 885 2106 ἀρχιερέων

65 2112 106 2139 καὶ
134 2110 172 2139 ἔτι
208 2110 427 2149 ἐπιτετιμήμένος
463 2112 544 2152 μέχρι
574 2116 620 2140 τοῦ
642 2116 684 2140 νῦν
703 2120 709 2126 ·
745 2110 817 2149 ὅμως
840 2112 885 2139 ἐὰν

930 1538 1108 1566 contractas.
1128 1535 1231 1564 Postea
1258 1533 1427 1573 nuptiarum
1443 1534 1533 1564 etiam
1550 1535 1752 1572 precationem

929 1579 1054 1619 accepit.
1080 1578 1196 1615 Quaero,
1213 1587 1249 1608 an
1265 1577 1373 1608 debeat
1388 1587 1472 1609 sacra
1486 1578 1652 1617 celebrare,
1670 1585 1721 1610 aut
1735 1589 1753 1610 a

930 1623 1130 1655 celebratione
1160 1622 1318 1657 desistere.
1346 1626 1397 1653 aut
1427 1623 1642 1663 temporalibus
1657 1625 1753 1665 poenis

930 1676 1062 1699 coerceri
1069 1693 1074 1699 .

970 1712 1081 1743 Interr.
1100 1711 1128 1744 3.
1154 1711 1199 1742 An
1222 1711 1389 1752 deputatus,
1406 1711 1456 1752 qui
1472 1712 1619 1744 secundas
1634 1714 1753 1754 nuptias

929 1758 1084 1796 contraxit,
1101 1756 1207 1787 debeat
1219 1760 1352 1796 tempore
1369 1756 1506 1786 introitus
1522 1756 1611 1788 simul
1627 1757 1752 1790 introire

928 1811 995 1832 cum
1011 1801 1152 1832 antistite.

968 1845 1134 1886 Responsio
1149 1846 1260 1885 prima.
1277 1844 1332 1880 Qui
1347 1845 1494 1876 incasatus
1504 1845 1626 1883 est,sive
1638 1845 1753 1886 simpli-

929 1891 1082 1928 citer,sive
1094 1889 1257 1920 secundum
1270 1890 1349 1929 leges
1361 1889 1701 1928 accusationeinstituta,
1714 1890 1752 1921 ob

930 1935 1123 1966 collusionem
1140 1934 1176 1964 de
1192 1933 1302 1974 praedio
1310 1933 1450 1964 Ecclesia;
1459 1934 1641 1971 factam,non
1653 1937 1752 1965 tamen

930 1979 1019 2010 etiam
1036 1979 1197 2013 convictus.
1215 1983 1244 2009 et
1255 1979 1279 2009 si
1291 1979 1345 2009 sub
1362 1980 1459 2019 poenis
1486 1979 1564 2018 (cum
1580 1979 1605 2009 is
1614 1980 1664 2020 qui
1680 1989 1752 2019 pro-

931 2030 995 2064 pter
1011 2024 1097 2054 talem
1112 2023 1328 2054 accusationem
1343 2032 1392 2053 eas
1406 2023 1597 2063 irrogaverat,
1615 2024 1654 2054 sit
1670 2033 1752 2054 mor-

927 2070 1009 2107 tuus)
1034 2069 1155 2099 relictus
1176 2068 1275 2108 fuerit,
1293 2072 1322 2098 et
1336 2077 1354 2098 a
1379 2067 1505 2107 duobus,
1524 2067 1575 2108 qui
1589 2072 1654 2108 post
1667 2068 1753 2099 illum

926 2113 1054 2150 fuerunt,
1070 2113 1259 2148 antistitibus,
1273 2112 1368 2152 sitque
1378 2113 1521 2143 hactenus
1528 2112 1582 2143 sub
1594 2113 1640 2144 iis:
1654 2117 1753 2144 tamen

67 2155 146 2187 οὒδεὶς
169 2155 271 2196 ἐλέγχῃ
298 2157 376 2186 αὐτὸν
404 2156 461 2187 οὐδὲ
494 2150 549 2197 νόἔι,
579 2156 636 2185 οὔτε
658 2157 735 2188 αὐτὸς
757 2155 884 2196 ὁμολογεῖ

970 2167 1048 2188 nunc
1065 2157 1164 2188 nullus
1175 2167 1242 2187 eum
1254 2150 1418 2195 convincat,
1437 2166 1492 2187 nec
1509 2157 1635 2188 fateatur
1651 2158 1753 2198 prodi-

65 2200 113 2234 τὴν
126 2199 276 2240 προδοσίαν,
292 2200 398 2230 δύναται
413 2201 521 2235 λυθῆναι
538 2202 609 2241 παρὰ
622 2206 668 2230 τοῦ
683 2204 727 2229 νῦν
740 2201 885 2240 ἀρχιερέως

67 2245 154 2285 αὑτοῦ,
171 2245 216 2273 καὶ
231 2244 302 2273 εἶναι
317 2245 343 2274 ἐν
359 2249 393 2284 τῇ
407 2246 488 2282 οἰκείᾳ
502 2246 628 2286 ἐνεργεία,
645 2246 689 2274 καὶ
703 2245 821 2284 ἐνεργεῖν
843 2247 887 2274 καὶ

65 2290 95 2318 τὰ
108 2295 155 2319 τοῦ
168 2290 290 2330 ὀφφικίου
305 2290 393 2320 αὐτοῦ.

104 2333 166 2362 Ἀπ.
200 2329 238 2372 β’.
270 2330 299 2363 “Ο
331 2333 359 2363 δὲ
380 2339 414 2374 τῇ
444 2337 526 2372 οἰκείᾳ
555 2338 660 2373 μνηστῇ
688 2335 738 2374 πρὸ
766 2337 815 2368 τῆς
842 2339 887 2363 τοῦ

65 2379 150 2418 γάμου
177 2378 323 2418 ἱερολογίας
366 2379 493 2420 κληρικὺς
534 2381 682 2420 συναφθεὶς,
726 2380 747 2407 εἰ
775 2380 819 2407 καὶ
848 2381 885 2418 μὴ

66 2424 100 2455 ὡς
126 2423 331 2463 κλεψιγαμήσας
357 2424 499 2465 λογίζεται,
524 2424 565 2453 διὰ
585 2425 616 2452 τὸ
645 2425 757 2462 νομίζειν
780 2423 820 2452 ὅτι
837 2425 886 2464 ἁρ-

66 2468 110 2496 κεῖ
132 2469 203 2505 αὒτῳ
231 2470 296 2508 πρὸς
318 2469 368 2503 τήν
396 2472 444 2504 τῆς
482 2471 602 2508 μνηστῆς
631 2469 769 2509 συνάψειαν
797 2470 814 2503 ἡ
839 2470 886 2503 τῆς

67 2513 210 2550 μνηστείας
230 2514 355 2554 συνάφεια
371 2524 378 2531 ο
406 2514 465 2543 ἀλλ’
495 2514 535 2543 ὅτι
564 2514 694 2552 ἠγνόησεν
723 2513 792 2545 ὅλως
821 2514 887 2555 οἵπερ

929 2203 1063 2242 titonem,
1082 2206 1177 2242 potest
1192 2211 1209 2231 a
1224 2211 1278 2232 suo
1287 2201 1429 2241 antistite,
1443 2201 1493 2241 qui
1510 2210 1588 2232 nunc
1599 2202 1755 2239 est,absol-

928 2247 976 2283 vi;
993 2251 1023 2277 et
1047 2255 1116 2277 esse
1142 2246 1170 2276 in
1188 2245 1308 2286 proprio
1325 2245 1501 2282 ministerio,
1526 2245 1684 2287 ofﬁcioque
1698 2256 1752 2278 suo

928 2291 1020 2330 fungi.

968 2337 1055 2375 Resp.
1067 2334 1245 2372 2.;Clericus
1257 2334 1420 2375 autem,qui
1428 2344 1494 2366 cum
1507 2343 1559 2366 sua
1566 2344 1677 2375 sponsa
1686 2340 1754 2368 ante

929 2380 1098 2421 nuptiarum
1106 2379 1360 2410 consecrationem
1369 2379 1523 2415 colil,licet
1531 2389 1588 2410 non
1598 2385 1755 2412 censeatur

929 2424 1126 2456 clandestinas
1142 2429 1153 2444 ¹“
1181 2425 1366 2455 contraxisse
1381 2424 1508 2464 nuptias,
1530 2424 1600 2464 quia
1614 2426 1755 2457 sufﬁcere

930 2470 1078 2500 existimvt
1092 2468 1309 2508 sponsaliorum
1325 2468 1566 2508 conjunctionem
1583 2469 1620 2500 ad
1636 2478 1754 2509 sponsae

930 2514 1086 2554 copulam:
1103 2512 1172 2553 quia
1194 2517 1292 2544 tamen
1315 2513 1436 2544 omnino
1457 2514 1601 2552 ignoravit
1615 2523 1660 2553 ea,
1688 2525 1754 2555 quae

725 2599 856 2631 VARI/E
871 2599 1088 2632 LECTIONES.

105 2665 137 2691 53
151 2666 176 2694 οἱ
197 2665 415 2706 ἐπιτετραμμένοι
430 2666 532 2704 διοσᾷν,
553 2667 586 2692 54
600 2666 725 2707 ἀνέχεται
747 2667 881 2706 πορνεύειν
903 2668 931 2696 ὃν
947 2667 1020 2708 ἔχει,
1035 2668 1052 2702 ἢ
1069 2667 1102 2700 ἣν
1124 2667 1193 2707 ἔχει,
1216 2667 1247 2692 35
1270 2667 1434 2704 ὰπχιτεῖται,
1449 2665 1482 2691 56
1495 2665 1616 2696 κωλύσει.
1633 2665 1665 2691 37
1681 2666 1752 2701 ἔσται

68 2710 212 2744 ἀνεύθυνος.
230 2711 300 2745 Μηνὶ
316 2711 493 2753 Σεντεμϐρίῳ,
510 2706 691 2751 ἐπινεμήσεως
714 2706 762 2742 ια’.
774 2711 807 2736 58
818 2712 836 2745 ἦ
851 2706 988 2746 ἐκστῆναί,

106 2769 126 2784 ιιι
147 2763 405 2805 inspiciendoque.
422 2771 436 2787 ιι
464 2766 642 2797 mandatum
658 2764 779 2796 habent.
795 2770 806 2786 ο
832 2769 954 2805 patitur
967 2766 1099 2796 scortari
1113 2758 1183 2796 eum.
1195 2774 1309 2805 eamve,
1323 2773 1412 2805 quem
1434 2773 1562 2804 quamve
1585 2765 1618 2795 in
1631 2773 1688 2796 sua
1699 2773 1754 2805 po-

70 2807 172 2835 testate
184 2803 284 2836 habet.
296 2810 309 2831 ν
337 2803 518 2846 prohibebit.
529 2812 542 2833 σι
571 2805 742 2837 addendum
757 2803 861 2838 Mense
871 2805 1048 2846 septembri,
1063 2806 1226 2837 indictione
1237 2815 1276 2836 χι.
1303 2803 1316 2826 ’τ
1329 2803 1478 2844 furtivos.

290 2862 419 2896 PATROL.
446 2865 500 2897 Gn.
526 2863 623 2897 CXIX.

1429 2863 1469 2894 3‘2
