1946 3080
66 153 146 185 1005

735 145 1022 185 GR/ECO-ROMAN
1027 152 1081 184 UM

1684 152 1762 185 1006

109 221 271 262 Ἐρώτησις.
289 222 323 252 Εἴ
338 234 377 254 τις
393 222 534 262 ἱερωμένος
556 222 573 256 ἢ
588 223 631 250 καὶ
652 221 746 252 λαῒκὸς
762 219 885 260 φωραθείτ

976 215 1090 249 Ιηιριν·.
1120 218 1152 250 Si
1167 218 1234 259 quis
1248 222 1438 250 consecratus
1451 234 1479 256 ι),
1496 224 1546 251 aut
1561 219 1649 250 etiam
1668 219 1761 250 laicus

67 266 204 301 ἐπαοιδὸς,
220 268 238 301 ἢ
253 268 297 295 καὶ
312 268 461 307 φαρμακὸς,
478 267 496 301 ἢ
512 267 555 295 καὶ
576 265 717 304 τριοδεύων
731 266 799 302 ποίῳ
813 265 894 293 ἐπιτι-

67 312 120 350 μίῳ
135 313 305 340 ὑποσεσετται
322 322 330 352 ;

108 355 172 388 Ἀττ.
205 358 254 386 Καὶ
281 357 314 385 τὰ
340 359 448 384 τοιαῦτα
475 359 524 390 τῆς
547 356 650 389 ἐθνικῆς
673 356 721 383 εἰσι
758 354 892 387 σδνηθείας

65 401 95 429 αὖ
111 404 159 434 τῆς
182 403 388 440 Χριστιανικῆς..
399 400 543 438 πολιτείας,
571 399 629 428 οὔτε
665 401 714 438 μὲν
742 402 791 432 τῆς
813 399 891 438 ὀρθο-

64 444 139 478 δόξου
171 435 344 479 Ἐκκλησίας.
377 435 445 474 (ὃθεν
473 447 487 473 ὁ
514 435 616 477 τούτοις
644 435 721 476 ἁλοὺς
742 450 801 476 τοῖς
830 435 890 471 ἔπι-

64 489 209 527 τηδεύμασι
251 491 295 517 καὶ
336 490 582 529 κακοτεχνήμασιν,
625 490 646 516 εἰ
678 489 732 526 μὴν
763 487 890 526 γληρικός

63 534 131 571 ἐστι,
168 536 346 574 καθαιρεϊται,
384 535 428 562 καὶ
455 535 504 567 τῆς
535 533 694 567 Ἐκκλησίας
729 531 887 571 ἀπορρίπτε-

62 590 118 616 ται,
141 579 210 607 κατὰ
231 581 275 607 τὸν
296 574 355 616 λς’
375 579 422 612 τῆς
444 578 471 606 ἐν
493 578 632 614 Λαοδικείᾳ
648 576 754 606 συνόδου
774 577 886 605 κανόνα·

63 624 190 656 ὡσαύτως
220 623 247 651 δὲ
270 624 313 652 καὶ
335 625 348 651 ὁ
375 623 470 655 λαϊκὸς
500 622 654 651 ἐκϐάλλεται
689 625 737 656 τῆς
774 620 888 654 Ἐκκλη-

63 669 120 700 σίας
163 667 282 701 τελείως.
327 671 520 699 Μετανοοῦντες
563 666 590 695 δὲ
625 668 821 704 οἱκονομοῦνται
857 664 889 693 δι’

64 712 193 753 ἑξαετίας³
218 713 236 746 ἢ
265 713 418 744 πενταετίας
437 721 444 727 ”
479 712 536 751 τρία
565 712 614 749 μὲν
649 711 695 744 ἔτη
725 710 889 739 ὑποπίπτον-

61 768 118 794 τες,
134 758 178 785 καὶ
202 758 235 786 τὰ
259 757 339 786 λοιπὰ
361 756 555 798 νσυνευχόμενρι
579 756 668 794 μόνον,
693 756 776 796 χωρὶς
804 765 888 794 προσ-

60 805 155 842 φορᾶς,
172 803 240 830 κατὰ
254 803 299 830 τὸν
323 797 364 830 κδ’
388 802 436 835 τῆς
459 802 486 829 ὲν
513 797 638 841 Ἀγκύρα.
670 800 759 832 Οὕτως
788 798 815 827 δὲ
838 810 889 836 με-

63 847 244 880 τανοήσαντες
259 847 385 886 γνησίως,
411 847 428 880 ἢ
450 847 486 878 ὡς
512 845 543 873 ἂν
571 847 585 873 ὁ
615 845 752 885 ἀρχιερεὺς
782 846 887 883 συνορᾷ,

57 892 126 931 πρὸς
149 891 198 924 τὴν
227 891 367 929 μετάνοιαν
396 891 482 919 αὑτῶν
513 890 580 930 (ἔχει
608 891 658 929 γὰρ
694 889 808 922 ἐξουσίαν
843 888 888 916 καὶ

937 259 1143 301 deprehensus
1172 263 1210 293 sit
1246 263 1411 294 incantatur
1437 269 1487 295 aut
1513 264 1674 304 veneﬁcus,
1710 267 1761 295 aut

935 305 1025 336 etiam
1043 307 1195 338 triviorum
1211 307 1379 345 circulator,
1398 308 1445 339 cui
1460 317 1555 349 paenae
1568 308 1725 340 succidet?

976 351 1064 391 Resp.
1082 351 1149 383 Haec
1176 357 1245 383 sunt
1271 353 1419 392 paganica:
1445 353 1682 393 consuetudinis,
1699 362 1760 384 non

934 393 1107 427 Christianae
1119 396 1303 437 reipublicae,
1320 401 1351 428 et
1364 397 1461 428 minus
1478 398 1649 429 orthodoxa
1658 397 1760 429 Eccle-

934 439 996 471 siae.
1015 439 1097 471 Unde
1114 441 1164 482 qui
1178 441 1215 472 de
1231 441 1278 472 his
1295 441 1401 472 studiis
1412 445 1440 472 et
1455 442 1541 473 malis
1555 442 1668 473 artibus
1683 452 1759 473 con-

931 485 1024 515 victus
1053 485 1151 523 fuerit,
1179 486 1203 517 si
1228 485 1347 526 quidem
1364 486 1399 517 sit
1422 486 1756 527 clericus;deponitur,

933 529 1006 560 etde
1015 530 1148 561 Ecclesia
1172 531 1302 572 ejicitur,
1317 531 1401 570 juxta
1415 540 1560 562 canonem
1575 531 1756 562 tricesimum

931 578 1043 605 sextum
1060 575 1235 606 Laodicena
1251 575 1364 616 synodi.
1390 575 1546 616 Similique
1562 576 1650 606 modo
1666 576 1759 607 laicus

932 628 1055 658 prorsus
1070 620 1106 650 ab
1121 619 1252 651 Ecclesia
1269 620 1648 661 expellituernitentiam
1657 625 1755 652 autem

931 668 1052 703 agentes
1081 665 1276 695 emendantur
1310 674 1363 706 per
1391 666 1577 704 sexennium,
1602 669 1652 697 aut
1667 666 1757 706 quin-

932 709 1115 748 quennium:
1135 709 1229 740 tribus
1253 710 1372 751 quidem
1388 711 1474 741 annis
1487 710 1639 751 prostrati,
1662 715 1691 741 et
1710 720 1756 742 re-

932 752 1021 793 liquis
1035 759 1260 794 comprecanles
1276 758 1401 792 tantum,
1418 755 1485 786 sine
1499 754 1660 793 oblatione,
1669 756 1755 796 juxta

932 797 1108 829 vicesimum
1138 803 1273 839 quartum
1299 808 1446 830 canonem
1469 802 1641 840 Ancyranae.
1659 800 1756 840 Atque

930 841 970 872 ita
984 842 1115 881 ingenue
1131 843 1320 883 ptenitentes,
1339 844 1386 874 vel
1402 848 1434 875 ut
1453 844 1576 876 antistes
1599 844 1634 875 ad
1650 853 1755 876 eorum

930 887 1131 926 paanitentiam
1157 888 1397 919 animadverterit
1426 895 1437 910 ε
1468 888 1569 928 (habet
1593 889 1674 920 enim
1707 899 1755 930 po-

58 939 154 974 μειοῦν
176 936 222 964 τὸν
251 934 368 976 καιρὸν),
397 938 446 969 τῆς
481 936 550 966 θείας
585 933 764 966 καταξιοῦνται
805 943 885 971 μετα-

961 936 1063 962 statem
1077 932 1164 963 etiam
1182 933 1334 964 minuendi
1350 933 1518 974 temporis),
1532 933 1661 964 divinam
1677 943 1756 965 com-

57 980 172 1018 λήψεως
177 1001 184 1009 .

101 1026 261 1065 Ἐρώτησις,
275 1024 309 1054 Εἴ
321 1036 360 1057 τις
376 1024 532 1064 ἱερωμένους
545 1024 778 1064 παραδυναστεύειν
789 1027 827 1060 τῷ
838 1026 886 1058 τῆς

59 1070 157 1110 χώρας
173 1070 283 1110 ἄρχοντι
301 1069 415 1106 σπεύδει,
448 1069 586 1097 κάντεῦθεν
615 1067 807 1108 προσαγγέλλει
830 1069 887 1096 τινὰ

58 1115 130 1143 κατά
144 1126 233 1155 τινων,
250 1115 294 1143 καὶ
308 1115 353 1142 τὸν
368 1114 485 1154 ἄρχοντα
499 1113 557 1141 κατ’
571 1113 675 1142 ἐκείνων
704 1112 831 1148 διανιστᾷ,
862 1113 887 1141 τί

56 1163 206 1190 κανονικὼς
229 1161 242 1188 ὸ
257 1160 374 1191 τοιοῦτος
397 1159 510 1187 πείσετει
528 1168 536 1198 ς

99 1204 166 1235 Ἀπ,
197 1200 225 1232 Ὀ
263 1203 404 1243 ἱερωμένος
436 1207 474 1240 τῷ
508 1204 569 1242 ἱερῷ
601 1201 780 1242 προσεδρεύειν
811 1202 885 1242 ὀφεί-

55 1248 111 1286 λει,
129 1249 172 1277 καὶ
194 1255 254 1281 ταῖς
284 1247 517 1281 ἐκκλησιαστικαῖς
549 1247 701 1287 ὑπηρεσίαις
724 1246 885 1286 ἐνασχολεϊ-

56 1295 130 1333 σθαι,
165 1294 208 1321 καὶ
243 1293 272 1320 οὗ
303 1292 536 1332 παραδυναστεύειν
579 1298 724 1330 κοσμικαῖς
760 1290 885 1324 ἐξουσίαις

57 1339 104 1366 καὶ
133 1337 269 1378 ἄρχουσιν.
296 1336 344 1366 Ἐκ
376 1336 403 1365 δὲ
434 1339 482 1370 τῆς
511 1337 623 1374 νομίμου
650 1335 828 1376 παραγγελίας
857 1338 887 1365 οὗ

56 1383 206 1421 βλάπτεται
228 1382 255 1410 εἴ
284 1392 348 1410 ποτε
369 1385 448 1410 τοῦτο
475 1382 595 1421 ποιήσει,
633 1381 653 1408 εἶ
688 1381 726 1418 μὴ
749 1381 816 1409 κατὰ
837 1382 885 1414 τῆς

58 1426 222 1460 Ἐκκλησίας
248 1427 317 1454 εστὶν
345 1427 362 1460 ἦ
391 1425 569 1465 προσαγγελία
591 1426 608 1458 ἡ
639 1423 736 1463 ψευδὴς
763 1425 807 1452 καὶ
837 1435 886 1452 συ-

55 1472 234 1512 κοφανντική,
261 1471 325 1500 Τότε
347 1471 396 1510 γὰρ
411 1470 429 1504 ἢ
457 1471 494 1502 ὡς
509 1468 607 1502 ἀσεϐὴς
624 1469 641 1503 ἣ
662 1470 698 1501 ὡς
721 1469 884 1508 συκοφάντης

55 1516 288 1555 καταγινώσκεται
316 1514 463 1555 ἐλεγχθείς.
496 1514 581 1548 Λῆλαί
602 1513 629 1542 δέ
651 1515 714 1542 εἰσιν
744 1515 769 1541 αἱ
799 1524 882 1542 κανο-

56 1561 130 1590 νικαὶ
144 1564 197 1588 τῶυ
212 1561 335 1589 τοιούτων
357 1560 491 1599 τιμωρίαι.

930 975 1159 1007 municationem
1177 977 1437 1017 promerebuntur.

968 1020 1082 1052 lnlerr.
1097 1021 1127 1052 Si
1137 1021 1202 1061 quis
1212 1022 1414 1053 sacerdotatus
1425 1023 1440 1044 ἀ
1456 1031 1523 1054 cum
1540 1022 1666 1063 praeside
1681 1032 1752 1063 pro-

928 1064 1032 1095 vincia
1044 1070 1228 1106 potentatum
1237 1066 1348 1097 habere
1364 1067 1625 1107 studeat,indeque
1635 1067 1753 1098 denun-

928 1109 1044 1140 tiaverit
1058 1110 1209 1150 quidpiam
1225 1111 1262 1141 de
1278 1111 1441 1151 aliquibus;
1460 1115 1486 1142 et
1498 1111 1654 1152 praesidem
1663 1112 1693 1142 in
1703 1121 1754 1143 eos

928 1155 1126 1192 excitaverit',
1144 1155 1212 1195 quid
1230 1156 1393 1186 secundum
1409 1165 1537 1187 canones
1548 1156 1700 1197 patietur?

968 1199 1058 1237 Resp.
1077 1199 1222 1231 Sacerdos
1238 1200 1347 1240 templo
1364 1200 1495 1231 assidere
1507 1200 1641 1237 debet,et
1652 1201 1751 1232 eccle-

929 1241 1054 1273 siasticis
1067 1243 1204 1284 occupari
1215 1243 1462 1282 ministeriis,non
1471 1249 1655 1284 potentatum
1663 1245 1752 1276 simul

928 1295 1032 1326 gerere
1048 1297 1114 1318 cum
1132 1288 1290 1318 mundanis
1314 1288 1508 1329 potestatibus
1523 1294 1552 1319 et
1567 1289 1752 1329 magistrati-

929 1330 994 1362 bus.
1009 1331 1049 1362 Ex
1061 1332 1191 1372 legitima
1199 1337 1298 1363 autem
1313 1333 1536 1364 denuntiatione
1548 1343 1607 1364 non
1621 1334 1749 1367 laeditur.

929 1375 1086 1416 siquando
1109 1377 1137 1408 id
1165 1377 1260 1415 faciat,
1294 1377 1350 1408 nisi
1378 1382 1480 1409 contra
1508 1377 1682 1418 Ecclesiam,
1700 1379 1751 1410 ﬁat

928 1420 1000 1451 falsa
1015 1425 1043 1451 et
1059 1422 1241 1452 calumniosa
1254 1422 1372 1453 delatio.
1390 1422 1473 1454 Tunc
1489 1422 1567 1454 enim
1579 1427 1670 1454 autut
1696 1424 1751 1455 im-

929 1465 1005 1505 pius,
1022 1474 1072 1497 aut
1086 1466 1281 1497 calumniator
1294 1467 1457 1508 convictus,
1473 1467 1642 1500 damnatur.
1656 1468 1752 1500 Certae

926 1515 1024 1541 autem
1040 1515 1107 1542 sunt
1122 1512 1272 1542 canonica}
1286 1511 1394 1543 horum
1412 1521 1515 1552 pinnae.

100 1604 260 1644 Ἐρώτησις.
281 1604 314 1633 Εἴ
328 1615 368 1636 τις
383 1604 534 1643 ἱερωμένος,
552 1604 622 1643 παρὰ
637 1604 667 1632 τὸ
681 1603 884 1643 προσῆκονίηᾶμ-

966 1599 1078 1631 Interr.
1093 1599 1123 1631 Si
1139 1600 1204 1641 quis
1215 1605 1358 1641 sacratus,
1372 1605 1478 1642 praeter
1487 1602 1628 1633 decorum
1641 1602 1750 1635 indua-

57 1650 207 1690 φιέννυνται
222 1648 330 1689 ἔνδυμα,
347 1650 389 1677 καὶ
405 1650 522 1686 κοσμικὰ
532 1647 754 1688 περιϐαλλόμενος
765 1648 884 1686 φωραθῇ,

57 1696 102 1723 καὶ
125 1693 291 1734 ῥαϐδοφορῶν
306 1693 324 1727 ἣ
339 1694 382 1721 καὶ
399 1696 577 1733 νυκτοπορῶν,
601 1695 656 1725 πῶς
682 1693 756 1723 οὗτος
777 1702 884 1720 κανονι-

58 1742 113 1772 κῶς
129 1739 322 1773 συσταλήσεται
339 1747 347 1778 ;

101 1783 166 1813 Ἀπ.
191 1784 226 1812 Τὸ
248 1783 433 1821 ἀμφιέννυσθαι
449 1781 622 1815 ἀκατάλληλα
643 1784 681 1818 τῷ
702 1782 788 1817 οἰκείῳ
810 1782 883 1820 σχή-

59 1840 137 1867 ματι,
172 1828 215 1856 καὶ
250 1825 431 1867 ῥαϐδοφορεϊν,
461 1827 504 1855 καὶ
539 1833 719 1866 νυκτοπορεῖν,
747 1825 808 1854 ὅσον
837 1826 885 1862 μὲν

57 1873 130 1903 κατὰ
146 1873 176 1900 τὸ
191 1872 360 1912 φαινόμενον,
391 1873 438 1900 οὒκ
467 1871 602 1899 ἐπαινετόν
626 1871 707 1900 ἐστιν.
737 1870 815 1899 Οὐδὲν
836 1870 886 1909 γὰρ

57 1918 159 1957 αγαθὸν
192 1915 334 1944 ὑποϐάλλει
362 1923 431 1944 νοεῖν
461 1916 529 1944 κατὰ
553 1919 599 1943 τοῦ
621 1915 689 1944 οὕτω
713 1915 884 1954 πράττοντος.

60 1962 137 1990 Μετὰ
158 1960 335 2001 παραγγελίαν
350 1960 376 1985 είί
398 1961 447 2000 γὰρ
464 1962 477 1988 ὁ
498 1965 575 1990 τοῦτο
603 1963 697 1997 ποιῶν,
726 1960 883 1999 καθαιρεθή-

57 2019 134 2036 σεται
151 2007 257 2038 πάντως
274 2015 281 2021 ·
314 2007 335 2034 εἷ
357 2006 395 2044 μὴ
417 2005 450 2034 δι’
480 2006 596 2044 ἀνάγκην
617 2006 686 2041 τινὰ,
716 2005 733 2039 ἣ
757 2006 883 2044 περίστα-

56 2065 112 2089 σιν,
145 2052 163 2086 ἣ
185 2052 287 2088 πενίαν,
303 2051 320 2085 ἢ
335 2050 419 2084 ἄλλην
441 2051 498 2079 τινὰ
532 2050 651 2090 εὔλογον,
666 2049 696 2074 η
723 2049 741 2083 ἢ
771 2051 815 2077 καὶ
843 2048 884 2077 διὰ

53 2098 106 2131 τὴν
138 2101 185 2126 τοῦ
212 2096 294 2124 τόπου
331 2096 486 2136 ἀγριότητα,
527 2095 570 2122 καὶ
594 2094 801 2134 ἀκαταστασίαν,
839 2095 883 2122 καὶ

55 2140 202 2181 βάρϐαρον,
239 2141 304 2180 πρὸς
342 2140 470 2180 ὠφέλειαν
507 2140 599 2167 ἑαυτοῦ
634 2139 651 2173 ἢ
682 2138 770 2178 ἑτέρου
799 2139 881 2176 τινὸς,

55 2187 87 2214 οὒ
105 2186 171 2225 πρὸς
189 2185 312 2224 ψυχικὴν
335 2183 447 2222 βλάϐην.
477 2183 541 2213 Τότε
562 2184 612 2222 γὰρ
642 2184 883 2223 συγγνωσθήσεται,

56 2233 96 2263 ὡς
122 2231 163 2268 μὴ
185 2229 341 2270 ἀρνούμενος
369 2232 400 2257 τὸ
428 2227 594 2268 ἐπάγγελμα,
618 2227 686 2266 μηδὲ
714 2239 883 2268 καταφρονη-

54 2276 142 2307 τικῶς
171 2274 244 2315 ’έχων
279 2275 344 2314 πρὸς
370 2275 400 2302 τὸ
439 2276 547 2313 σχῆμα,
585 2271 652 2310 μηδὲ
683 2283 750 2300 τισιν
784 2273 881 2312 ἑτέροις

55 2319 244 2356 ἐπιτιθέμενος
250 2343 256 2350 ,

97 2364 258 2402 Ἐρώτησις.
289 2363 322 2392 Εἴ
355 2374 395 2395 τις
430 2362 571 2403 ἱερωμένος
599 2362 720 2402 συμμιγῆ
748 2361 811 2391 λαὸν
840 2361 883 2390 δι-

51 2411 196 2442 ανίστησιν
212 2408 229 2443 ἣ
244 2408 311 2437 κατὰ
334 2412 379 2437 τοῦ
397 2408 492 2436 οἰκείου
519 2407 675 2447 ἐπισκόπου,
698 2407 715 2441 ἢ
731 2407 799 2435 κατὰ
812 2418 882 2440 τινος

49 2453 148 2493 ἑτέρου
164 2452 268 2493 ἁπλῶς,
284 2453 327 2481 καὶ
341 2452 494 2493 ὁχλοποιεῒ,
516 2453 558 2480 καὶ
574 2451 704 2489 ἐκμελετᾷ
718 2452 776 2480 κατ’
793 2452 879 2491 αὐτοῦ,

47 2499 75 2528 τί
92 2498 194 2538 ὀφείλει
210 2499 284 2530 οὗτος
300 2499 432 2526 πείσεσθαι
449 2498 501 2526 ἀπὸ
516 2497 627 2529 κανόνος
645 2507 652 2536 ;

929 1648 975 1674 tur
990 1648 1112 1684 vestem,
1129 1649 1158 1675 et
1170 1645 1328 1676 mundanis
1342 1645 1467 1677 amictus
1482 1647 1688 1686 deprehensus
1699 1649 1749 1686 sit,

927 1692 956 1719 et
971 1688 1028 1719 tela
1048 1689 1146 1720 ferens
1161 1690 1180 1726 ί,
1206 1694 1353 1730 noctuque
1384 1699 1502 1730 vagans,
1519 1701 1647 1732 quonam
1662 1693 1750 1724 modo

928 1734 1115 1764 coercebitur
1127 1734 1141 1763 9

966 1778 1056 1818 Resp.
1074 1779 1159 1809 lndui
1174 1788 1232 1810 non
1248 1779 1368 1810 decenti
1376 1779 1524 1818 babitu,et
1534 1781 1624 1811 telum
1636 1782 1747 1820 sferre,

926 1827 1072 1863 noctuque
1087 1823 1195 1862 vagari,
1212 1827 1243 1855 ut
1259 1824 1356 1863 prima
1371 1824 1472 1865 specie
1497 1825 1625 1864 videtur,
1642 1826 1747 1858 lauda-

926 1867 986 1898 bile
1001 1877 1058 1898 non
1084 1872 1139 1899 est.
1156 1867 1228 1899 Nam
1254 1869 1291 1899 de
1306 1878 1352 1906 eo,
1371 1869 1421 1909 qui
1445 1869 1488 1900 sic
1501 1871 1572 1910 agit,
1589 1870 1660 1902 boni
1674 1872 1748 1903 nihil

926 1912 1069 1952 suspicari
1087 1913 1167 1944 licet.
1199 1914 1268 1944 Post
1282 1913 1517 1945 admonitionem
1534 1915 1613 1946 enim
1626 1916 1701 1956 hqui
1717 1916 1748 1947 id

926 1956 1003 1995 facit,
1035 1957 1201 1997 deponetur
1229 1958 1350 1989 omnino
1368 1967 1374 1989 :
1392 1959 1448 1989 nisi
1465 1968 1518 2000 per
1541 1961 1748 1992 necessitatem

925 2001 1066 2042 aliquam,
1080 2006 1129 2032 aut
1140 2001 1348 2040 infortunium,
1366 2002 1411 2033 vel
1421 2008 1634 2044 paupertatem,
1645 2004 1747 2036 aliam-

925 2055 959 2077 ve
974 2055 1062 2086 quam
1077 2046 1187 2086 justam
1204 2055 1334 2086 causam,
1361 2052 1411 2078 aut
1431 2047 1520 2079 etiam
1536 2048 1594 2079 loci
1614 2049 1748 2080 ferocita-

926 2094 997 2128 tem,
1015 2095 1043 2121 et
1057 2090 1288 2128 instabilitatem,
1300 2100 1334 2122 ac
1350 2091 1529 2131 barbariem,
1543 2093 1579 2124 ad
1592 2093 1748 2125 utilitatem

926 2144 1020 2175 suam,
1033 2136 1078 2166 vel
1089 2136 1211 2167 alterius
1221 2135 1399 2176 cujuspiam.
1425 2147 1484 2168 non
1493 2138 1529 2168 ad
1538 2138 1643 2169 animas
1660 2139 1748 2169 dam-

925 2188 1006 2210 num.
1024 2180 1108 2211 Tunc
1131 2180 1209 2212 enim
1229 2181 1256 2210 ei
1281 2181 1366 2211 venia
1381 2181 1508 2219 dabitur,
1526 2186 1557 2213 ut
1572 2183 1621 2223 qui
1637 2192 1696 2213 non
1712 2184 1750 2214 sit

926 2224 1074 2255 inﬁciatus
1090 2225 1281 2265 promissum,
1312 2235 1409 2266 neque
1424 2228 1431 2248 ι
1446 2227 1627 2268 contemptui
1642 2227 1749 2259 habeat

927 2270 1071 2309 habitum,
1086 2279 1183 2310 neque
1199 2269 1268 2300 ullis
1282 2270 1349 2301 aliis
1363 2270 1530 2303 insidietur.

966 2360 1084 2391 Interr.
1115 2359 1145 2391 Si
1172 2359 1238 2400 quis
1272 2364 1403 2391 sacratus
1444 2360 1646 2401 promiscuum
1681 2360 1748 2392 vul-

926 2414 995 2445 gum
1026 2404 1133 2435 excitet
1170 2404 1314 2435 adversus
1353 2414 1438 2436 suum
1473 2405 1658 2446 episcopum,
1701 2404 1746 2437 vei

926 2450 1017 2481 alium
1033 2449 1196 2489 quemlibet
1216 2449 1402 2490 simpliciter,
1418 2454 1446 2481 et
1461 2450 1563 2481 turbas
1575 2455 1747 2490 congreget,

925 2504 958 2526 ac
990 2495 1128 2526 moliatur
1156 2494 1186 2525 in
1230 2503 1307 2532 eum,
1340 2494 1479 2535 quidnam
1505 2505 1522 2526 a
1547 2504 1661 2527 canone
1689 2496 1749 2536 pati

926 2539 1038 2571 debet?

722 2626 851 2660 VARLE
871 2625 1088 2662 LECTIONES.

94 2694 124 2720 εί
141 2694 318 2735 παραγγελίαν
340 2700 413 2734 γοῦν.
430 2694 461 2720 42
481 2694 565 2725 αἰτίαν
588 2693 708 2734 εὔλογον,

95 2754 110 2775 δ
138 2753 287 2785 sacerdos.
304 2758 316 2775 °
331 2762 400 2785 vere
415 2756 484 2785 acta
498 2753 687 2794 paenitentia,
703 2752 749 2784 vel
760 2758 851 2793 prout
864 2755 1253 2796 pontiﬁcividetur,habita
1262 2755 1449 2795 paenitentiae
1465 2755 1602 2795 ipsorum
1617 2754 1751 2787 ratione.

51 2800 66 2821 ά
98 2799 131 2830 in
147 2799 316 2830 saeerdolio
332 2799 524 2830 cons't‘mtus.
542 2803 552 2819 ε
586 2798 796 2834 ἐπίπλων-ειη
821 2801 913 2838 fustes
950 2809 1065 2840 gerens.
1084 2806 1098 2827 tt
1126 2800 1245 2839 fustem.
1263 2800 1276 2821 1³
1303 2799 1408 2839 ergo.i
1442 2801 1495 2840 qui
1528 2801 1748 2840 professionem

54 2852 144 2876 suam
159 2852 220 2874 non
235 2847 330 2883 neget.
