1946 3080
205 149 281 184 1007

243 217 549 259 Resp.Responsum,
578 212 656 259 quod
683 212 719 244 ad
737 212 862 259 primam
890 210 1050 259 interro-1

201 254 350 307 gationem
367 254 474 292 factum
490 262 578 307 e_st_,et
588 258 626 288 ad
640 258 716 289 hanc
728 256 865 293 sufﬁciet,
884 265 939 287 nec
955 254 1025 295 plu-

201 302 288 342 ribus
303 316 378 349 opus
394 309 438 336 est
454 302 564 349 verbis.

242 345 355 386 Inter-72
384 350 415 381 Si
430 348 496 389 quis
520 350 655 378 sacratus
681 347 804 377 edoctus
828 345 928 381 fuerit,
955 351 1027 389 quo-

203 399 292 432 modo
308 396 418 432 omnia,
440 387 510 433 quae
538 395 608 422 sunt
629 391 793 422 secundum
823 397 964 427 canones,
980 387 1024 417 fa-

203 454 273 476 cere
302 431 463 482 oporteat;
478 446 543 482 quas
557 440 655 482 autem
671 439 777 475 prater
791 431 1023 465 ecclesiasticam

203 479 419 520 institutionem
429 479 800 516 ettraditionem,aversari
814 489 820 510 :
831 482 859 509 et
871 480 1023 518 postquam

203 534 249 565 vel
265 532 346 564 nullo
360 528 459 567 modo,
491 525 535 556 vel
564 524 600 555 ad
623 529 737 564 tempus
763 522 905 564 paruerit,
920 527 1025 551 rursus

204 576 362 618 aliquando
387 573 425 603 ad
449 579 516 602 suos
545 569 719 608 depravatos
735 576 833 598 mores
849 568 1021 599 revertatur,

204 627 234 654 et
249 610 355 662 praeter
369 625 498 649 canones
526 613 818 652 ecclesiasticamque
833 610 1024 641 traditionem

202 652 327 698 alienisi
344 661 516 703 majoribus,
535 662 565 689 et
575 667 627 698 pro
644 667 697 688 sua
712 656 837 687 libidine
852 658 961 691 utatur,
978 652 1026 683 cui

203 720 298 752 paenae
313 700 475 740 secundum
491 712 621 735 canones
636 701 811 742 Subjicietur
822 700 837 729 ‘?

243 755 333 794 Resp.
347 751 431 789 Quod
449 753 550 781 contra
565 747 682 778 divinos
700 755 829 776 canones
845 741 1025 775 ecclesiasti-

202 790 328 840 camque
344 795 530 828 traditionem
548 794 589 840 ﬁt,
606 796 656 823 aut
669 790 889 822 emendandum
904 792 959 837 est,
977 790 1026 817 aut

203 832 326 885 prorsus
350 838 610 873 condemnandum
629 846 636 867 2
654 840 682 866 et
699 832 1026 874 transgredientipcena

202 881 413 929 acompetenti
424 893 538 916 canone
555 881 678 929 deﬁnita
693 884 749 910 est.

244 923 356 964 Inlérr.
386 931 417 962 Si
442 930 509 969 quis
534 925 673 957 sacerdos
701 924 811 955 donum
828 923 1023 953 sacramento-

202 988 268 1009 rum
281 967 569 1008 communicantibus
585 979 643 1001 non
659 969 783 1009 gratuito
801 967 950 1006 largiatur,
968 973 1026 1005 qua

202 1031 330 1054 censura
346 1017 574 1052 emendabitur?

243 1067 332 1106 Resp.
350 1065 381 1097 Si
391 1064 440 1095 hic
461 1066 527 1102 post
541 1069 629 1106 unam
643 1059 694 1106 vel
710 1058 833 1106 alteram
850 1053 1026 1087 admonitio-

203 1121 274 1143 nem
298 1103 358 1141 non
388 1108 564 1147 corrigatur,
582 1105 709 1144 benigna
724 1103 841 1134 ratione
856 1108 1026 1132 exeommu-

203 1156 364 1188 nicabitur.
393 1152 478 1190 Quod
507 1151 531 1182 si
559 1154 660 1191 postea
683 1148 836 1180 absolutus
852 1152 1024 1177 excommu-

201 1201 350 1232 nicatione
366 1199 488 1230 caeleste
500 1190 609 1226 donum
627 1203 686 1224 non
697 1192 800 1223 venale
816 1190 944 1222 vendere
960 1195 1026 1232 per-

201 1248 329 1282 severet,
357 1244 535 1283 deponetur.
567 1238 691 1271 Donatio
722 1237 801 1267 enim
823 1235 887 1272 Dei,
905 1231 1025 1265 donatio

203 1300 261 1321 non
285 1278 438 1320 venalis-lt.
454 1285 484 1317 Si
509 1285 575 1325 quis
598 1289 699 1314 autem
730 1281 757 1312 ei
776 1283 884 1320 sponte
909 1278 1023 1313 offerat,

201 1335 233 1366 in
261 1333 398 1365 solatium
415 1332 490 1362 forte
519 1323 710 1370 paupertatis,
727 1327 771 1356 vel
787 1323 907 1355 honoris
923 1331 1023 1356 causa,

200 1379 248 1410 vel
262 1379 291 1409 in
307 1378 427 1409 modum
443 1367 627 1407 liberalitatis
641 1382 649 1409 ς
666 1371 811 1410 accipere.
831 1372 861 1399 et
879 1377 931 1408 pro
948 1367 1022 1397 offe-

200 1427 285 1454 rente
299 1427 366 1454 vota
380 1421 477 1452 facere
494 1428 555 1450 non
569 1416 755 1458 prohibetur.

1036 893 1056 919 Β

241 1512 352 1543 Interr.
387 1510 418 1541 Si
446 1509 512 1550 quis
543 1506 682 1538 sacerdos
708 1505 800 1535 salem
829 1501 1056 1543 benedicens,c

199 1561 250 1588 aut
272 1556 375 1587 ovibus
398 1559 427 1586 et
451 1546 546 1584 bobus
576 1560 680 1591 preces
705 1548 830 1580 fundens
846 1546 1025 1581 inveniatur,

200 1610 363 1641 eorumque
380 1597 550 1640 pectuscula
568 1590 596 1626 et
611 1595 690 1626 coria
705 1593 919 1632 recipiens,aut
938 1590 1026 1620 etiam

200 1638 355 1677 columbas
381 1638 419 1675 ad
451 1646 635 1673 mortuorum
680 1638 816 1678 sepulcra
851 1641 879 1667 et
909 1643 1025 1665 memo—

198 1691 258 1722 rias
288 1694 430 1726 mactans,
464 1686 512 1717 cui
538 1694 633 1726 poena:
657 1681 836 1723 subiicitur?
865 1681 910 1711 An
939 1679 1026 1709 liceat

199 1740 296 1766 autem
327 1734 354 1765 ei
385 1723 428 1764 etv
447 1723 597 1762 convivari
625 1729 656 1759 in
696 1726 859 1762 memoriis,
889 1729 918 1755 et
943 1723 1025 1754 festis

200 1779 315 1815 diebus,
345 1782 374 1810 et
399 1776 519 1816 nuptiis,
549 1783 615 1804 cum
646 1772 729 1803 laicis
752 1770 884 1802 convivia
909 1768 1024 1800 haben-

200 1825 281 1855 tibus
294 1814 354 1860 ;ad
367 1823 429 1853 haec
440 1814 471 1852 in
486 1830 521 1851 eo
542 1818 621 1859 quod
637 1818 750 1848 interea
760 1823 936 1856 responsum
954 1814 1022 1850 erit,

199 1868 400 1909 acquiescam.

240 1957 330 1997 Resp.
361 1954 507 1986 Animalia
522 1957 550 1984 et
567 1961 636 1983 oves
651 1952 682 1982 in
705 1949 838 1982 ecclesiis
854 1949 974 1985 offerre,
991 1950 1023 1977 ut

201 2006 367 2033 mactentur
389 2010 406 2031 a
426 1997 645 2034 sacerdotibus,
663 1996 712 2036 qui
728 1996 807 2026 velut
831 2003 932 2025 eorum
950 2001 1021 2032 por-

200 2047 362 2078 tiunculam
390 2043 548 2084 accipiant,
578 2041 671 2072 veleri
700 2049 794 2079 more,
807 2037 978 2078 pectuscula
993 2045 1023 2070 ei

200 2091 290 2128 coria,
318 2090 389 2120 item
419 2087 576 2119 columbos
614 2086 650 2116 ad
677 2086 813 2124 sepulcra
839 2086 1021 2112 mortuorum

199 2127 376 2171 sacriﬁcare,
404 2133 562 2164 Judaicum
588 2129 709 2161 omnino
736 2133 790 2160 est,
808 2131 837 2157 et
851 2128 985 2158 Graacum
1002 2127 1021 2163 ι,

199 2184 230 2211 et
245 2187 371 2210 censura
386 2176 629 2216 correctioneque
646 2171 909 2213 dignumﬁatione
925 2174 1022 2202 autem

199 2224 330 2256 carentia
347 2222 462 2262 dignari
486 2215 591 2260 sale,et
607 2229 675 2250 oves
701 2228 734 2249 ac
750 2217 850 2254 boves,
879 2216 914 2247 ad
940 2215 1023 2245 utili-

200 2273 287 2300 tatem
316 2267 567 2301 assumentiumm,
594 2264 810 2303 sanitatemque
834 2262 975 2302 ipsorum.
995 2265 1024 2290 et

200 2313 385 2347 animalium,
413 2310 487 2341 nihil
511 2309 601 2340 habet
643 2307 763 2339 absurdi
790 2317 796 2336 :
829 2306 900 2346 quin
928 2305 1025 2346 potius

200 2358 287 2389 etiam
300 2357 370 2387 ﬁdei
394 2355 532 2386 estillud.
546 2354 582 2385 Ut
603 2352 741 2384 animalia
753 2351 840 2382 etiam
856 2349 1023 2381 sacerdoti—

200 2403 255 2433 bus
268 2402 431 2432 oﬁerantur
459 2400 495 2430 ab
524 2399 601 2436 aliis,
632 2398 692 2428 sive
718 2396 791 2433 viva,
809 2395 869 2426 sive
885 2398 1022 2431 mactata,

198 2447 228 2478 in
245 2448 389 2478 honorem
405 2454 418 2469 ιι
435 2445 564 2484 aliquem
582 2450 610 2474 et
627 2442 838 2482 expiationem,
863 2446 969 2481 praeter
979 2449 1023 2469 ra-

199 2492 310 2522 tionem
340 2500 399 2521 non
430 2493 483 2526 est,
515 2488 566 2519 sed
584 2492 612 2518 et
638 2487 745 2528 pietate
771 2486 891 2526 plenum
910 2494 916 2515 ί
935 2484 1022 2514 modo

199 2546 236 2567 ne
251 2536 288 2567 ad
304 2535 406 2573 altare,
427 2534 470 2565 vel
487 2533 564 2563 intra
580 2531 748 2562 ecclesiam.
761 2530 890 2570 Ideoque
901 2533 1022 2570 pectus-

198 2581 266 2612 cula
278 2585 306 2612 et
321 2579 401 2611 coria
422 2578 509 2610 allata
534 2576 675 2608 sacerdos
698 2574 818 2606 omnino
834 2574 908 2605 citra
924 2583 1024 2614 repre-

889 145 905 175 J
908 144 955 175 US
975 141 1198 173 CANONIGUM

1815 129 1897 166 1008

1102 206 1164 240 Ἀπ,
1189 203 1221 236 Ἠ
1243 208 1307 248 πρὸς
1335 208 1383 241 τὴν
1405 208 1513 247 πρώτην
1539 217 1586 234 σου
1615 205 1745 244 ἐρώτησιν
1769 201 1893 239 ἀποκρι-

1067 263 1108 283 σις
1135 252 1239 292 ἀρκέσει
1264 245 1310 281 καὶ
1337 253 1401 292 πρὸς
1427 245 1478 286 τὴν
1507 254 1561 288 νῦν,
1586 250 1631 278 καὶ
1657 250 1686 277 οὒ
1707 247 1785 288 χρεία
1801 245 1894 284 λόγων

1067 295 1184 328 πολλῶν.

1108 339 1264 381 Ἐρώτησις.
1288 341 1322 370 Εἴ
1343 352 1382 374 τις
1412 340 1552 381 ἱερωμένος
1582 337 1724 377 ἑκὸιδαχθῇ
1758 336 1791 364 τὰ
1821 334 1896 362 κατὰ

1067 385 1178 417 κανόνας
1212 387 1297 416 πάντα
1325 387 1361 417 ὡς
1389 379 1441 414 δεῖ.
1458 384 1669 424 διαπράττεσθαι,
1691 382 1725 410 τὰ
1754 379 1780 408 δὲ
1818 379 1897 418 παρὰ

1066 429 1116 462 τὴν
1139 429 1361 464 ἐκκλησιαστικὴν
1389 430 1547 458 κατάστασιν
1574 429 1617 456 καὶ
1645 425 1786 466 παράδοσιν
1817 424 1897 452 ἀπο-

1067 473 1219 514 στρέφεσθαι
1235 483 1242 490 ·
1265 476 1280 503 ὃ
1307 473 1334 502 δὲ
1361 474 1379 508 ἢ
1407 473 1526 511 οὐδαμῶς
1555 473 1574 507 ἢ
1602 473 1667 511 πρὶς
1701 471 1789 509 καιρὸν
1825 478 1897 496 πει-

1067 519 1145 556 σθεὶς,
1167 518 1246 546 πάλιν
1273 519 1343 558 παρὰ
1371 519 1461 558 καιρὸν
1481 519 1546 558 πρὸς
1566 518 1599 545 τὰ
1631 515 1770 555 παράλογα
1805 514 1891 542 αὑτσό

1066 561 1117 596 ἤθη
1138 563 1304 603 ὕποστρέωει,
1339 564 1383 592 καὶ
1401 563 1472 602 παρὰ
1500 562 1612 593 κανόνας
1633 562 1678 589 καὶ
1703 559 1752 592 τὴν
1781 557 1891 590 ἐκκλη-

1066 608 1203 641 σιαστικὴν
1224 607 1365 647 παράδοσιν
1388 607 1542 638 ἀλλοκότοις
1570 606 1669 634 ’έθεσεσι
1696 604 1739 632 καὶ
1766 609 1827 635 τοῖς
1843 601 1895 629 δο-

1065 657 1155 682 κοῦσιν
1190 653 1260 690 αὐτῷ
1288 655 1407 692 χρᾶται·
1433 653 1481 680 τίνι
1504 651 1627 689 ἐπιτιμίῳ
1647 651 1791 680 κανονικῶς
1819 648 1895 675 ὕπο-

1065 697 1179 725 κείσεται
1194 706 1202 736 ς

1105 741 1169 771 Ἀπ.
1193 742 1227 771 Τὸ
1243 742 1314 780 παρὰ
1338 742 1397 773 τοὺς
1424 741 1506 772 θείους
1535 739 1646 771 κανόνας
1677 738 1816 778 γινόμενον
1846 737 1896 764 καὶ

1066 787 1115 819 τὴν
1130 785 1353 820 έκκλησιαστιχήν
1376 785 1531 825 παράδοσιν,
1553 784 1571 818 ἣ
1599 783 1752 822 διορθωτέον
1770 782 1856 820 ἐει-τὶν¹
1873 780 1894 814 ἢ

1066 830 1172 863 τελείως
1187 831 1387 869 καταγνωστέον
1406 841 1412 847 ⁸
1442 831 1486 858 καὶ
1500 833 1539 867 τῷ
1559 827 1745 868 παραϐαίνοντι
1774 826 1829 854 ἀπὸ
1844 832 1893 855 τοῦ

1067 875 1214 915 προσφόρου
1228 878 1336 907 κανόνος
1352 877 1383 904 τὸ
1404 875 1535 912 ἐπιτίμιον
1551 874 1672 913 ὥρισται,

1107 914 1266 959 Ἐρώτησις.
1283 920 1316 949 Εἴ
1331 931 1372 951 τις
1386 919 1468 960 ἱερεὺς
1485 919 1523 956 μὴ
1538 919 1606 947 κατὰ
1620 917 1719 956 δωρεὰν
1731 917 1780 949 τὴν
1791 914 1892 955 δωρεὰν

1066 967 1119 992 τῶν
1133 965 1282 1004 μυστηρίων
1297 971 1354 996 τοῖς
1371 962 1599 1001 μεταλαμϐάνουσι
1614 961 1728 998 δίδωσιν,
1745 961 1820 991 ὅπως
1836 960 1894 987 ἒπε-

1066 1010 1242 1046 τιμηθήσεται
1259 1010 1333 1041 οὗτος
1350 1019 1358 1049 ;

1107 1054 1168 1084 Ἐπ.
1201 1049 1229 1082 Ὀ
1259 1059 1374 1086 τοιοῦτος
1409 1053 1476 1081 κατὰ
1505 1051 1687 1092 φιλάνθρωπον
1716 1050 1795 1090 λόγον
1822 1049 1894 1087 μετᾶ

1067 1097 1128 1134 μίαν
1162 1099 1205 1126 καὶ
1239 1097 1358 1137 δευτέραν
1392 1097 1571 1137 παραγγελίαν
1607 1097 1693 1134 μένων
1719 1095 1892 1135 ἆόιὸρθωτος,

1067 1142 1280 1183 ἀφορισθήσεται.
1298 1143 1326 1171 Εἰ
1343 1142 1369 1170 δὲ
1385 1143 1452 1180 μετὰ
1480 1142 1561 1169 ταῦτα
1588 1141 1672 1172 λυθεὶς
1701 1143 1754 1168 τῶν
1790 1139 1889 1178 ἀφορι-

1067 1191 1145 1225 σμοῡ,
1183 1187 1313 1225 ἐπιμένων
1356 1187 1497 1226 πιπράσκει
1532 1186 1580 1219 τήν
1616 1185 1733 1224 ἄπρατον
1769 1184 1891 1223 οὐράνιον

1067 1231 1176 1271 δωρεὰν,
1199 1232 1425 1271 καθαιρεθήσεται.
1446 1232 1535 1270 Δωρεὰ
1562 1231 1612 1270 γὰρ
1633 1230 1651 1263 ἢ
1680 1233 1726 1258 τοῦ
1748 1232 1814 1257 Θεοῦ
1834 1227 1890 1255 δω-

1065 1278 1122 1316 ρεὰ,
1146 1277 1207 1316 οὖχὶ
1234 1277 1322 1307 ὤνιον.
1361 1276 1408 1305 Ἐκ
1432 1275 1608 1315 προαιρέσεως
1637 1273 1664 1302 δὲ
1693 1274 1719 1302 εἴ
1748 1285 1788 1305 τις
1818 1275 1892 1309 αὐτῷ

1065 1322 1205 1362 προσφέρει
1248 1323 1283 1354 εἰς
1316 1321 1489 1362 παρηγορὶανΔ
1519 1321 1605 1362 τυχὸν
1643 1321 1692 1352 τῆς
1728 1320 1831 1358 πενίας,
1870 1318 1890 1351 ἢ

1065 1358 1146 1400 τιμῆς
1168 1358 1273 1399 ἕνεκεν,
1303 1361 1321 1395 ἢ
1349 1358 1427 1390 κατα
1444 1358 1718 1400 τρόπονηφιλοτιμίας
1746 1362 1839 1387 τοῦτον
1859 1358 1893 1383 45

1066 1406 1208 1445 λαμϐάνειν
1241 1407 1286 1435 καὶ
1312 1406 1500 1446 ὕπερεύχεσθαι
1521 1409 1568 1434 τσῦ
1594 1404 1829 1443 προσενεγκόντος,
1860 1404 1891 1431 οὗ

1067 1451 1212 1481 κεκώλυται
1217 1476 1223 1482 ,

1108 1496 1265 1536 Ἐρώτησις.
1295 1495 1327 1524 Εἴ
1352 1507 1391 1527 τις
1416 1495 1498 1534 ἱερεὺς
1526 1493 1611 1522 ἕλατα
1640 1492 1766 1532 εὐλογῶν,
1798 1493 1816 1526 ἢ
1846 1493 1891 1520 καὶ

1068 1540 1209 1580 προϐάτοις
1244 1540 1325 1580 εὐχὰς
1353 1538 1437 1570 διδοὺς
1466 1538 1510 1567 καὶ
1535 1538 1622 1576 βουσὶν
1645 1538 1747 1577 εὑρεθῇ,
1777 1539 1822 1566 καὶ
1856 1538 1891 1565 τὰ

1069 1587 1191 1619 στηθύνια
1209 1585 1321 1620 τούτων,
1359 1585 1402 1612 καὶ
1427 1583 1459 1611 τὰ
1480 1582 1596 1622 δέρματα
1625 1581 1888 1620 ἆναλαμϐανόμενος,

1068 1631 1086 1665 ἢ
1101 1632 1145 1659 καὶ
1160 1630 1313 1669 περιστερὰς
1335 1629 1361 1656 ἐν
1375 1635 1433 1660 τοῖς
1460 1628 1554 1668 τάφοις
1580 1629 1632 1656 τῶν
1660 1627 1810 1655 τεθνεώτων
1846 1628 1891 1655 κτὶ

1067 1683 1125 1706 τοῖς
1161 1674 1339 1712 μνημοσύνοις
1374 1674 1459 1701 αὐτῶν
1489 1672 1650 1712 σφαγιάζων.
1687 1672 1736 1700 τίνι
1765 1671 1892 1710 ἐπιτιμίῳ

1067 1720 1228 1759 ὑπόκειταις
1252 1720 1281 1747 Εἰ
1303 1717 1385 1751 ἔξεστι
1415 1716 1443 1745 δὲ
1468 1717 1540 1754 αὒτῷ
1568 1717 1611 1744 καὶ
1645 1717 1834 1753 συμποσιάζειν
1864 1717 1892 1745 ἓν

1065 1772 1124 1797 τοῖς
1140 1764 1328 1802 μνημοσύναις,
1358 1765 1402 1791 καὶ
1422 1764 1450 1790 ἓν
1477 1769 1538 1793 ταῖς
1567 1762 1734 1800 ἐορτασίμοις
1761 1761 1890 1802 ἡμέραις,

1065 1810 1108 1837 καὶ
1151 1809 1177 1836 ἐν
1215 1815 1274 1839 τοῖς
1308 1808 1416 1847 γάμοις,
1460 1807 1526 1844 μετὰ
1560 1807 1612 1834 τῶν
1655 1807 1889 1843 συμποσιαζόντων

1065 1853 1178 1890 λαἰκῶν,
1210 1854 1275 1892 πρὸς
1305 1853 1387 1881 ταῦτα
1415 1852 1442 1880 ἐν
1477 1855 1516 1889 τῷ
1541 1851 1607 1884 τέως
1641 1851 1804 1890 ἐποκριθέντι
1832 1851 1891 1891 ἔχω

1065 1898 1152 1930 καλῶς
1157 1919 1165 1928 .

1104 1942 1168 1972 Ἀττ,
1205 1943 1241 1971 Τὸ
1263 1943 1299 1974 εἷς
1326 1942 1374 1973 τὰς
1402 1940 1545 1974 ἐκκλησίας
1578 1940 1732 1980 προσφέρειν
1769 1943 1824 1976 ζῶα
1847 1942 1892 1969 καὶ

1064 1986 1194 2028 πρόϐατα,
1227 1987 1271 2015 καὶ
1300 1986 1485 2026 σφαγιάζεσθαι
1526 1987 1598 2024 παρὰ
1626 1986 1678 2013 τῶν
1706 1984 1807 2024 ἱερέων⁷
1845 1986 1892 2013 καὶ

1066 2035 1124 2060 οἷον
1154 2031 1323 2072 ἀφαιρέματα
1349 2031 1448 2058 τούτων
1487 2029 1642 2068 λαμϐάνειν,
1671 2030 1740 2058 κατὰ
1767 2030 1798 2058 τὸ
1832 2041 1889 2058 πα-

1066 2077 1152 2115 λαιὸν,
1169 2077 1201 2104 τὰ
1216 2075 1340 2109 στηθύνια
1355 2075 1398 2103 καὶ
1419 2075 1452 2103 τὰ
1480 2073 1606 2114 δέρματα,
1636 2075 1681 2102 καὶ
1706 2075 1738 2102 τὸ
1763 2085 1890 2113 περιστε-

1067 2122 1112 2153 οας
1128 2122 1155 2149 ἐν
1180 2128 1238 2153 τοῖς
1263 2120 1355 2159 τάφοις
1383 2122 1436 2147 τῶν
1463 2119 1611 2147 τεθνεώτων
1633 2119 1713 2156 θύειν,
1743 2117 1890 2147 Ἰουδαϊκὸν

1066 2166 1184 2206 ἄντικρύς
1211 2165 1276 2206 ἐστι,
1305 2165 1352 2193 καί
1387 2160 1554 2203 Ἑλληνικὸν,
1583 2164 1626 2191 καὶ
1654 2163 1724 2196 ἄξιον
1760 2164 1891 2201 ἐπιτιμή-

1068 2222 1134 2243 σεως
1150 2212 1194 2239 καὶ
1209 2209 1381 2249 διορθώσεως,
1399 2209 1434 2238 Τὸ
1449 2207 1475 2236 δὲ
1499 2207 1584 2248 ἄλογα
1609 2207 1696 2241 ἀξιοῦν
1723 2211 1777 2236 τῶν
1805 2208 1891 2245 ἁλῶν,

1066 2257 1110 2284 καὶ
1130 2256 1163 2284 τὰ
1184 2253 1304 2294 πρόϐατα
1332 2254 1376 2282 καὶ
1402 2253 1463 2284 τοὺς
1484 2253 1561 2292 βόας,
1590 2254 1656 2292 πρὸς
1678 2252 1811 2293 ὠφέλειαν
1838 2254 1893 2282 τῶν

1067 2298 1333 2339 μεταλαμϐανόντων,
1370 2298 1414 2326 καὶ
1453 2298 1540 2337 ὑγείαν
1583 2298 1668 2326 αὐτῶν
1708 2308 1736 2325 τε
1765 2299 1810 2326 καὶ
1838 2302 1893 2328 τῶν

1065 2345 1152 2382 ζώων,
1170 2343 1241 2372 οὐδὲν
1265 2343 1324 2382 ἔχει
1351 2341 1460 2380 ἄτοπον,
1487 2341 1556 2370 ἀλλὰ
1583 2341 1684 2380 μᾶλλον
1712 2343 1756 2370 καὶ
1778 2344 1895 2376 πίστεώς

1067 2390 1120 2418 ἐστι
1136 2393 1225 2419 τοῦτο.
1243 2389 1293 2417 Καὶ
1314 2388 1344 2415 τὸ
1366 2388 1398 2415 τὰ
1419 2390 1473 2422 ζῶα
1488 2385 1515 2414 δὲ
1544 2393 1602 2419 τοῖς
1628 2389 1723 2427 ἱερεῦσι
1752 2388 1825 2427 παρὰ
1839 2390 1894 2417 τῶν

1064 2434 1151 2463 ἄλλων
1177 2433 1377 2473 προσφέρεσθαι,
1420 2431 1476 2459 εἴτε
1510 2435 1608 2470 ζῶντα,
1648 2432 1705 2460 εἴτε
1732 2433 1776 2460 καὶ
1806 2432 1893 2473 ἐσφα-

1063 2479 1158 2519 γμένα,
1175 2478 1243 2506 καλὰ
1257 2478 1338 2515 τιμήν
1352 2487 1410 2505 τινα
1434 2477 1478 2504 καὶ
1501 2476 1657 2517 ἀφοσίωσιν,
1687 2479 1716 2506 οὐ
1737 2476 1893 2517 παράλογόν

1062 2527 1148 2561 ἔστιν,
1171 2522 1297 2552 ἀλλὰκαὶ
1322 2520 1436 2553 εὐσεϐές.
1464 2520 1537 2554 Πλὴν
1563 2521 1602 2558 μὴ
1629 2522 1665 2553 είς
1687 2521 1717 2550 τὸ
1744 2523 1892 2557 θυσιαστή-

1064 2582 1131 2611 ριον,
1166 2568 1184 2602 ἣ
1213 2569 1248 2600 εἷς
1290 2567 1339 2600 τὴν
1381 2565 1524 2600 ἐκκλησίαν
1565 2565 1651 2598 ἐντός.
1682 2567 1711 2596 Εἰ
1746 2565 1774 2595 δὲ
1801 2571 1890 2605 τοῦτο,

863 2659 990 2692 VARIE
1011 2651 1227 2691 LECTIONES.

236 2735 270 2759 45
282 2738 370 2763 τοῦτο.

235 2802 243 2829 J
285 2799 468 2841 peregrinis.
491 2799 503 2819 κ
531 2798 611 2830 Nam
625 2797 738 2828 donum
754 2795 809 2828 hoc
824 2795 892 2834 Dei,
905 2795 1017 2826 domum
1028 2798 1072 2826 est
1087 2804 1096 2824 :
1112 2803 1173 2825 non
1182 2801 1230 2824 res
1242 2792 1372 2823 venalis.
1387 2789 1394 2811 ¹
1413 2799 1579 2832 paganum.
1595 2794 1615 2810 ¹¹¹
1645 2789 1890 2829 percipientium,

199 2848 307 2880 salem.
324 2862 337 2877 n
366 2845 488 2876 honoris
504 2847 533 2875 et
548 2842 716 2874 devotionis
730 2850 833 2873 causa.
