1946 3080
56 116 152 151 1009

742 114 1024 152 ϐΒιΕϐΟ-ΒΟΜΑΝ
1029 118 1082 149 UM
1089 142 1095 149 .

1681 113 1761 146 1010

52 184 181 218 πάντως
214 186 257 214 καὶ
287 187 320 214 τὰ
341 187 465 220 στηθύνια
492 188 535 216 καὶ
556 188 588 216 τὰ
616 186 730 227 δέρματα
759 196 862 226 προσοιγ

980 182 1111 227 nsionem
1126 183 1262 223 accipiet.
1279 182 1334 219 Qui
1345 182 1423 214 enim
1440 186 1534 215 totum
1549 180 1682 227 exhibet,
1696 190 1757 227 non

54 240 150 268 μενοι,
170 231 379 270 ἆκαναγνώστως
395 231 509 269 λήψεται
525 234 539 260 ὁ
561 233 653 271 ἱερεὺς.
683 227 711 260 l0
733 232 782 270 γὰρ
809 240 894 270 προσ-

53 274 140 312 άγων
182 275 211 303 τὸ
240 274 313 312 ὅλον,
348 277 378 304 οὒ
412 275 540 304 κωλύεται
577 276 654 316 μέρος
682 276 824 316 προσάγειν
858 277 896 311 τῷ

52 319 146 357 ἱερεῖ,
168 320 210 347 καὶ
232 319 310 358 μέρος
337 321 368 348 τὸ
397 320 533 350 πιότατον.
565 322 612 350 Καὶ
639 321 677 358 μή
705 331 750 357 μοι
770 319 830 358 λέγε
855 318 896 346 ὅτι

53 367 109 392 τοῦ
135 367 286 392 Motuum)
315 364 396 402 νόμου
423 365 500 393 τοῦῖό
527 365 609 396 ἐστιν,
633 366 670 393 Ov”)
690 365 739 404 γὰρ
753 363 859 395 τελείως
881 364 895 390 ὁ

55 406 154 445 νόμος
173 407 313 448 ἀνῄρηται,
336 407 396 437 ἀλλ’
425 409 467 437 ἐπὶ
489 410 518 437 τὸ
540 409 642 447 βέλτιον
670 409 714 437 καὶ
734 407 897 445 ὑψηλότερον

57 453 292 488 μετεσκεύασται,
326 455 355 481 Αἱ
387 454 435 491 μὲν
456 454 506 493 γὰρ
533 454 616 482 θυσίαι
637 456 690 482 τῶν
717 453 792 488 ζώων
812 451 896 479 ἐπαύ-

55 497 170 535 θησαν,
198 498 263 535 πρὸς
287 498 332 526 τὸν
353 498 412 526 τότε
441 500 658 538 συγχωρηθεῖσαι
680 497 770 536 καιρόν
787 505 793 512 ·
825 498 848 524 οἱ
870 495 897 523 δὲ

57 541 135 579 πρὸς
162 542 318 581 τώςὶερεῗς
346 543 516 582 προσαγωγαὶ
544 545 573 572 οἵ»
594 542 751 572 κωλύονται,
784 541 833 570 Καὶ
866 541 897 567 τὸ

59 588 267 624 Χριστιανικῶς
301 587 439 625 γινόμενον
474 587 541 615 κατά
566 598 591 615 τι
619 587 675 618 ἔθος
711 585 850 625 ἐγχώριον,
879 585 897 618 ἢ

59 631 110 658 καὶ
135 629 171 657 ἐκ
204 629 354 669 φιλοτιμίας
390 631 556 671 ἀγροικικῆς,
593 631 645 671 οὐχ
673 633 710 663 ὡς
746 629 896 661 Ἰουδαϊκῶς

60 674 215 713 γινόμενον
235 675 431 714 λογισθήσεται.
457 677 485 704 Εἰ
510 675 537 704 δὲ
558 677 602 705 καὶ
620 676 646 704 ἐν
668 682 726 707 τοῖς
756 675 896 712 μνημοσύ-

62 730 124 751 νοις
150 723 207 748 τῶν
233 721 382 749 τεθνεώτων
410 721 586 760 προσάγονται
617 721 677 752 τοῖς
703 722 796 759 ἱερεῦσι
818 730 895 758 περι-

60 765 174 802 στεραὶ,
212 764 268 792 ἀντὶ
296 764 439 804 ἁδροτέρων
473 767 560 802 ζώων,
596 766 666 805 παρᾶ
691 769 743 793 τῶν
769 763 896 792 πενεστέ-

938 226 1111 266 prohibetur
1124 231 1236 268 partem
1252 227 1398 259 sacerdoti
1421 226 1573 265 exhibere,
1592 231 1620 258 et
1636 226 1757 266 quidem

938 275 1050 309 partem
1077 271 1311 311 pinguissimam.
1340 271 1382 302 Ne
1409 272 1521 302 dixeris
1536 273 1593 302 hoc
1607 280 1672 301 esse
1688 270 1760 310 legis

937 316 1086 347 Mosaicae.
1104 315 1167 346 Non
1193 316 1272 347 enim
1295 316 1341 346 lex
1370 325 1490 356 prorsus
1519 315 1628 346 abolita
1657 318 1713 352 est,
1729 319 1760 346 et

939 359 970 391 in
985 360 1103 400 melius,
1133 360 1185 391 sed
1209 364 1238 391 et
1264 361 1420 391 sublimius
1443 364 1646 397 transmutata,
1663 360 1760 391 Sacri-

938 405 1003 435 ﬁcia
1012 404 1091 435 enim
1099 404 1269 436 animalium
1279 405 1344 436 ﬁeri
1351 404 1556 442 desierunt,ad
1567 409 1682 444 tempus
1691 409 1760 435 tunc

938 449 1086 488 permissa
1103 460 1109 479 :
1126 453 1155 480 at
1170 449 1348 483 oblationes.
1374 458 1439 489 quae
1453 448 1656 480 sacerdotibus
1673 449 1757 484 ﬁunt,

939 502 997 523 non
1028 498 1171 524 vetantur.
1201 493 1237 524 Et
1265 494 1343 534 quod
1369 492 1538 524 Christiane
1565 493 1597 523 ﬁt
1621 493 1720 523 innato
1733 500 1756 530 ο,

938 537 1064 577 quodam
1082 547 1176 576 more,
1193 538 1238 568 vel
1254 538 1341 569 etiam
1359 548 1394 569 ex
1408 537 1557 568 rusticana
1568 537 1757 574 liberalitate,

937 586 968 612 ut
993 582 1115 613 Judaice
1145 584 1254 613 factum
1284 592 1342 613 non
1372 582 1555 613 censebitur.
1585 581 1669 618 Quod
1687 581 1757 611 siin

938 631 1123 658 mortuorum
1154 627 1305 658 memoriis
1320 627 1465 658 columbae
1480 626 1652 657 animalium
1667 635 1756 664 gran-

937 670 1053 701 diorum
1071 670 1134 701 vice
1142 671 1347 702 sacerdotibus
1357 671 1535 702 exhibentur
1543 680 1559 701 a
1576 669 1760 701 tenuioribus

936 715 967 745 in
984 725 1088 746 eorum
1103 715 1289 754 alimoniam,
1307 725 1365 746 nou
1383 726 1436 756 per
1448 715 1592 747 rationem
1606 715 1756 752 sacriﬁcii,

937 769 1034 800 neque
1049 765 1081 790 ut
1094 761 1130 790 ad
1146 761 1283 801 sepulcra
1296 764 1472 798 mactentur,
1489 761 1545 792 hoc
1556 769 1645 791 nemo
1662 759 1762 799 prohi-

60 819 136 847 ρων,
176 809 214 840 εἱς
247 803 399 849 ἀποτροφὴν
427 811 510 847 αὐτῷ,
544 809 573 838 οὒ
594 803 662 838 κατὰ
690 809 769 848 λόγον
795 809 863 837 θυσία

981 805 1047 835 erit.
1064 803 1187 845 Oportet
1196 805 1275 836 enim
1289 805 1473 836 sacerdotem
1486 815 1520 836 ex
1532 803 1698 836 sacerdotio
1707 803 1756 849 ali,

60 851 125 881 033E
151 853 223 881 ὥστε
239 855 431 893 σφαγιασθῆναι
452 854 495 882 ἐπὶ
523 857 576 882 τῶν
604 855 693 894 τάφων
711 862 718 870 '
742 856 819 882 τοῦτο
849 853 896 881 οὐκ

62 897 96 924 ἄν
114 908 160 930 τις
178 897 316 928 κωλύσειε.
340 899 396 938 Χρὴ
425 899 475 938 γὰρ
495 899 540 926 τὸν
566 899 634 938 ἱερέα
660 899 712 927 ἀπὸ
740 901 789 931 τῆς
817 899 895 937 ἱερω-

61 942 152 974 σύνης
198 942 344 982 τρέφεσθαι,
383 944 426 971 καὶ
462 945 583 981 τιμᾶσθαι
618 944 689 983 παρᾶ
703 946 755 971 τῶν
781 942 895 981 λαίκῶν,

62 985 161 1017 ἄλλως
185 997 213 1014 τε
235 987 352 1023 πάντως,
381 988 418 1020 ὡς
445 987 475 1015 ἄν
501 999 540 1019 τις
566 987 678 1023 δύναιτο,
696 989 740 1016 καὶ
754 994 814 1019 ταῖς
829 987 897 1014 κατὰ

63 1029 184 1068 δύναμιν
207 1038 406 1071 προσαγωγαϊς.
439 1033 469 1061 El
499 1033 538 1070 μὴ
566 1033 627 1070 βοῦν
649 1031 750 1061 δύναιτο
778 1032 895 1072 προσφέ-

65 1086 123 1114 ρειν
152 1075 314 1116 ὁλόκληρον,
337 1076 414 1116 μέρος
437 1076 468 1104 ἂν
495 1077 670 1116 προσενέγκῃ,
700 1077 718 1110 ’r‘,
746 1078 776 1105 τὸ
797 1077 896 1110 στηθύ-

64 1131 138 1160 νιιιν,
163 1120 183 1154 ἣ
206 1118 270 1149 ἄλλο
297 1131 334 1160 τι,
363 1121 381 1155 ἣ
410 1120 490 1160 δέρμα
519 1122 602 1161 τυχὸν
629 1122 720 1159 μόνον,
753 1122 783 1149 Εἰ
811 1120 896 1158 δὲμὴ

64 1169 164 1202 τοῦτο,
196 1166 360 1204 περισ-ερὰν,
395 1167 413 1199 ἢ
442 1165 525 1199 ἄλλην
561 1165 630 1205 ὄρνιν
665 1166 723 1194 τινά
740 1174 747 1181 ⁸
784 1166 814 1194 οὗ
842 1166 895 1202 μὴν

67 1208 231 1241 Ἰουδαϊκῶς
260 1209 276 1237 ἃ
312 1206 483 1250 Ἑλληνικῶς,
507 1210 575 1238 ἀλλὰ
595 1210 722 1251 φιλοθέως
749 1211 792 1239 καὶ
819 1212 895 1239 εὗσε-

65 1253 138 1286 ϐὦς.
171 1254 255 1283 Ἀλλὰ
276 1256 319 1283 καὶ
353 1256 383 1283 τὸ
411 1254 574 1283 συνδειπνεῖν
604 1256 648 1284 καὶ
678 1255 817 1283 συνεσθίειν
853 1256 896 1282 καὶ

67 1299 265 1336 συμποσιάζειν
286 1300 347 1332 τοὺς
368 1301 448 1339 ἱερεῖς
463 1307 521 1332 τοῖς
536 1299 646 1333 λα’ίκοῖς
667 1300 695 1327 ἐν
709 1307 768 1333 ταῖς
791 1301 896 1339 ἑορταῖς

65 1345 113 1372 καὶ
136 1344 167 1372 ἐν
190 1351 247 1376 τοῖς
271 1345 378 1383 γάμοις⁷
409 1344 538 1384 εὐλαϐῶς,
567 1345 610 1373 καὶ
639 1345 706 1382 μετὰ
735 1345 896 1383 σεμνότητος

66 1389 227 1427 πρεπούσης
249 1389 352 1423 αὐτοῖς,
384 1388 554 1427 εὖλογοῠντας
585 1389 630 1417 τὸν
663 1389 739 1428 Θεὸν,
762 1388 897 1417 ἀκώλυτόν

66 1432 155 1461 ἔστιν.
176 1433 205 1461 Εἰ
220 1433 259 1470 μὴ
275 1433 305 1461 ὲκ
319 1432 468 1470 συμϐουλῆς
485 1433 513 1458 Μ
527 1433 583 1462 ἐστι
599 1434 632 1461 τὰ
654 1434 798 1473 συμπόσια,
815 1434 837 1461 εἰ
859 1433 897 1471 μὴ

67 1475 334 1516 δευτερογαμούντων
351 1478 407 1506 εἶεν
429 1479 452 1505 οἱ
474 1478 566 1517 γάμοι,
596 1479 617 1506 εἰ
646 1478 684 1516 μὴ
707 1478 814 1517 παίγνιά
840 1489 898 1506 τινα

938 853 966 880 et
981 849 1120 881 honorari
1136 858 1153 880 a
1167 849 1261 885 laicis,
1280 854 1309 880 et
1324 849 1396 881 alias
1411 850 1532 880 omnino
1543 856 1570 887 ρ,
1599 854 1685 889 prout
1694 848 1760 888 quis

938 893 1304 934 polueritexhibitionibus
1311 894 1494 926 qsecundum
1502 894 1656 925 facultates
1663 893 1758 924 factis.

937 939 968 969 Si
994 939 1099 969 bovem
1127 938 1276 978 integrum
1306 940 1413 970 offerre
1434 948 1493 970 non
1519 939 1621 979 possit,
1648 943 1760 979 partem

938 984 1052 1023 offerat,
1070 984 1114 1014 vel
1131 983 1328 1023 petusculum,
1354 988 1404 1014 aut
1431 984 1583 1024 quidpiam
1606 983 1698 1023 aliud,
1714 984 1759 1014 vel

938 1028 1052 1058 corium
1079 1028 1154 1059 forte
1181 1027 1298 1066 solum;
1327 1028 1351 1059 si
1375 1038 1473 1068 neque
1493 1029 1560 1066 hoc,
1578 1028 1758 1065 columbam,

938 1077 987 1103 aut
1003 1072 1088 1103 aliam
1101 1081 1184 1102 aVem
1205 1072 1352 1112 aliquam:
1366 1082 1424 1103 non
1441 1072 1692 1113 quidemJudaice
1708 1076 1760 1103 aut

938 1117 1039 1148 Graece
1050 1124 1070 1156 τ,
1088 1117 1140 1147 sed
1150 1125 1198 1156 pie
1210 1125 1244 1147 ac
1259 1117 1407 1156 religiose.
1421 1117 1508 1149 Enim
1525 1126 1593 1147 vero
1611 1117 1697 1148 etiam
1709 1126 1758 1148 sa-

938 1162 1072 1192 serdotes
1082 1161 1171 1191 simul
1182 1171 1249 1192 cum
1261 1161 1346 1192 laicis
1356 1171 1470 1192 caenam
1482 1166 1511 1192 et
1521 1162 1620 1192 cibum
1629 1170 1758 1198 sumere,

937 1215 971 1237 ac
1000 1205 1148 1236 convivari
1177 1205 1208 1235 in
1234 1205 1326 1241 festis,
1357 1210 1387 1237 et
1416 1206 1537 1246 nuptiis,
1563 1205 1706 1242 modeste,
1733 1209 1762 1237 et

938 1260 1005 1281 cum
1031 1250 1149 1281 decenti
1171 1250 1322 1289 gravitate,
1340 1250 1400 1281 Deo
1426 1251 1533 1290 gratias
1547 1255 1680 1290 agentes,
1699 1260 1758 1281 non

939 1294 1146 1335 prohibentur.
1162 1294 1225 1325 Nisi
1248 1295 1388 1325 collatitia
1411 1295 1471 1326 sint
1487 1295 1628 1332 convivia,
1646 1299 1696 1326 aut
1710 1304 1759 1326 sev

939 1339 1043 1370 cundze
1066 1339 1254 1379 nuptiw'aut
1268 1339 1365 1379 aliqua
1381 1339 1411 1370 in
1427 1340 1474 1370 his
1488 1339 1602 1370 ludicra
1615 1340 1761 1372 inducan-

939 1389 989 1416 tur
1005 1394 1011 1414 :
1026 1393 1091 1414 nam
1108 1393 1173 1424 quae
1183 1393 1217 1414 ex
1228 1384 1386 1415 collatione
1400 1385 1492 1415 lﬁunt
1504 1385 1647 1423 convivia,
1657 1385 1760 1425 prohi-

940 1429 1048 1459 bentur
1071 1429 1111 1460 55
1145 1438 1259 1459 canone
1286 1428 1470 1461 Laodicenm.
1501 1429 1536 1460 Et
1564 1430 1595 1460 in
1624 1429 1763 1460 secundis

941 1473 1051 1513 nuptiis
1075 1473 1222 1504 convivari
1251 1473 1398 1504 sacerdoti
1421 1484 1479 1504 non
1496 1474 1694 1514 permittitur;
1711 1474 1763 1505 sed

68 1521 96 1548 ἐν
113 1522 220 1554 τούτοις
242 1522 390 1560 εἰσάγονται
407 1530 413 1537 '
426 1543 429 1544 ν
444 1523 477 1551 τὰ
506 1523 555 1562 γὰρ
583 1522 612 1551 ἐκ
626 1521 776 1560 συμϐουλῆς
790 1522 822 1548 45
836 1535 863 1552 cm

981 1518 1097 1558 quando
1113 1518 1143 1548 in
1160 1518 1263 1558 primis
1286 1518 1397 1558 nuptiis
1412 1519 1592 1560 convivetur,
1617 1519 1765 1550 festivitati

71 1565 157 1594 πόσια
172 1566 239 1594 κατὰ
260 1567 306 1594 τὸν
321 1561 360 1594 γε’
372 1569 421 1600 τῆς
443 1566 470 1595 ἓν
490 1566 627 1595 Λαοδικεία
653 1568 751 1595 κανόνα
776 1567 863 1596 κωλύο

980 1563 1185 1602 :ererit,donec
1210 1563 1370 1602 thymelici,
1391 1563 1474 1603 juxta
1489 1565 1764 1605 quinquagesimum

72 1621 128 1640 ται.
159 1611 208 1639 Καὶ
232 1611 259 1638 ὲν
285 1614 324 1647 τῷ
348 1609 458 1650 δευτέρῳ
486 1610 512 1639 δὲ
535 1612 613 1650 γάμῳ
640 1613 654 1640 ὁ
676 1612 757 1651 ἱερεὺς
779 1612 808 1640 0-3
835 1623 863 1640 συ

983 1614 1077 1640 artum
1107 1616 1251 1638 canonem
1282 1607 1457 1639 Laodicenae
1471 1610 1586 1649 synodi)
1605 1615 1633 1640 et
1649 1609 1765 1640 ludicra

74 1655 172 1683 εσθίειν
187 1654 354 1694 ἐπιτρέπεται
373 1666 379 1672 ⁸
403 1655 471 1684 ἀλλὰ
504 1656 548 1684 καὶ
568 1656 595 1684 ἐν
617 1663 676 1688 τοῖς
706 1656 820 1696 πρώτοις
850 1669 863 1695 γ

980 1653 1179 1684 .roducanlur.
1201 1651 1255 1688 Qui
1268 1656 1374 1692 praeter
1388 1653 1451 1683 haec
1466 1653 1544 1692 facit,
1558 1654 1764 1685 excommuni-

74 1710 137 1736 μοις
165 1698 197 1733 ἥν
229 1710 294 1728 ποτε
324 1701 493 1738 συμποσιάσῃ
521 1701 565 1728 καὶ
598 1700 811 1741 εὐφρανθήσεται,
849 1701 861 1729 ἕ

980 1704 1033 1736 tur,
1052 1702 1081 1729 et
1090 1697 1240 1729 canonicae
1255 1697 1411 1737 subjicitur
1421 1707 1565 1730 censure.

73 1742 218 1780 μέλλουσιν
234 1744 389 1784 εἰσαχθῆναι
405 1745 482 1781 (κατὰ
495 1746 541 1773 τὸν
555 1744 593 1773 νδ⁹
607 1746 704 1773 κανόνα
719 1749 771 1778 τῶς
787 1746 813 1774 ἐν
828 1745 964 1781 Λαοδιδείᾳ
979 1743 1099 1782 συνόδου)
1121 1745 1143 1771 οἱ
1158 1742 1304 1782 θυμελικοὶ,
1322 1743 1365 1770 καὶ
1401 1743 1434 1771 τα
1465 1745 1585 1783 παίγνια.
1611 1741 1638 1773 “Ο
1655 1744 1682 1772 δὲ
1697 1745 1767 1783 παρὰ

70 1787 156 1818 ταῖτα
170 1791 253 1817 ποιῶν
268 1787 426 1828 ἀφορίζεται,
449 1790 493 1818 καὶ
507 1789 657 1827 ἐπιτιμᾶται
672 1793 826 1823 κανονικῶς.

116 1833 286 1871 Ἦρώτησας,
310 1833 494 1873 εὖλαϐἐστατε,
531 1834 572 1863 ὅτι
607 1835 715 1876 Τρύφων
742 1846 794 1874 τις,
831 1835 900 1864 οὕτω

75 1877 250 1917 καλούμενος,
287 1877 482 1916 ἐμνηστεύσατο
512 1879 592 1919 κόρην
620 1879 702 1914 ἀτελῆ
723 1880 773 1914 τὴν
794 1879 900 1913 ἡλικίαν

76 1922 182 1951 οὖσαν·
213 1923 256 1950 καὶ
278 1923 361 1960 μήπω
384 1923 528 1962 ἱερολογίας
556 1924 714 1962 γενομένης,
744 1924 811 1962 μηδὲ
837 1935 900 1951 συν-

77 1967 183 2006 αφείας,
199 1967 366 2000 ἐτελεύτησεν
397 1969 414 2002 ἡ
443 1968 509 2007 κόρη
529 1975 535 1983 ·
559 1969 603 1996 καὶ
624 1967 716 1996 ἔλαϐεν
744 1970 758 1996 ὁ
794 1969 863 2008 Τρύφ

982 1969 1010 1996 ta
1026 1964 1237 1995 benedictione
1262 1964 1306 1994 vel
1330 1965 1433 2005 copula
1449 1966 1635 2007 discessisse,
1649 1972 1679 1998 et
1692 1967 1766 2007 Try-

78 2011 170 2051 ἑτέραν
191 2018 318 2050 γυναῖκα,
332 2013 376 2040 καὶ
391 2012 481 2040 τέτοκε
501 2013 640 2052 θυγατέρα.
672 2014 720 2042 Καὶ
748 2014 765 2047 ἡ
786 2013 863 2052 θυγάτ

980 2019 1072 2040 γοηθῐη
1084 2009 1171 2039 aliam
1185 2008 1304 2039 duxisse
1313 2018 1450 2051 uxorem,
1466 2021 1531 2051 quae
1541 2012 1767 2052 peperitﬁliam.

80 2055 148 2090 αύτη
183 2060 229 2085 τοῦ
266 2056 401 2096 Τρύφωνος
433 2057 597 2096 συζεύγνυται
626 2061 663 2094 τῷ
697 2056 861 2097 πρωτεξαδέλ

980 2063 1040 2084 sam
1052 2053 1226 2094 Tryphonis
1237 2053 1326 2084 ﬁliam
1345 2054 1486 2094 conjungi
1496 2065 1562 2086 cum
1575 2056 1681 2096 puella;
1693 2057 1770 2088 illius

78 2103 129 2134 τῆς
159 2101 238 2141 κόρης
274 2100 388 2141 ἐκείνης,
418 2101 478 2134 ἥτις
506 2103 749 2140 προμνηστευθετσιι
776 2102 814 2139 τῷ
835 2107 863 2141 Τξ

983 2097 1136 2135 nsobrino,
1150 2107 1216 2138 qnze
1227 2108 1255 2138 pi
1266 2098 1311 2128 ius
1321 2097 1472 2138 Tryphoni
1482 2100 1700 2140 desponsatain
1710 2101 1769 2132 im-

80 2156 158 2185 φωνι,
176 2139 202 2172 ἐν
225 2144 317 2173 ἀτελεῖ
398 2145 490 2183 ἡλικίᾳ
512 2139 681 2180 τετελεύτηκε
698 2154 705 2161 ”
731 2147 773 2174 καὶ
804 2139 863 2182 ἐζήτ

984 2143 1075 2174 rfecta
1089 2146 1174 2173 aetate
1189 2142 1271 2173 obiit.
1301 2142 1448 2178 Quaasiisti
1469 2139 1597 2182 discere,
1614 2155 1650 2177 an
1666 2147 1771 2176 vetitus

81 2200 127 2222 σας
150 2191 257 2227 μαθεῖν,
291 2191 313 2218 εἰ
346 2189 475 2218 κωλύεται
511 2191 542 2218 τὸ
569 2195 685 2219 τοιοῦτον
719 2190 863 2230 συνάλλαγι.

1000 2187 1068 2217 talis
1082 2191 1262 2217 contractus.
1279 2186 1314 2217 Et
1330 2187 1523 2219 rescribimus
1541 2199 1547 2220 :
1562 2191 1585 2220 si
1605 2191 1772 2230 sponsailla

83 2234 132 2262 Καὶ
150 2233 205 2262 ἰδοὺ
220 2234 355 2274 γράφοιμεν
370 2245 423 2274 σοι,
453 2234 493 2262 ὅτι
522 2234 566 2262 ἐὰν
592 2234 690 2268 ἀτελὴς
710 2235 743 2269 ἦν
771 2235 857 2268 ἐκείνη

980 2241 1004 2262 ›η
1021 2232 1074 2262 fuit
1089 2232 1143 2262 viri
1173 2236 1286 2272 potens,
1313 2233 1439 2264 necdum
1471 2234 1640 2274 nuptiarum
1665 2245 1769 2275 capax,

81 2279 202 2315 μνηστὴ,
237 2280 281 2307 καὶ
309 2278 381 2307 οὔπω
408 2278 487 2312 δεκτη
516 2280 613 2318 γάμου,
636 2279 800 2319 παράνομος,
830 2280 862 2313 ἧν

980 2277 1056 2316 iusta
1072 2286 1137 2307 esse
1152 2276 1302 2316 sponsalia
1314 2279 1333 2298 ι·
1351 2281 1380 2307 et
1392 2286 1444 2317 pro
1462 2278 1551 2309 nullis
1570 2279 1684 2317 haberi,
1703 2280 1771 2310 nul-

82 2323 223 2360 μνηστείιί,
245 2324 288 2353 καὶ
301 2323 358 2352 ἀντ’
382 2322 484 2356 οὐδενὸς
512 2323 695 2362 λογισθήσεται
713 2333 720 2341 '
747 2325 789 2351 καὶ
818 2324 863 2351 οὒκ

980 2330 1066 2361 mque
1081 2321 1199 2352 obstare
1211 2322 1237 2352 ei
1255 2322 1419 2352 contraclui
1430 2322 1686 2363 impedimentum,
1700 2325 1771 2364 quin

80 2366 192 2405 κώλυμα
214 2366 286 2397 οὐδὲν
308 2369 344 2400 είς
371 2369 402 2396 τὸ
430 2372 550 2397 τοιοῦτον
578 2367 750 2407 συνάλλαγμα
766 2391 774 2405 ,
809 2369 853 2396 καὶ

980 2366 1115 2406 'yphonis
1131 2366 1190 2397 ﬁlia
1205 2366 1288 2398 licite
1304 2366 1396 2398 nubat
1410 2367 1490 2399 illius
1506 2368 1695 2400 consobrino.

82 2412 199 2450 θυγάτηρ
214 2417 260 2441 τοῦ
271 2413 410 2452 Τρύφωνος
435 2411 579 2444 ἀκωλύτως
603 2412 730 2450 λαμϐάνει
745 2413 789 2441 τὸν
804 2413 909 2452 πρῶτον

80 2455 182 2490 ἐκείνης
197 2455 346 2497 ἓξάδελφον.

980 1830 1463 1871 Interrogasti,religiosissime,de
1475 1832 1632 1873 Tryphona
1641 1833 1766 1874 quodam

941 1877 992 1918 qui
1008 1876 1052 1908 sic
1066 1875 1237 1914 vocabatur,
1269 1884 1336 1905 eum
1358 1876 1478 1907 scilicet
1501 1877 1697 1918 despondisse
1712 1877 1768 1908 sibi

943 1920 1124 1961 imperfectae
1151 1920 1245 1950 aetatis
1261 1919 1398 1960 puellam,
1432 1930 1556 1962 eamque
1572 1923 1701 1954 nondum
1718 1932 1767 1953 se-

748 2540 876 2573 VABIE
898 2540 1115 2573 LECTIONES.

127 2599 159 2624 Η
173 2599 319 2638 συμϐολῆς.
344 2600 531 2639 ωσυμϐολῆς.

121 2669 132 2683 °
146 2666 340 2706 provinciali.
349 2683 362 2704 υ
375 2675 445 2698 cum
457 2667 528 2699 aliis
544 2667 668 2699 cmntno
682 2667 782 2698 rebus.
821 2672 834 2693 ει
847 2670 910 2698 tum
918 2666 1130 2699 oblationibus.
1143 2676 1154 2690 τ
1165 2676 1284 2707 pagano
1299 2677 1396 2700 more.
1414 2674 1424 2688 '
1437 2670 1566 2700 secundo
1580 2669 1771 2701 nubentt'um.

85 2715 93 2733 ι
111 2719 148 2742 ea:
161 2710 296 2743 collecta.
312 2718 326 2734 ιι
342 2711 503 2753 illegitima
514 2713 606 2752 fuisse
616 2711 782 2753 sponsalia.
