1946 3080
154 120 226 154 1011

391 187 542 222 JOANNIS
560 189 732 222 ZONARE.

191 235 296 275 Magni
321 234 474 275 quondam
501 235 663 275 drungarii
690 235 790 275 viglae,
807 237 834 266 et
846 235 942 275 primi
957 242 975 265 α

150 281 285 320 secretis,
305 279 410 311 Oratio
438 281 478 310 ad
501 289 562 317 eos,
592 281 645 320 qui
660 280 836 312 naturalem
851 280 975 311 seminis

152 326 269 359 ﬂuxum
280 324 505 356 immunditiem
517 325 702 356 existimant.

191 369 258 400 Noli
269 369 368 409 justus
397 378 463 400 esse
487 369 612 399 multum
628 375 650 406 ιι,
669 377 766 409 neque
794 368 896 408 regula
911 368 975 408 ipsa

149 413 336 453 rectioniﬁai
351 418 421 444 sunt
437 414 591 445 sententiae
602 414 816 453 praestantioris
827 417 855 444 et
871 417 977 444 nostra

150 459 316 500 sapientiae.
346 457 430 494 Quod
459 458 484 488 si
508 462 719 488 extraneorum
750 457 903 498 quidpiam
933 457 977 487 eis

150 503 332 535 assuendum
346 503 384 533 sit
396 503 463 542 (nec
474 503 554 532 enim
571 511 636 542 quae
648 502 767 533 illorum
780 506 859 539 sunt,
878 501 978 532 omnia

151 547 325 588 rejicienda)
333 546 385 577 :Ne
391 547 462 587 quid
472 546 721 583 nimis.Quorsum
731 551 827 577 autem
837 547 893 577 hoc
904 545 978 576 mihi

152 591 329 633 praeludium
345 595 400 629 est,
418 591 637 631 quamprimum
658 591 784 622 dicetur.
802 591 882 621 Multi
897 591 976 621 enim

152 645 269 673 eorum,
288 635 339 676 qui
359 635 539 667 exactiorem
566 636 771 666 monachicam
789 635 976 675 disciplinam

151 681 260 713 sectari
275 680 423 717 videntur,
441 686 471 711 et
486 680 577 711 veluti
591 680 627 711 ad
643 680 806 720 spiritalius
821 680 975 717 inclinant,

152 730 184 757 ut
199 724 418 756 immunditiem
440 724 582 764 aliquam,
598 725 763 756 naturalem
779 725 902 755 seminis
918 725 976 754 tiu.

151 779 220 801 xum
234 769 416 800 arbitrantur
431 777 437 798 :
465 778 525 799 non
548 769 642 799 solum
657 769 775 808 quando
790 778 857 799 cum
871 768 977 808 imagi—

151 814 273 846 natione
287 813 386 854 aliqua
405 813 573 852 contigerit,
591 813 644 845 sed
661 817 690 844 et
705 813 730 844 si
745 813 856 853 absque
870 813 975 852 imagi-

152 859 284 890 natione.
314 858 411 897 Atque
436 857 510 888 adeo
540 857 687 898 pollutum
715 857 884 889 existimant
897 867 977 894 eum,

153 904 203 945 qui
215 902 245 934 id
276 910 380 942 passus
403 906 470 942 est;
495 907 526 932 ut
553 911 612 933 non
645 911 712 933 eum
729 903 816 933 modo
829 907 980 945 arceanta

152 943 422 980 sanctiﬁcationum
435 961 448 976 v
469 946 707 987 participatione,
736 947 789 978 sed
812 947 874 987 jam
890 943 981 987 aliqui

152 994 299 1034 attingere
312 993 410 1034 ipsum
423 993 553 1024 divinam
565 1012 576 1027 χ
587 995 747 1033 imaginem
765 994 942 1034 prohibeant
956 1000 978 1025 Y.

152 1038 195 1070 Ita
221 1038 444 1069 immunditiam
469 1038 616 1078 judicant,
657 1039 822 1070 naturalem
856 1038 980 1069 seminis

152 1081 366 1114 excretionem.
383 1082 598 1123 Disputandum
615 1092 684 1114 vero
700 1093 766 1114 cum
782 1083 840 1120 his,
856 1083 979 1114 demon-

153 1127 379 1167 strandumque,
396 1127 476 1158 hunc
495 1127 632 1159 aﬂ‘ectum
644 1137 740 1169 neque
748 1137 868 1169 semper
878 1127 978 1158 incul—

152 1175 254 1212 patum
280 1180 356 1209 esse,
374 1180 473 1211 neque
502 1171 688 1210 indistincte,
708 1174 759 1213 qui
785 1182 852 1203 eum
877 1181 981 1212 passus

153 1215 412 1256 est,puniendum.
438 1216 514 1247 Illud
530 1217 610 1247 enim
624 1217 790 1248 exhortatio
802 1227 812 1242 ι
825 1217 860 1247 ad
877 1214 996 1247 libidi-V

152 1269 222 1291 nem
237 1269 244 1291 :
262 1261 410 1299 reliquum
425 1265 535 1298 autem,
557 1261 610 1292 viae
639 1262 812 1302 praeparatio
823 1262 858 1292 ad
872 1261 979 1301 despe-

153 1305 309 1336 rationem.
327 1305 359 1336 Si
375 1306 456 1336 enim
477 1305 528 1346 qui
545 1315 603 1336 non
620 1315 674 1337 sua
688 1310 793 1346 sponte
810 1306 982 1337 necessitati

153 1354 266 1380 naturae
292 1349 454 1389 subjectus,
485 1354 514 1380 et
529 1349 594 1380 sine
612 1351 781 1390 perturbata
796 1363 810 1379 a
825 1350 982 1381 affectione

154 1403 258 1434 passns
272 1394 455 1425 excrementi
471 1395 668 1434 egestionem,
684 1395 981 1434 immundusjudica—

154 1444 213 1476 tur,
231 1442 260 1470 et
274 1448 309 1470 ex
323 1439 473 1470 sententia
488 1439 671 1470 exactiorum
690 1439 844 1470 doctorum
862 1439 980 1479 repelli-

154 1488 234 1515 tura
260 1483 494 1514 sanctiﬁcatione
521 1494 527 1514 :
559 1483 711 1523 quomodo
743 1483 894 1524 propriam
922 1493 980 1514 non

155 1528 357 1569 desperaverit
392 1528 529 1566 salutem,
573 1528 623 1568 qui
649 1528 783 1558 libidinis
809 1528 924 1568 impetu
951 1528 981 1558 in

155 1573 254 1604 simile
264 1573 365 1604 vitium
374 1573 571 1613 inciderit,vel
584 1578 690 1612 sponte
702 1573 731 1603 in
743 1573 981 1604 commistionem

155 1617 304 1658 collapsus
313 1617 425 1648 fuerit?
443 1616 475 1649 Si
496 1617 596 1657 igitur,
613 1617 683 1648 boni
699 1617 764 1658 viri,
785 1627 820 1648 ex
833 1627 981 1649 canonum

155 1663 334 1703 ignorantia,
345 1663 410 1693 hinc
427 1662 511 1694 vobis
523 1662 683 1693 constituta
695 1666 724 1693 et
735 1662 879 1702 disposita
889 1666 957 1693 sunt
974 1673 980 1692 :

156 1707 278 1745 docere,
296 1711 324 1738 et
350 1707 506 1738 ratiocinia
521 1709 534 1730 δ
549 1707 698 1748 accipere,
732 1711 761 1738 et
776 1707 983 1747 peccatoribus

156 1753 289 1792 irrogare
306 1761 421 1792 pmnas,
437 1751 520 1783 vobis
532 1761 592 1782 non
610 1751 747 1782 convenit
761 1760 767 1783 :
787 1752 982 1792 quemadmo-

156 1797 226 1828 dum
243 1806 299 1828 nec
315 1796 471 1835 medicari,
499 1796 573 1827 artis
595 1796 719 1827 medicze
735 1797 882 1836 imperito.
901 1797 984 1833 Quod

157 1843 183 1872 si
200 1841 342 1882 scientes,
361 1841 411 1872 ubi
428 1850 558 1872 canones
588 1841 718 1880 genitale
734 1841 909 1881 proﬂuvium
928 1851 984 1882 pu-

157 1886 254 1924 niunt,
287 1890 315 1917 et
342 1885 393 1917 ubi
434 1895 493 1916 non
523 1885 661 1926 puniunt,
697 1895 747 1916 eos
778 1889 877 1916 tamen
903 1886 986 1917 velut

156 1931 323 1962 Platonicas
351 1930 444 1970 leges,
473 1929 570 1961 sinitis
596 1929 718 1969 negligi,
748 1939 764 1961 a
785 1930 867 1960 vobis
884 1934 982 1961 autem

155 1975 229 2016 ipsis
240 1985 345 2017 poenas
360 1974 497 2014 irrogatis
526 1973 573 2011 iis,
592 1974 641 2014 qui
663 1974 746 2005 vobis
759 1974 886 2014 subjecti
905 1979 983 2011 sunt,

841 123 857 155 J
860 123 906 154 US
926 121 1148 155 CANONIGUM

1764 121 1849 155 1012

1237 197 1383 233 xanimor
1397 197 1460 222 τοι*
1477 196 1619 222 ΖΩΝΑΡΑ.

1019 249 1033 266 α
1050 242 1101 267 Τοῦ
1115 239 1254 278 γεγονότος
1270 239 1387 278 μεγάλου
1403 238 1571 279 δρουγγαρίου
1597 242 1645 273 τῆς
1666 237 1773 279 βίγλας,
1798 239 1845 266 καὶ

1057 279 1302 330 πρωτοασηκρῆτις,
1320 280 1403 319 Λόγος
1418 281 1484 319 πρὸς
1506 280 1566 312 τοὺς
1590 281 1638 313 τὴν
1660 279 1776 320 φυσικὴν
1793 279 1844 312 τῆς

1106 322 1118 326 _
1154 320 1160 330 ’
1286 320 1291 329 1
1383 321 1389 330 (
1474 320 1478 329 Ι

1056 322 1136 357 γονῆς
1153 320 1247 359 ἐκροὴν
1262 320 1364 358 μίασμα
1379 320 1553 358 ἡγουμένους.
1572 331 1585 347 »

1056 366 1100 399 Μὴ
1129 367 1200 405 γίνου
1222 365 1319 398 δίκαιος
1349 366 1427 404 πολὺ,
1451 366 1519 404 μηδὲ
1551 367 1624 406 γίνου
1653 370 1699 395 τοῦ
1729 366 1844 397 κανόνος

1019 410 1163 450 εὖθύτερος.
1195 415 1301 449 Γνῶμαι
1337 416 1417 440 ταῦτα
1452 412 1499 446 τῆς
1536 412 1717 452 εὔγενεπὲρας
1746 411 1844 451 σοφίας

1019 455 1062 483 καὶ
1083 455 1212 495 ἡμετέρας
1228 456 1300 485 εἰσίν.
1322 458 1349 484 Ei
1377 456 1404 484 δὲ
1426 455 1467 484 δεῖ
1496 464 1649 496 παρενεϊραι
1676 457 1777 487 τούτοις
1818 467 1845 484 τι

1018 501 1061 528 καὶ
1089 503 1140 528 τῶν
1170 500 1261 533 ἔξωθεν
1290 499 1359 540 (055%
1381 502 1430 540 γὰρ
1452 502 1537 529 πάντα
1566 502 1598 529 τὰ
1632 501 1738 529 ἐκείνων
1773 501 1849 528 ἀπό-

1018 543 1128 584 ϐλητα),
1146 545 1233 578 Μηδὲν
1246 544 1323 584 ἄγαν.
1354 545 1411 585 Ἐφ’
1440 548 1463 582 ᾤ
1483 545 1509 573 δέ
1532 558 1578 583 μοι
1605 550 1687 575 ταῦτα
1715 557 1842 584 προανα-

1017 590 1182 629 κέκρουιγτειι¹
1214 590 1305 618 αὖτίκα
1333 590 1365 624 δὴ
1386 590 1457 627 μάλα
1478 591 1631 629 ῥηθήσεται.
1663 589 1759 618 Πολλοὶ
1788 593 1847 618 τῶν

1018 633 1199 673 ἀκριϐέστερον
1221 635 1292 674 τάχα
1322 635 1440 672 μετιέναι
1469 634 1614 664 δοκούντων
1644 635 1692 669 τὴν
1722 646 1847 674 μοναχι-

1018 679 1068 712 κὴν
1091 678 1238 719 πολιτείαν,
1265 680 1308 707 καὶ
1336 679 1468 717 ῥεπόντων
1495 681 1552 707 οἷον
1578 681 1644 719 πρὸς
1673 681 1704 707 τὸ
1725 690 1852 716 πνευμα-

1018 723 1171 763 τικότερον,
1201 725 1238 754 ὡς
1269 724 1372 762 μίασμά
1402 735 1425 751 τι
1453 724 1503 757 τὴν
1539 725 1651 764 φυσικὴν
1678 726 1727 758 τῆς
1762 725 1849 762 γονῆς

1018 768 1164 805 νομίζουσιν
1200 767 1307 806 ἐκροήν.
1349 770 1396 798 Καὶ
1435 769 1465 797 οὒ
1494 769 1573 806 μόνον
1602 769 1645 796 ὅτε
1672 769 1738 806 μετά
1772 779 1849 799 τινος

1019 813 1162 851 φαντασίας
1182 812 1280 852 συμϐῇ,
1309 812 1367 840 ἀλλ’
1398 813 1512 846 ὁπηνίκα
1540 814 1583 841 καὶ
1615 814 1758 852 φαντασίας
1787 824 1850 852 χω-

1021 857 1058 896 ρίς
1075 867 1082 875 ο
1112 858 1156 885 καὶ
1170 863 1293 887 τοσοῦτον
1322 860 1413 890 αὐτοῖς
1441 859 1454 886 ὁ
1485 863 1561 887 τοῦτο
1582 859 1672 886 παθὼν
1702 858 1849 895 μεμιάνθαι

992 898 1010 923 Β
1022 903 1184 942 νενόμισθαι,
1206 903 1242 934 ὡς
1257 903 1295 940 μὴ
1312 903 1391 940 μόνον
1407 905 1456 936 τῆς
1480 906 1532 930 τῶν
1554 903 1726 941 ἁγιασμάτων
1747 902 1850 941 εἴργειν

1022 947 1100 974 αὺτὸν
1129 946 1316 986 μεταλήψεως,
1346 947 1405 975 ἀλλ’
1433 946 1484 980 ἤδη
1511 947 1580 978 τινὲς
1613 948 1657 975 καὶ
1684 947 1851 986 προσψαύειν

1022 991 1098 1018 αὒτὸν
1140 990 1237 1023 εἰκόνος
1282 992 1352 1023 θείας
1395 991 1558 1031 ἀπείργουσι.
1607 991 1682 1020 Οῧτω
1725 991 1853 1030 κέκριται

1019 1037 1122 1068 τούτοις
1151 1038 1296 1076 ἀκαθαρσία
1323 1039 1340 1072 ἡ
1377 1039 1473 1078 φυσικὴ
1503 1043 1548 1067 τοῦ
1571 1037 1719 1076 σπέρματος
1755 1037 1851 1076 ἔκκρι-

1019 1092 1071 1112 σις.
1104 1081 1260 1110 Διαλεκτέον
1295 1081 1321 1110 δὲ
1357 1083 1471 1120 τούτοις,
1500 1083 1544 1111 καὶ
1566 1082 1692 1119 δεικτέον,
1726 1083 1762 1114 ὡς
1791 1080 1851 1110 οὔτ’

1021 1126 1061 1153 ἀεὶ
1088 1127 1118 1154 τὸ
1148 1127 1231 1156 πάθος
1259 1126 1428 1166 ἐνέγκλητον,
1459 1126 1515 1155 οὔτ’
1550 1126 1697 1166 ἀδιαφόρως
1727 1128 1741 1154 ὁ
1770 1130 1852 1155 τοῦτο

1022 1171 1123 1207 παθὼν,
1149 1172 1198 1199 ὑπὸ
1220 1171 1385 1209 ἐπιτίμησιν.
1408 1172 1444 1200 Τὸ
1474 1172 1522 1209 μὲν
1551 1173 1612 1211 γὰρ,
1643 1173 1679 1203 εἰς
1702 1171 1852 1207 ἐμπαθειαν

1022 1216 1158 1254 προτροπή
1176 1223 1183 1229 ·
1207 1217 1237 1243 τὸ
1252 1215 1278 1244 δέ
1303 1227 1333 1254 γε
1360 1215 1464 1253 λοιπὸν,
1494 1215 1698 1256 προοδοποίησις
1727 1216 1853 1255 ἂπογνώ-

1024 1270 1101 1292 σεως.
1127 1260 1155 1288 Εἰ
1171 1261 1220 1299 γὰρ
1242 1261 1256 1288 ὸ
1291 1260 1470 1300 ἀπροαιρέτως
1495 1261 1598 1300 ἀνάγκῃ
1625 1260 1764 1293 δουλεύσας
1797 1263 1850 1295 τῆς

1024 1304 1136 1343 φύσεως,
1174 1305 1217 1332 καὶ
1252 1304 1390 1337 διαθέσεως
1440 1306 1523 1344 χωρὶς
1560 1304 1690 1342 ἓμπαθοῦς
1731 1306 1851 1337 ὑποστὰς

1023 1349 1223 1387 περιττώματος
1272 1349 1400 1388 ἔκκρισιν,
1443 1349 1587 1389 ἀκάθαρτος
1630 1350 1760 1390 κέκριται,

1023 1397 1072 1427 τῆς
1098 1395 1241 1433 ἁγιστείας,
1265 1396 1332 1423 κατὰ
1359 1396 1420 1428 τοὺς
1455 1394 1595 1428 δοκοῦντας
1622 1394 1741 1435 ἀκριϐεῖς
1778 1395 1854 1424 ἐκϐέ-

1023 1437 1118 1472 ϐληται
1146 1443 1199 1467 τῶν
1230 1440 1403 1478 καθηγητῶν,
1432 1441 1445 1468 ὂ
1467 1441 1617 1479 περιπεσὼν
1643 1440 1669 1473 ἐξ
1704 1440 1852 1478 ὲμπαθείας

1805 1351 1853 1379 καὶ

991 1478 1106 1521 Coptoin
1140 1485 1287 1521 παθήματι,
1319 1485 1336 1518 ἢ
1365 1485 1409 1513 καὶ
1437 1478 1532 1524 γνώμῃ
1560 1486 1625 1524 πρὸς
1648 1485 1714 1522 μίξιν
1744 1485 1852 1514 κατολι-

1024 1529 1133 1568 σθήσας,
1163 1531 1220 1560 πῶς
1252 1529 1298 1556 οὒκ
1334 1529 1365 1556 ἂν
1392 1529 1521 1568 ἆπογνοίη
1551 1530 1599 1562 τὴν
1635 1530 1766 1569 σωτηρίαν
1800 1531 1854 1563 τὴν

1024 1573 1142 1612 ictu-:05;
1167 1574 1195 1601 Εἰ
1218 1573 1266 1610 μὲν
1296 1573 1353 1612 οὖν,
1382 1573 1524 1613 βέλτιστοι,
1552 1574 1605 1601 τῶν
1625 1574 1742 1601 κανόνων
1758 1573 1855 1612 ἀγνοίᾳ

1024 1615 1096 1645 ταῦθ’
1131 1618 1194 1654 ὑμῖν
1231 1618 1404 1655 νομοθέτηταί
1438 1629 1466 1645 τε
1508 1619 1552 1646 καὶ
1591 1618 1775 1655 ᾠκοσόμηται,
1820 1619 1854 1646 τὸ

1025 1663 1210 1702 καθηγεῖσθαι,
1254 1664 1297 1690 καὶ
1339 1662 1462 1702 δέχεσθαι
1504 1662 1658 1701 λογισμοὺς,
1703 1674 1747 1690 και
1790 1669 1853 1694 τοῖς

1026 1705 1216 1744 σφαλλομένοις
1243 1707 1378 1747 ἐπιτιμᾷι,
1413 1708 1477 1745 ὑμῖν
1512 1709 1558 1736 οὐκ
1587 1707 1705 1735 ἐπέοικεν
1722 1715 1728 1721 ·
1760 1708 1854 1747 ὥσπερ

1026 1749 1078 1778 οὔδ’
1093 1751 1230 1790 ἰατρεύειν,
1246 1756 1284 1789 τῷ
1304 1754 1352 1785 τῆς
1375 1753 1493 1791 ἰατρικῆς
1523 1751 1624 1792 τέχνης
1640 1752 1847 1790 ἀνεπιστήμονι,

1027 1795 1055 1822 Εἰ
1077 1793 1105 1822 δὲ
1119 1795 1177 1827 τοὺς
1200 1797 1312 1828 κανόνας
1340 1795 1447 1836 εἰδότες,
1477 1797 1520 1824 καὶ
1548 1795 1602 1829 ὅπη
1631 1797 1732 1828 τούτοις
1755 1798 1773 1830 ἡ
1799 1800 1852 1830 τῆς
1868 1807 1884 1821 τ

1026 1842 1107 1878 γονῆς
1137 1839 1296 1868 κεκόλασται
1325 1841 1452 1881 ἔκκρισις,
1475 1842 1518 1869 καὶ
1546 1840 1599 1874 ὅπη
1631 1841 1822 1879 ἀνεπιτίμητος
1844 1864 1852 1870 .

1026 1884 1104 1920 ὑμεῖς
1126 1885 1186 1916 τοὺς
1211 1885 1260 1922 μὲν
1282 1886 1374 1925 ἀργεῖν
1404 1885 1475 1925 ἐᾶτε,
1498 1886 1565 1913 κατὰ
1592 1887 1651 1918 τοὺς
1681 1886 1776 1923 νόμους
1806 1891 1854 1914 το-ῖι

1028 1928 1180 1966 Πλάτωνος,
1212 1930 1258 1969 ἀφ’
1275 1931 1374 1958 ἑαυτῶν
1401 1929 1423 1957 δ’
1453 1930 1591 1967 ἐπιτιμᾶτε
1619 1937 1676 1963 τοῖς
1705 1930 1747 1970 ὑφ’
1770 1931 1855 1970 ὑμᾶς,

1026 1973 1070 2001 καὶ
1091 1973 1318 2011 ἀντινομοθετεῖτε
1340 1981 1398 2005 τοῖς
1427 1974 1591 2012 νομοθέταις,
1615 1976 1658 2003 καὶ
1685 1982 1744 2006 το’ς
1773 1976 1856 2007 θείοις

157 2024 185 2051 et
198 2019 416 2059 legislatoribus
441 2019 593 2050 contraria
617 2019 749 2056 sancitis,
772 2019 941 2059 divinisque
957 2023 986 2050 et

156 2065 249 2096 sacris
278 2063 414 2094 Patribus
444 2062 630 2094 adversantia
656 2063 777 2094 facitis:
812 2073 870 2093 non
897 2063 975 2093 mod¢

1048 2067 1122 2103 υχῶν
1163 2063 1294 2097 ἔκπτωσις
1339 2065 1419 2102 μόνον
1461 2065 1534 2101 ὑμῶν
1570 2066 1852 2104 καταψηφισθήσεται,

158 2110 326 2141 animarum
344 2107 506 2139 curationis
535 2107 660 2148 privatio
684 2108 768 2138 vobis
794 2107 974 2148 irrogabitur

1047 2107 1098 2135 λλὰ
1111 2109 1155 2136 καὶ
1176 2115 1326 2140 κανονικοῖς
1356 2109 1497 2146 ἐπιτιμίοις
1522 2109 1666 2137 ὑποπεσεῖν
1687 2110 1754 2146 ὑμᾶς
1786 2109 1851 2138 ἐπι-

156 2162 259 2184 verum
276 2152 364 2183 etiam
395 2151 550 2183 canonicis
575 2151 671 2191 poenis
693 2152 895 2192 subjiciendos
920 2161 975 2182 οδες

1045 2153 1235 2193 νηφισθήσεται,
1265 2154 1332 2181 κατᾶ
1361 2154 1394 2181 τὰ
1435 2154 1493 2192 περὶ
1527 2154 1625 2182 τούτων
1661 2155 1717 2193 ἱερὰ
1758 2153 1852 2182 διατά-

156 2207 208 2229 vos
222 2197 412 2234 decernetur,
426 2197 508 2237 juxta
521 2206 621 2227 sacras
635 2196 672 2228 de
685 2197 732 2227 his
743 2196 970 2227 constitutiones

1046 2208 1127 2234 ματα,
1153 2199 1188 2226 0ιῦ
1214 2199 1263 2237 γὰρ
1299 2197 1367 2226 ἔστιν
1397 2197 1423 2225 ἐν
1459 2199 1550 2229 αὐτοῖς
1579 2200 1744 2237 προσθεῖναι,
1783 2200 1855 2227 κατᾶ

156 2242 218 2274 Nec
247 2242 326 2274 enim
358 2241 520 2282 quidquam
547 2241 584 2271 iis
619 2241 789 2272 addendum
819 2244 873 2278 est,
901 2241 975 2280 juxt:

1045 2242 1074 2275 ὴν
1089 2244 1158 2270 θείαν
1175 2243 1293 2282 Γραφὴν,
1310 2244 1353 2270 καὶ
1378 2241 1424 2270 ἀπ’
1451 2245 1535 2272 αὐτῶν
1564 2243 1610 2271 οὒκ
1631 2243 1700 2271 ἔστιν
1729 2242 1853 2283 ἀφελεῖν,

158 2286 287 2318 divinam
298 2279 493 2327 Scripturam,
524 2290 553 2317 et
576 2285 612 2316 ab
637 2286 674 2317 iis
697 2286 878 2317 demendum
896 2279 969 2316 nihil

1045 2292 1056 2315 )
1079 2286 1106 2314 δὲ
1129 2287 1212 2326 μέγας
1246 2287 1348 2319 Παῦλος
1380 2288 1423 2314 καὶ
1458 2287 1602 2324 ἆναθέματι
1629 2288 1779 2327 κατακρίνει
1808 2289 1856 2316 τὸν

158 2334 282 2372 Magnus
292 2335 390 2362 autem
399 2331 703 2362 Paulusanathemate
711 2330 798 2361 etiam
810 2329 975 2360 condemna

1045 2332 1117 2371 τερόν
1142 2343 1166 2360 τι
1194 2331 1256 2370 παρ’
1285 2331 1349 2370 ὅπερ
1371 2330 1501 2368 ἐλάϐομει
1530 2331 1774 2371 εὗαγγελιζόμενον,
1805 2332 1857 2360 κᾶν

157 2386 238 2414 eum,
267 2377 317 2417 qui
347 2379 454 2416 printer
477 2376 519 2414 id,
539 2375 617 2416 quod
634 2375 817 2415 accepimus,
837 2375 986 2414 evangeli-

157 2421 268 2453 zaverit
296 2420 462 2461 quidpiam,
495 2419 584 2451 etiam
612 2419 638 2450 si
667 2419 790 2458 angelus
821 2423 910 2450 esset.
928 2421 989 2450 Vos

156 2469 271 2503 autem,
289 2465 423 2506 quamvis
445 2464 481 2495 ad
501 2464 617 2495 virtutis
642 2464 801 2494 videamini
819 2464 989 2504 pervenisse

156 2510 317 2551 fastigium,
348 2510 436 2550 longe
466 2509 502 2540 ab
529 2509 665 2549 angelica
692 2509 834 2548 dignitate
863 2508 987 2541 distatis.

157 2555 241 2593 Quod
253 2555 279 2587 si
290 2555 412 2595 angelos
422 2554 503 2586 aliud
525 2553 676 2595 quidpiam
695 2554 872 2585 inducenles
884 2558 991 2594 praeter

1028 2019 1143 2057 Πατράσι
1172 2021 1216 2048 καὶ
1244 2022 1324 2059 ἱεροῖς
1347 2019 1572 2048 ὰντιδιατάττεσθε
1590 2030 1597 2037 ⁸
1627 2020 1655 2048 οὐ
1691 2021 1854 2059 προστασίας

1030 2375 1141 2415 ἅγγελος
1212 2372 1303 2414 Τμεϊς
1325 2375 1364 2413 δὲ,
1380 2375 1429 2404 κᾶν
1444 2377 1480 2408 εἰς
1499 2376 1548 2410 τὴν
1578 2379 1626 2411 τῆς
1649 2377 1744 2416 ἀρετῆς
1767 2377 1860 2416 ἀκρώ-

1031 2432 1102 2460 ρειαν
1129 2421 1286 2454 ἕλη).ακέναι
1315 2420 1422 2457 δοκῆτε,
1445 2420 1513 2449 ἀλλὰ
1540 2421 1608 2449 πολὺ
1633 2425 1681 2455 τῆς
1704 2421 1776 2454 ἂΞίας
1804 2425 1855 2456 τῆς

1031 2465 1174 2505 ἁγγελικῆς
1213 2464 1377 2500 διεστήκατε.
1421 2466 1450 2493 Εἰ
1486 2464 1509 2492 δ’
1542 2465 1670 2505 ἀγγέλους
1706 2465 1794 2505 ἕτερόν
1831 2478 1856 2494 τι

1031 2511 1102 2545 παρὰ
1137 2511 1168 2538 τα
1208 2509 1331 2547 δεδομένα
1373 2510 1525 2548 εἰσάγοντας
1567 2511 1709 2548 ἆναθέματι
1750 2513 1857 2539 καθυπ-

1032 2554 1123 2582 έϐαλεν
1140 2556 1153 2583 ὁ
1167 2556 1238 2587 θεῖος
1262 2553 1434 2593 Ἀπόστολος,
1458 2553 1511 2592 ἐγὼ
1527 2555 1576 2592 μὲν
1591 2554 1664 2585 οὖόὲν
1679 2554 1778 2595 φαῦλον
1793 2555 1855 2595 ἐρῶ,

1030 2600 1108 2636 ὑμεῖς
1129 2598 1152 2627 δ’
1167 2594 1277 2627 οἶδ’ὅτι
1305 2598 1413 2636 συνίετε,
1437 2598 1486 2626 κᾶν
1514 2600 1592 2632 αὗτὸς
1619 2594 1759 2639 φείδωμαι.
1789 2594 1854 2629 ιὈτι

1030 2644 1057 2673 δὲ
1087 2645 1194 2673 κανόσιν
1229 2644 1404 2680 ἑναντιοῧσθε,
1434 2642 1582 2684 ἀδιαφόρως
1609 2645 1668 2678 τοὺς
1696 2644 1856 2684 ὀνειρασθέν-

159 2610 205 2640 ea,
221 2609 287 2642 quae
298 2599 406 2631 tradita
415 2599 511 2638 fuere,
536 2599 719 2630 anathemati
729 2599 857 2639 subjecit
872 2598 990 2630 divinus

159 2645 332 2687 Apostolus,
347 2644 422 2676 nihil
449 2643 590 2685 equidem
605 2643 774 2675 ominosum
797 2643 894 2674 dicam
913 2653 919 2673 :
938 2653 989 2675 vos

839 2731 965 2765 VARI/El
988 2731 1212 2766 LECTIONES.

153 2806 168 2823 ιι
200 2800 347 2834 nimium.
390 2804 667 2834 sacramentorum.
683 2817 696 2833 ι
719 2808 849 2832 sacram.
865 2813 878 2835 γ
907 2809 1001 2841 usque
1028 2801 1116 2834 adeo.
1133 2818 1144 2834 α
1172 2801 1329 2834 excitatio.
1344 2805 1357 2821 ⁸
1385 2804 1451 2833 sine
1477 2801 1597 2833 vitiosa.
1611 2808 1624 2829 b
1650 2803 1857 2843 confessione:

150 2845 254 2887 στέφε
261 2855 296 2878 re
301 2871 308 2879 .
