1946 3080
180 137 256 170 1015

854 139 919 170 JUS
941 137 1165 172 CANONICUM

1789 141 1866 177 1016

177 207 237 241 tur,
252 205 424 237 munditiei.
453 206 486 236 Id
513 215 583 237 vero
613 205 690 246 quod
716 206 757 242 ﬁt,
776 204 891 235 insidiae
905 214 945 235 me

1095 207 1143 242 λει,
1160 210 1197 244 τῷ
1211 206 1310 244 δοκεῖν,
1342 209 1533 248 καθαρότητος.
1565 203 1646 238 ’Ἔστι
1675 208 1703 236 δὲ
1735 210 1766 238 τὸ
1789 211 1863 248 γινό-

177 251 258 287 sunt,
276 259 366 289 quam
383 250 570 281 examinatio.
587 249 625 281 Ut
647 249 727 280 enim
756 249 868 280 athetas
896 253 997 280 avocet

177 302 193 323 a
212 298 354 325 consueta
369 298 397 324 et
424 294 544 325 salutari
573 293 792 330 exercitatione,
823 298 852 324 et
878 293 997 324 vincere

176 337 322 376 videatur,
341 339 452 378 pariter
467 338 535 369 talia
548 337 685 378 quadam
708 338 815 368 excitat
829 337 995 378 bombycia.

178 381 254 418 Quid
264 383 356 422 enim,
369 382 428 422 dic,
441 383 549 420 amice,
562 382 674 422 peccati
684 381 783 420 habet,
799 386 850 413 aut
864 382 996 412 immun-

177 425 272 465 ditiei,
289 427 430 458 naturalis
443 427 541 467 aliqua
570 426 729 457 excretio‘?
759 426 882 466 perinde
911 435 944 457 ac
972 427 997 457 si

176 471 243 510 quis
271 471 360 502 vellet
383 471 413 501 in
443 471 557 502 crimen
583 471 657 502 verti
689 480 808 502 mucum
834 480 887 511 per
911 479 997 502 nares

175 516 328 552 emissum,
347 519 376 546 et
389 515 450 546 oris
477 520 606 555 stupum,
637 516 694 546 hoc
725 515 862 555 amplius,
886 514 996 545 ventris

175 563 377 590 excrementa.
395 559 478 595 Quod
491 559 517 590 si
532 560 585 590 Dei
602 569 742 590 manuum
758 569 833 599 opus
848 569 913 590 esse
928 568 996 590 cre—

175 603 274 634 dimus
280 603 444 643 hominem,
451 604 535 644 juxta
544 604 658 635 divinas
665 603 996 644 Scripturas,quomodo

174 647 270 688 potuit
282 657 299 678 a
309 648 420 679 munda
440 648 574 689 potentia
591 658 665 688 opus
675 649 793 688 aliquod
808 648 996 688 inquinatum

174 692 259 723 ﬁeri?
271 692 340 723 Etsi
354 693 407 723 Dei
419 695 577 733 progenies
593 702 708 730 sumus,
721 693 887 724 secundum
900 692 998 723 divina

174 737 374 777 apostolorum
389 741 471 776 Acta,
489 737 564 768 nihil
592 737 737 769 habemus
765 737 797 767 in
824 737 910 768 nobis
924 737 997 777 ipsis

174 781 372 813 immundum.
391 781 474 813 Tunc
490 782 569 812 enim
585 782 679 813 solum
695 782 866 822 polluimur,
878 781 995 821 quando

173 825 385 865 impiissimum
427 826 640 857 committimus
670 830 836 866 peccatum.
871 825 995 862 Quando

173 874 272 901 autem
301 871 443 902 naturalis
470 871 569 910 aliqua
597 875 704 911 prater
747 871 926 901 voluntatem
965 871 1026 900 ﬁtB

174 914 315 953 excretio,
331 918 404 946 tunc
429 919 541 946 naturae
562 915 740 946 necessitate
755 925 822 946 cum
844 914 912 945 aliis
928 919 956 945 et
966 914 996 944 id

176 959 305 1000 patimur
328 959 364 990 Et
376 964 441 999 post
450 960 508 990 alia
519 969 526 991 ι
537 960 757 991 Dixeritautem
773 959 838 1000 quis
855 959 995 1000 probabi-

173 1004 259 1035 liter:
276 1003 424 1035 Naturalis
435 1004 495 1035 ulla
505 1004 634 1035 excretio
649 1014 708 1035 non
731 1003 831 1034 subdit
854 1013 909 1034 nos
922 1013 995 1043 sup-

173 1049 275 1089 plicio.
288 1047 323 1079 Et
334 1048 460 1079 fortasse
475 1049 658 1079 medicorum
683 1049 734 1079 ﬁlii
747 1058 800 1088 pro
815 1049 862 1078 his
877 1058 995 1079 causam

173 1092 284 1131 dicent,
296 1093 374 1133 quod
385 1093 506 1124 animali
515 1093 591 1124 data:
601 1093 660 1123 sint
669 1093 847 1124 necessariw
861 1093 995 1133 quadam

174 1137 239 1174 viaz,
258 1146 311 1177 per
325 1147 398 1177 quas
421 1137 636 1177 membrorum,
664 1147 729 1178 quae
757 1137 788 1167 in
818 1146 997 1177 unoquoque

173 1185 306 1212 nostrum
319 1181 499 1219 coalescunt,
524 1183 675 1222 superﬂua
690 1182 854 1217 mittantur,
869 1186 899 1212 ut
913 1181 996 1221 capi-

173 1226 212 1257 tis
227 1231 428 1264 excrementa,
448 1226 514 1267 pili,
544 1232 574 1258 et
589 1236 655 1267 quae
683 1236 699 1257 e
720 1226 816 1267 capite
844 1227 998 1257 mittuntur

170 1280 296 1311 aquosa,
309 1271 338 1302 ét
353 1271 410 1302 alvi
426 1271 639 1311 dejectiones:
671 1271 761 1310 igitur
789 1276 818 1302 et
847 1276 995 1302 meatuum

176 1315 365 1346 seminalium
381 1315 432 1346 illa
443 1315 642 1355 superﬂuitas.
657 1315 739 1351 Quod
754 1325 823 1355 ergo
835 1320 878 1346 est
892 1316 995 1346 adver-

173 1369 224 1391 sus
251 1359 345 1391 Deum
374 1363 540 1400 peccatum,
557 1369 624 1391 cum
648 1359 793 1391 Dominus
808 1361 873 1400 ipse
888 1361 996 1391 animal

175 1405 304 1443 ﬁnxerit,
334 1404 498 1444 feceritque
525 1405 589 1435 haec
615 1403 750 1435 membra
785 1404 858 1436 tales
886 1404 997 1436 habere

174 1449 320 1481 decursus
335 1449 350 1480 ‘I

215 1539 275 1570 Sed
291 1539 356 1570 haec
385 1538 594 1579 praedictorum
618 1539 736 1570 Patrum
765 1541 834 1568 sunt
849 1531 1024 1570 instituta.c

172 1583 248 1620 Quid
275 1588 374 1615 autem
415 1592 478 1621 vos,
509 1592 633 1614 summa;
675 1582 812 1623 puritatis
836 1583 929 1613 exacti
954 1584 997 1622 (ut

171 1627 368 1662 arbitramini}
401 1627 551 1665 custodes,
577 1628 629 1668 qui
656 1628 744 1658 etiam
786 1627 996 1667 imaginatione

171 1672 332 1703 libidinosa
346 1676 496 1703 carentem
512 1672 623 1704 ﬂuxum
640 1672 760 1712 punitis,
779 1676 807 1702 et
832 1673 996 1703 naturalem

173 1717 332 1758 spermatis
347 1717 562 1754 excretionem,
579 1717 782 1757 impuritatem
798 1716 970 1747 existimatis
984 1716 997 1748 ’ἶ

174 1770 288 1802 eosque
305 1761 356 1802 qui
370 1761 401 1791 id
418 1761 577 1801 patiuntur,
607 1761 687 1792 nullo
703 1761 795 1792 animi
811 1762 997 1801 praecedente

171 1811 266 1844 motu,
277 1815 294 1837 a
306 1806 587 1837 sanctiﬁcationihus
601 1805 747 1846 repellitis
755 1808 779 1835 ε’
803 1805 819 1835 ?
834 1810 863 1837 et
877 1807 996 1836 interim

171 1860 232 1882 non
249 1850 427 1882 erubescitis
439 1860 546 1890 magno
563 1850 726 1882 Athanasio
755 1851 905 1882 contraria
933 1854 996 1881 sta-

170 1899 290 1927 tuentes
322 1895 353 1925 in
393 1895 532 1935 prasenti
561 1895 640 1926 enim
669 1900 794 1926 caiteros
829 1899 995 1936 praetereo),

170 1940 278 1980 iisque,
291 1949 358 1980 quae
368 1939 421 1970 ille
431 1939 559 1980 scripsit,
570 1940 718 1971 contraria
733 1939 892 1971 facientes?
907 1940 996 1979 Cujus

171 1992 326 2016 sernones
342 1987 371 2015 et
386 1984 484 2023 magni
499 1985 614 2021 Patres,
641 1984 752 2025 quique
781 1984 818 2014 ad
847 1993 995 2014 summum

171 2033 293 2060 externa
315 2028 480 2069 sapientiae,
502 2032 532 2059 et
546 2028 653 2059 divinae
668 2032 758 2068 atque
773 2031 892 2069 nostra},
925 2038 996 2068 pro-

169 2073 246 2105 vecti
263 2077 332 2104 sunt
346 2084 353 2103 :
370 2073 452 2104 orbis
463 2078 608 2104 terrarum
631 2073 789 2104 luminaria
804 2077 833 2103 et
847 2075 994 2110 doctores,

171 2119 202 2149 in
218 2117 327 2158 quibus
343 2122 444 2149 nostra
458 2117 588 2148 stabilita
602 2117 740 2155 estﬁdes,
756 2127 809 2157 pro
820 2117 996 2149 deﬁnitioni-

172 2162 228 2194 bus
244 2167 273 2194 et
288 2162 444 2193 sententiis
460 2162 858 2202 acceperunt.0vecordiam
870 2167 994 2193 vestram

172 2207 219 2238 vel
234 2206 439 2244 stoliditatem,
455 2211 526 2238 etut
534 2206 632 2238 verius
646 2207 742 2237 dicam
755 2212 779 2243 ιι,
792 2207 969 2247 imperitiam
987 2207 993 2236 l

171 2251 273 2293 Neque
287 2251 464 2291 intelligitis,
477 2261 544 2282 meo
555 2251 675 2291 quidem
686 2251 800 2290 judicio
812 2253 830 2290 ί,
842 2261 892 2282 vos
902 2252 998 2291 judai-

172 2306 251 2338 zare,
280 2300 310 2328 et
339 2297 456 2327 Veteris
482 2295 666 2327 Testamenti
692 2305 836 2327 renovare
852 2295 995 2333 instituta,

171 2351 237 2382 quae
249 2341 386 2373 Servator
401 2345 502 2372 noster
517 2341 606 2371 homo
620 2341 714 2372 factus
728 2341 828 2371 inania
844 2341 998 2372 reddidit?

168 2386 254 2418 Illius
265 2386 346 2418 enim
359 2387 408 2426 jus
418 2389 473 2423 est,
486 2385 671 2416 seminiﬂuos
686 2385 856 2416 immundos
867 2386 995 2416 censeri.

169 2430 229 2462 Vos
243 2435 355 2471 autem,
371 2435 403 2462 ut
419 2431 536 2471 opinor,
564 2439 644 2467 eum,
672 2430 723 2470 qui
754 2439 822 2460 cum
840 2439 931 2461 uxore
945 2440 998 2462 sua

170 2475 376 2514 concubuerit,
394 2479 550 2516 postquam
566 2474 732 2506 surrexerit
744 2483 761 2505 e
777 2474 866 2512 lecto,
878 2475 996 2515 judica-

169 2519 240 2551 bitis
250 2519 439 2552 immundum
448 2529 455 2552 :
464 2529 520 2550 nec
531 2519 568 2551 ad
580 2519 746 2551 orationem
757 2519 932 2558 admittetis,
942 2521 995 2552 sed

171 2564 260 2597 etiam
276 2565 305 2597 ei
319 2565 417 2597 valvas
443 2563 548 2605 templi
575 2563 747 2596 obstructis.
780 2565 842 2596 Nec
861 2565 996 2604 cogitatis

1038 261 1117 288 μενον
1147 251 1236 290 ἐνέδρα
1264 251 1366 290 μᾶλλον
1393 253 1409 286 ἢ
1444 253 1596 290 δοκιμασία.
1629 249 1690 282 ιίινα
1718 254 1769 293 γὰρ
1808 255 1863 283 ἀπ-

1038 295 1180 335 ασχολήσ-ς.
1208 297 1268 329 τοὺς
1290 297 1408 330 ἇσκητὰς
1436 300 1484 331 τῆς
1506 297 1594 335 ἔθίμου
1616 298 1660 326 καὶ
1675 298 1864 338 σωτηριώδους

1038 340 1164 380 μελέτης,
1193 341 1237 369 καὶ
1276 341 1337 381 δόξῃ
1375 348 1493 381 κρατεῖν,
1529 343 1596 370 κατὰ
1637 346 1714 371 τοῦτο
1756 345 1866 372 τοιαῦτα

1037 396 1095 412 τινα
1119 392 1188 413 κινεῖ
1215 385 1356 424 βομϐύκια.
1386 387 1416 415 Τί
1449 387 1498 426 γὰρ
1529 386 1596 426 (εἰπέ
1634 399 1691 427 μοι,
1722 388 1863 428 ἀγαπητὲ)

1038 429 1095 472 ἔχει
1128 429 1274 469 ἁμάρτημα
1308 431 1325 465 ἣ
1354 431 1500 470 ἀκάθαρτον
1521 433 1618 471 φυσική
1646 443 1685 463 νις
1714 431 1834 472 ἔκκρισις
1856 443 1865 472 ξ,

1040 469 1084 506 Ὠς
1112 474 1138 501 εἴ
1167 485 1206 505 τις
1232 474 1313 503 ἐθέλει
1344 469 1477 504 ποιεῖσθαι
1515 469 1638 514 ἕλριλημα
1674 477 1718 504 καὶ
1745 469 1794 509 τας
1826 469 1870 504 διὰ

1037 518 1114 557 ῥινῶν
1144 518 1348 557 ἐκπεμπομένοις
1383 519 1475 559 μύξας,
1512 521 1555 548 καὶ
1589 521 1622 548 τὰ
1653 519 1695 548 διὰ
1730 521 1869 558 στόματος

1038 563 1190 601 πτύσματα,
1214 563 1251 591 ἔτι
1285 563 1313 592 δὲ
1340 565 1385 592 καὶ
1411 565 1458 596 τὰς
1494 563 1536 593 διὰ
1571 566 1683 604 γαστρὸς
1720 565 1868 604 ἐκκρίσεις.

1038 608 1068 636 Εἰ
1083 606 1110 635 δὲ
1132 608 1175 635 καὶ
1196 610 1249 635 τῶν
1263 612 1309 636 τοῦ
1338 612 1403 637 Θεοῦ
1432 609 1529 648 χειρῶν
1553 608 1626 648 ἔργον
1642 609 1713 637 εἶναι
1735 610 1869 638 πιστεύο-

1039 662 1086 689 μεν
1121 652 1165 679 τὸν
1199 651 1345 692 ἄνθρωπον,
1382 654 1450 681 κατὰ
1484 654 1531 685 τὰς
1559 653 1629 685 θείας
1657 654 1773 693 Γραφὰς,
1808 658 1871 686 πῶς

1037 695 1148 726 ἠδύνατο
1188 696 1218 724 ἐκ
1254 696 1367 736 καθαρᾶς
1403 696 1536 735 δυνάμεως
1572 697 1648 737 ἔργον
1682 709 1706 726 τι
1742 698 1869 737 γενέσθαι

1038 739 1260 780 μεμολυσμένον,
1294 742 1342 770 Καὶ
1373 743 1394 770 εἷ
1423 742 1497 781 γένος
1525 746 1573 770 τοῦ
1598 743 1664 770 Θεοῦ
1691 743 1867 782 ὑπάρχομεν,

1037 785 1104 813 κατὰ
1138 785 1185 816 τὰς
1226 786 1296 817 θείας
1338 786 1390 814 τῶν
1425 785 1581 815 ἂποστόλων
1623 786 1745 824 Πράξεις,
1790 787 1870 817 οῶὲν

1037 828 1136 868 ἔχομεν
1177 829 1204 857 ἐν
1246 830 1350 862 ἑαυτοῖς
1392 830 1548 869 ἀκάθαρτον.
1592 831 1657 860 Τότε
1688 833 1738 871 γὰρ
1775 832 1863 869 μόνον

1038 873 1234 911 μεμολύσμεθα,
1271 874 1315 902 ὅτε
1342 876 1392 907 τὴν
1427 874 1603 908 ἀσεϐεστάτην
1639 876 1769 915 ἁμαρτίαν

1036 919 1180 957 γαζόμεθα.
1212 915 1299 948 κὈταν
1320 919 1346 947 δὲ
1375 920 1471 959 φυσική
1500 931 1539 952 τις
1568 919 1721 954 ἀϐουλήτως
1744 920 1865 960 ἔκκρισις

1036 964 1146 1002 γίνεται,
1162 963 1221 991 τότε
1236 967 1270 1001 τῇ
1290 966 1339 997 τῆς
1363 964 1463 1003 φύσεως
1484 964 1586 1002 ἂνάγκῃ
1616 965 1683 1002 μετὰ
1697 968 1750 992 τῶν
1774 965 1867 994 ἄλλων

1037 1009 1080 1036 καὶ
1094 1012 1170 1035 τοῦτο
1184 1008 1360 1046 ὑπομένομεν.
1389 1009 1437 1037 Καὶ
1459 1009 1526 1045 μετά
1552 1019 1610 1036 τινα
1627 1017 1634 1024 “
1667 1010 1737 1042 Φαίη
1759 1009 1783 1037 δ’
1815 1010 1867 1037 ἅν-

1036 1062 1076 1082 τις
1099 1051 1224 1090 εὐλόγως,
1248 1053 1349 1087 Φυσική
1372 1063 1411 1084 τις
1435 1052 1551 1092 ἔκκρισις
1580 1053 1652 1089 ἡμᾶς
1675 1055 1704 1082 οὔ
1719 1054 1869 1093 παρίστησι

1037 1097 1102 1135 πρὸς
1130 1096 1257 1135 τιμωρίαν
1294 1097 1366 1136 τάχα
1408 1095 1435 1124 δὲ
1478 1097 1522 1125 καὶ
1550 1098 1645 1136 ἰατρῶν
1675 1097 1769 1130 παῖδες
1796 1099 1867 1137 ὑπὲρ

1038 1140 1137 1168 τούτων
1168 1140 1391 1180 ἀπολογήσονται,
1423 1141 1463 1169 ὅτι
1499 1144 1538 1178 τῷ
1565 1141 1625 1178 ζώῳ
1654 1141 1770 1170 ageam:
1792 1154 1867 1174 τινες

1038 1185 1179 1223 ἀναγκαῖοι
1195 1184 1313 1225 διέξοδοι,
1344 1187 1408 1224 πρὸς
1440 1186 1470 1213 τὸ
1491 1187 1613 1225 περιττὸν
1635 1188 1687 1213 τῶν
1710 1186 1736 1214 ἐν
1759 1187 1868 1224 ἑκάστῳ

1038 1230 1091 1258 τῶν
1117 1229 1143 1256 έν
1169 1230 1237 1267 ἡμῖν
1252 1230 1418 1269 τρεφομένων
1448 1229 1536 1268 μελῶν
1564 1229 1734 1267 ἀποπέμπειν
1751 1239 1758 1246 '
1789 1234 1867 1267 οἷον,

1038 1276 1155 1314 κεφαλῆς
1177 1274 1375 1313 περιττώματα,
1402 1275 1504 1314 τρίχες,
1536 1275 1579 1302 καὶ
1600 1285 1634 1303 τα
1661 1275 1714 1303 ἀπὸ
1742 1275 1867 1314 κεφαλῆς

1037 1317 1155 1351 ὑδατώόη
1201 1319 1371 1358 πεμπόμεναι,
1412 1320 1456 1347 καὶ
1498 1320 1609 1358 γαστρὸς
1652 1318 1865 1359 διαχωρήματα.

1040 1363 1088 1391 Καὶ
1101 1363 1186 1392 τοίνυν
1202 1366 1253 1390 τῶν
1269 1373 1456 1401 σπερματικων
1478 1364 1566 1402 πόρων
1589 1363 1678 1391 ἐκεῖνο
1693 1365 1866 1403 περὶπτωμα.

1038 1407 1102 1434 Ποία
1116 1407 1201 1435 τοίνυν
1215 1407 1269 1435 ἐστὶ
1283 1408 1349 1446 πρὸς
1366 1408 1430 1435 Θεὸν
1446 1408 1571 1447 ἁμαρτία,
1590 1410 1666 1437 αὐτοῦ
1681 1409 1726 1436 τοῦ
1740 1408 1772 1437 π)
1778 1409 1869 1437 ἀσαν-

1037 1462 1082 1482 τος
1111 1452 1141 1479 τὸ
1163 1453 1229 1487 ζῶον
1252 1452 1397 1490 Δεσπότου,
1426 1453 1586 1487 ποιήσαντος
1618 1457 1699 1481 ταῦτα
1727 1454 1760 1482 τὰ
1787 1453 1861 1490 μέλη

1037 1496 1157 1528 τοιαύτας
1180 1496 1253 1536 ἔχειν
1268 1495 1396 1529 διεξόδους
1414 1506 1422 1536 ;

1077 1538 1160 1569 Ἀλλὰ
1197 1544 1277 1568 ταῦτα
1313 1541 1360 1578 μὲν
1400 1541 1432 1569 τὰ
1467 1544 1521 1569 τῶν
1555 1540 1686 1580 ῥηθέντων
1735 1541 1865 1581 Πατὲρων

1036 1585 1264 1622 θεσμοθετήματα,
1308 1586 1338 1614 Τί
1367 1584 1390 1612 δ’
1424 1586 1514 1623 ὑμεῖς,
1557 1587 1579 1613 οἳ
1611 1588 1660 1618 τῆς
1702 1585 1863 1626 ἁκραιῳνοῦς

1037 1629 1213 1668 καθαρότητος
1242 1628 1359 1668 ἀκριϐεῖς
1391 1629 1439 1669 (ὡς
1476 1630 1574 1669 οἴεσθε)
1611 1630 1737 1670 φύλακες,
1767 1632 1790 1658 οἱ
1819 1632 1869 1659 καὶ

1036 1673 1086 1706 τὴν
1121 1673 1284 1713 ἀφάνταστον
1313 1674 1384 1712 ῥύσιν
1412 1674 1580 1713 κολάζοντες,
1608 1675 1651 1702 καὶ
1678 1675 1727 1707 τὴν
1750 1676 1868 1714 φυσικὴν

1038 1720 1083 1745 τοῦ
1132 1718 1282 1757 σπέρματος
1332 1718 1447 1757 ἔκκρισιν
1493 1719 1651 1758 ἀκαθαρσίαν
1699 1721 1866 1760 νομίζοντες,

1038 1763 1081 1790 καὶ
1106 1763 1164 1795 τοὺς
1192 1766 1269 1791 τοῦτο
1299 1764 1464 1803 πάσχοντας,
1485 1764 1523 1800 μὴ
1553 1764 1780 1803 προϋποκειμένης
1807 1764 1865 1801 ἐμ-

1038 1807 1145 1838 παθείας
1173 1808 1254 1844 τινὸς,
1291 1811 1343 1835 τῶν
1380 1808 1553 1846 ἁγιασμάτων
1580 1808 1754 1848 ἀπάγοντες;
1791 1809 1867 1837 Εἶτα

1038 1852 1085 1879 οὒκ
1125 1851 1317 1890 ἐγκαλύπτεσθε
1358 1856 1396 1889 τῷ
1435 1852 1544 1891 μεγάλῳ
1572 1852 1718 1889 Ἀθανασίῳ
1746 1852 1865 1881 ἀντιδια-

1037 1895 1190 1933 ταττόμενοι
1206 1896 1255 1936 (ἐῶ
1270 1897 1319 1935 γὰρ
1334 1897 1401 1924 κατὰ
1422 1907 1452 1935 γε
1475 1898 1506 1925 τὸ
1531 1898 1612 1936 παρὸν
1642 1898 1702 1930 τοὺς
1728 1897 1865 1935 λοιποὺς),

1037 1941 1081 1968 καὶ
1109 1943 1150 1973 οἷς
1176 1941 1277 1973 ἐκεῖνος
1308 1942 1422 1981 ἔγραψεν
1451 1942 1694 1982 ἀντιπράττοντες,
1731 1944 1768 1971 Οὔ
1800 1944 1867 1974 τοὺς

1813 877 1862 905 ἐο-

1038 1984 1131 2023 λόγους
1162 1986 1206 2013 καὶ
1227 1987 1251 2014 οἱ
1279 1985 1393 2024 μεγάλοι
1423 1986 1535 2025 Πατέρες
1557 1987 1601 2014 καὶ
1629 1987 1665 2017 εἰς
1688 1985 1765 2025 ἄκρον
1793 1986 1865 2020 ιλη-

1038 2028 1147 2061 λακότες
1169 2032 1218 2063 τῆς
1240 2041 1268 2058 τε
1297 2031 1403 2070 θύραθεν
1426 2031 1528 2071 σοφίας,
1561 2032 1604 2059 καὶ
1639 2033 1688 2065 τῆς
1718 2033 1787 2062 θείας
1815 2033 1864 2060 καὶ

1038 2073 1179 2114 ἡμετέρας,
1196 2076 1218 2102 οἱ
1234 2077 1283 2108 τῆς
1313 2074 1468 2113 οἰκουμένης
1498 2075 1636 2114 φωστῆρές
1657 2087 1686 2104 τε
1714 2077 1759 2104 καὶ
1785 2075 1864 2104 διδά-

1039 2117 1143 2155 σκαλοι,
1166 2117 1207 2158 ὑφ’
1231 2121 1267 2147 ὧν
1290 2120 1306 2153 ἦ
1335 2118 1393 2148 καθ’
1424 2121 1495 2157 ἡμᾶς
1514 2120 1670 2160 ἐστήρικται
1691 2121 1790 2160 πίστις,
1820 2122 1859 2151 ὠς

1042 2162 1114 2202 ὅρους
1130 2164 1173 2191 καὶ
1195 2163 1330 2201 ἀξιώματα
1359 2164 1485 2203 ἥγηνται.
1514 2154 1542 2192 ἒξ
1557 2165 1606 2198 τῆς
1628 2166 1702 2202 ὑμῶν
1723 2165 1861 2196 ἀπονοίας.

1038 2208 1056 2241 ἢ
1077 2211 1125 2241 τῆς
1147 2207 1314 2247 ἀϐελτηρίας,
1338 2210 1382 2237 καὶ
1412 2209 1533 2246 ἀμαθίας,
1564 2210 1648 2237 εἰπεῖν
1678 2210 1835 2249 οἰκειότερον
1856 2210 1864 2239 !

1039 2251 1102 2280 Οὶδὲ
1131 2253 1228 2281 συνίετε
1258 2254 1325 2282 κατά
1352 2265 1382 2293 γε
1414 2254 1463 2287 τὴν
1491 2254 1600 2293 γνώμην
1630 2255 1727 2288 ταύτην
1757 2254 1867 2283 ἰουδαὶ-

1038 2300 1137 2332 ζοντες,
1162 2299 1206 2326 καὶ
1233 2299 1279 2330 τὰς
1302 2298 1349 2332 τῆς
1380 2298 1497 2330 Παλαιᾶς
1523 2299 1656 2333 Διαθήκης
1690 2299 1864 2331 ἀνανεοῦντες

1039 2341 1175 2382 διαταγὰς,
1215 2343 1298 2382 οἵσπερ
1337 2344 1351 2371 ὁ
1391 2343 1485 2383 Σωτὴρ
1520 2343 1723 2380 ἐνανθρωπήσας
1760 2345 1867 2383 κατήρ-

1038 2397 1145 2427 γηκενς
1176 2387 1296 2421 Ἐκείνης
1332 2388 1392 2427 γὰρ,
1429 2389 1489 2419 τοὺς
1523 2387 1674 2427 πονοῤῥδετς
1701 2388 1868 2428 ἀκαθάρτους

1039 2433 1187 2470 νομίζεσθαι
1202 2432 1314 2470 νόμιμον
1332 2440 1338 2447 ⁸
1368 2434 1445 2471 ὑμεῖς
1475 2431 1497 2460 δ’
1527 2433 1605 2470 οἶμαι
1634 2433 1677 2461 καὶ
1705 2434 1750 2460 τὸν
1766 2444 1865 2461 συνευ-

1039 2476 1162 2505 νασθέντα
1190 2480 1224 2515 τῇ
1251 2477 1486 2517 ἑαυτοΰγαμετῇ,
1528 2478 1577 2510 τῆς
1606 2478 1697 2510 κοίτης
1724 2476 1864 2510 ἐξανιςτέ-

1038 2532 1127 2561 μενον,
1159 2528 1272 2561 κρινεῖτε
1307 2522 1463 2562 ἀκάθαρτον,
1499 2522 1543 2550 καὶ
1579 2522 1616 2553 εἰς
1645 2522 1800 2562 προσευχὴν
1833 2525 1866 2552 οὐ

1037 2566 1210 2606 προσήσεσθε.
1236 2565 1318 2594 Ἀλλὰ
1344 2566 1391 2594 καὶ
1419 2567 1466 2598 τὰς
1495 2571 1541 2596 τοῦ
1574 2569 1637 2595 ναοῦ
1663 2567 1741 2606 θύρας
1776 2568 1862 2603 τούτῷ

834 2647 966 2681 VABIAE
988 2649 1208 2683 LECTIONES.

209 2734 240 2764 τ’
256 2744 277 2768 a
290 2735 504 2768 sacramentis.
521 2741 534 2764 h
545 2735 593 2767 vel
606 2734 812 2767 insulsitatem
826 2738 856 2766 et
873 2734 1071 2776 imperitiam,
1087 2738 1121 2766 ut
1135 2736 1237 2768 verius
1251 2736 1362 2768 dicam.
1380 2738 1386 2760 i
1400 2737 1435 2767 tn
1449 2735 1505 2767 hac
1522 2736 1643 2777 quidem
1658 2739 1820 2769 sententia.
