1946 3080
74 151 156 184 1017

747 153 1100 186 GR/ECO-ROMANUM.

1689 157 1768 190 1018

70 220 263 260 ἓπιζυγώσετε.
280 220 340 252 Οὐδ’
364 220 404 250 ὅτι
432 222 518 260 τίμιος
544 223 558 251 ὁ
586 222 671 261 γάμος
707 222 825 261 εἵρηται,

1003 229 1069 261 ηιιιη,
1088 222 1208 262 nuptias
1223 230 1289 253 esse
1312 222 1513 263 honorandas,
1529 226 1558 254 et
1581 222 1690 254 lectum
1706 222 1771 254 sine

73 268 192 304 γιετσθε,
208 266 252 294 καὶ
281 266 298 299 ἡ
327 266 404 299 κοίτη
432 266 557 304 ἀμίαντος
581 274 588 281 ·
619 266 678 295 ἀλλ’
706 265 746 294 ὅτι
775 266 904 294 κάνταῦθα

71 310 227 349 σπέρματος
249 310 342 349 ἐκροὴ,
367 311 411 338 καὶ
442 309 544 348 μᾶλλον
566 311 612 339 σὺν
634 310 727 349 ἡδονῇ,
757 309 904 338 καταδικά-

73 364 137 382 σετε
173 356 216 383 τὸν
252 354 367 383 ἀναίτιον
392 364 398 371 ⁸
428 354 473 383 καῖ
500 356 546 383 τὸν
577 355 666 393 νεκροῦ
700 354 904 392 προσαψάμενον

73 399 122 427 οὒκ
148 399 277 433 ὀκνήσετε
318 399 499 437 μεμιασμένον
536 400 709 439 ἡγήσασθαι·
733 400 777 427 καὶ
819 400 849 427 οὗ
876 398 903 426 ἐν

74 445 116 480 τῲ
133 444 238 480 σώματι
259 442 343 483 λέπρα
378 443 514 481 ἐξήνθησε,
545 447 595 477 τῆς
610 444 713 476 πόλεως
748 442 902 477 ἐξωθήσετε,

74 486 154 516 Ἀλλ’
177 489 205 520 ὃς
221 487 280 526 μὲν,
297 491 333 516 ὦν
349 489 432 526 οὗτοι,
459 489 525 516 κατὰ
559 489 619 521 τοὺς
648 488 742 520 ὕπνους
770 487 903 527 ἀποκρίνει

71 532 170 571 γονὴν,
187 533 251 570 ὑμῖν
266 534 314 561 οὐκ
325 534 425 571 ἥγηται
454 533 566 573 καθαρός
585 543 593 551 ·
622 533 646 560 τί
674 532 700 560 δὲ
735 533 793 572 περὶ
815 532 900 571 ἐγρη-

74 577 208 615 γορότων,
243 577 287 605 καὶ
315 577 386 615 ῥύσιν
427 577 609 616 ὑφισταμένων
651 578 742 615 αὒτῆς,
773 578 837 615 ὖμϊν
865 576 904 605 δέ·

73 620 171 650 δοκταί
198 631 227 649 τε
254 621 299 649 καὶ
327 620 515 661 διατέτακται,
542 621 643 650 Πολλοτ
684 623 734 661 γὰρ
769 625 845 650 τοῦτο
873 623 903 650 τὸ

73 666 162 697 πάθος
178 664 369 703 ἐπισυμϐαϊνόν
404 665 486 703 ἐστιν,
516 666 533 700 ἢ
555 672 613 697 τοῖς
636 665 721 706 οὔροις
742 666 903 706 ὲφεπομένου

72 714 121 739 τοῦ
134 710 298 749 σπέρματος,
328 710 345 744 ἢ
375 710 455 747 μόνου
490 711 533 739 καὶ
567 710 720 748 αὐτομάτως
755 710 902 750 ἐκρέοντος.

74 755 105 783 Εἰ
129 755 178 792 μὲν
194 756 237 782 καὶ
262 755 368 786 τούτους
395 758 448 783 τῶν
482 757 602 795 καθαρῶν
630 756 810 795 ὰπροκρίνετε,
844 757 902 784 ἰου-

74 798 184 835 δαλίζετε
211 801 361 839 προφανῶς.
390 801 467 829 Οὗτοι
502 801 552 839 γὰρ
579 801 623 832 οὒς
655 800 804 840 γονορῤυεϊς
832 801 902 828 ὠνό-

75 854 163 881 μασεν
191 845 205 872 ὁ
233 847 343 881 Μωσῆς,
366 844 410 872 καὶ
431 844 591 884 ἀκαθάρτους
635 846 784 883 νομίζεσθαι
813 844 902 873 διετά-

75 887 139 920 ξατο
161 888 206 918 48.
240 889 268 917 Εἰ
295 887 323 916 δὲ
356 889 463 921 τούτους
492 889 639 929 προσίεσθε,
668 890 711 918 καὶ
741 891 770 918 οὒ
790 890 902 927 μιαίνειν

74 933 170 964 αὖτοὺς
187 945 234 966 την
263 933 377 972 ἔκκρισιν
409 933 507 972 οἴεσθε,
536 934 574 965 τίς
590 935 604 962 ὁ
632 934 721 973 λόγος,
752 933 784 961 δι’
801 934 829 962 ὃν
844 941 902 966 τοῖς

75 977 125 1014 μὲν
157 977 321 1016 ἆφάνταστον
357 979 468 1006 παθοῦσι
498 978 570 1016 ῥύσιν
599 981 680 1017 γονῆς
708 978 766 1006 καθ’
793 977 901 1014 ὕπνους,

74 1020 215 1060 ἀπείργετε
254 1022 303 1055 τὴν
343 1025 396 1050 τῶν
432 1022 602 1061 ἁγιασμάτων
644 1022 808 1060 μετάληψιν,
844 1029 903 1054 τοῖς

75 1064 98 1093 δ’
120 1065 149 1093 ἐν
178 1065 332 1106 ἐγρηγόρσει
369 1070 446 1095 τοῦτο
474 1068 609 1107 παθοῦσιν,
660 1067 719 1094 ἐᾶτε
748 1068 779 1094 τὸ
820 1067 902 1099 πάθος

74 1109 294 1151 ἀνεπιτίμητον,
332 1111 380 1140 Καὶ
409 1110 489 1151 ἄμφω
522 1112 572 1151 γὰρ
611 1111 738 1151 ἐκκρίσεις
777 1112 825 1140 εἰσὶ
852 1123 900 1152 φυ-

74 1156 158 1194 σικαὶ,
196 1156 239 1183 καὶ
270 1154 349 1196 ἄμφω
376 1155 553 1196 ἀπροαιρέτως
598 1155 796 1194 συμϐαίνουσαι.
827 1152 903 1185 ’.ἄλλ’

75 1200 96 1227 εἰ
112 1204 199 1228 ταῦτα
233 1201 341 1240 φήσειεν
369 1199 400 1228 ἄν
428 1212 468 1232 τις
502 1201 553 1229 τῶν
583 1201 805 1241 ἀνθρωπηθέντων
843 1202 902 1241 περὶ

75 1247 129 1272 τῶν
178 1245 349 1285 ἀφαντάστως
401 1245 472 1284 ῥύσει
521 1246 715 1285 περιπεσόντων
757 1249 849 1284 γονῆς,
877 1246 902 1274 τί

73 1288 97 1316 δ’
113 1289 145 1317 ἂν
164 1289 246 1327 εἴπῃς
271 1291 329 1328 περὶ
363 1291 414 1318 τῶν
443 1290 643 1329 ὀνειρασθέντων
665 1291 708 1318 καὶ
737 1291 900 1330 φαντασθέν-

74 1345 127 1362 των
142 1334 214 1375 ἁφὴν
238 1335 371 1374 γυναικὸς,
398 1335 423 1369 ἣ¹
445 1335 532 1375 ἕτερόν
567 1346 591 1362 τι
620 1334 748 1375 διεγεῖρον
777 1336 826 1369 τὴν
855 1336 904 1363 πύ-

74 1389 156 1416 ρωσιν
199 1382 248 1413 τῆς
270 1381 377 1419 σαρκὸς,
406 1381 449 1408 καὶ
478 1380 576 1419 μέχρις
608 1379 703 1419 ἐκροῆς
731 1380 902 1420 πεφθακότων

74 1428 120 1453 τοῦ
147 1423 314 1465 σπέρματος
345 1427 381 1454 03
428 1424 532 1456 πάντως
575 1425 645 1453 οὗτοί
679 1436 720 1453 σοι
761 1425 902 1462 μεμιάνθαι

75 1469 271 1509 κριθήσονται;
303 1470 332 1498 Εἰ
354 1470 403 1507 μὲν
438 1471 452 1497 ὁ
479 1470 556 1497 τοῦτο
584 1470 687 1509 παθὼν,
723 1470 745 1497 ὦ
774 1469 900 1505 ἀντίθετε,

75 1513 303 1552 προῦποκειμένην
325 1514 404 1554 εἶχεν
425 1514 583 1551 ἒμπάθεϊαν,
611 1514 659 1542 κὰν
687 1520 746 1545 τοῖς
762 1513 904 1553 λογισμοῖς

76 1556 215 1595 ἐπιθυμίαν
251 1557 340 1598 ἔτρεφε
375 1559 510 1598 γυναικὸς,
547 1558 590 1586 καὶ

77 1601 118 1630 ἐπὶ
133 1606 204 1643 νοῦν,
221 1604 264 1632 καὶ
292 1603 375 1636 οὕτως
403 1605 420 1638 ἡ
456 1603 584 1643 φαντασία
610 1602 668 1631 καθ’
700 1603 796 1635 ὕπνους
831 1602 900 1636 ἐπη-

78 1645 251 1684 κολούθησεν,
284 1646 338 1676 οὐδ’
354 1647 432 1680 αὐτὸς
458 1651 540 1687 κρινῶ
560 1648 605 1674 τὸν
632 1650 753 1675 τοιαῦτον
776 1647 903 1676 ἀναίτιον.

80 1692 161 1724 Αὐτὸς
175 1692 225 1731 γὰρ
254 1693 340 1729 ἑαυτῴ
376 1696 421 1721 τοῦ
445 1693 543 1723 πάθους
573 1691 642 1719 ἐστὶν
671 1691 838 1729 αἰτιώτατος,
863 1690 905 1718 καὶ

79 1737 238 1774 μεμόλυνται
280 1740 310 1767 οὗ
337 1739 369 1766 τὸ
397 1740 487 1777 σῶμα,
532 1735 574 1764 ’διὰ
615 1735 663 1770 τὴν
700 1736 818 1776 ἔκκρισιν
853 1736 903 1769 τὴν

79 1783 261 1821 σπερματικὴν
298 1781 339 1822 (οὔ
373 1782 424 1821 γὰρ
469 1781 612 1819 ἀκαθαρσία
649 1781 719 1808 τουτὶ
753 1781 783 1808 τὸ
810 1780 902 1817 περίτ-

80 1826 181 1866 τωμα),
212 1826 281 1855 ἄλλα
315 1827 360 1855 τὸν
403 1825 544 1865 λογισμὸν,
574 1824 616 1852 διὰ
643 1825 693 1858 τὴν
714 1824 902 1863 συγκατάθεσιν

82 1873 129 1904 τῆς
161 1871 297 1909 ἐπιθυμίας
325 1871 373 1905 τῆς
402 1873 542 1910 σαρκικῆς.
572 1870 600 1898 Εἰ
636 1868 663 1897 δὲ
697 1872 816 1897 τοιοῦτον
844 1868 902 1897 οὐδὲ

81 1918 118 1951 τῷ
149 1916 198 1948 τὴν
230 1916 312 1954 γονὴν
342 1916 510 1954 ἆποκρίναντι
538 1913 724 1953 προῡπέκειτο,
761 1912 820 1941 οὔτε
847 1913 902 1950 μὴν

79 1960 122 1988 τὸν
158 1959 285 1999 λογισμὸν
315 1960 394 2000 εἶχεν
421 1959 549 1997 ὲμπαθείᾳ
585 1958 695 1996 τοιαύτῃ
738 1957 888 1996 ἐγκείμενον

82 2004 233 2042 αὐτομάτως
255 2003 277 2032 δ’
294 2005 311 2039 ἡ
327 2005 455 2044 φαντασία
488 2003 598 2040 ἐπῆλθε,
620 2003 664 2031 καὶ
699 2003 716 2036 ἡ
744 2002 791 2036 τῆς
820 2005 902 2041 γονῆς

79 2049 156 2087 ἔκροὴ
199 2049 217 2083 ἢ
251 2050 294 2078 καὶ
323 2049 348 2082 ἐξ
373 2049 497 2088 ἐπηρείας
533 2048 676 2080 σατανικῆς
718 2046 900 2084 ἑπενήνεκται,

80 2094 146 2121 κατὰ
185 2094 245 2126 τοὺς
280 2094 362 2125 θείους
407 2093 536 2132 Πατέρας,
578 2095 623 2120 τοῦ
666 2090 809 2128 δεσμενοῦς
843 2098 902 2123 τοῖς

78 2137 207 2172 ἀσκηταῖς
243 2138 418 2178 ἐνεδρεύοντκ
442 2147 449 2153 ·
493 2139 523 2167 οὔ
564 2135 717 2178 μιμήσομαί
768 2147 813 2164 σου
854 2136 904 2178 τήν

947 265 1062 296 macula
1079 274 1086 297 :
1106 266 1158 297 sed
1181 266 1252 307 quia
1273 272 1304 298 et
1331 267 1391 298 illic
1408 267 1530 298 seminis
1545 268 1652 307 ﬂuxus,
1665 267 1771 308 majori

946 317 1012 355 cum
1029 310 1192 355 voluptate,-
1209 311 1448 343 condemnabitis
1460 312 1628 350 insontem;
1645 316 1674 343 et
1689 321 1770 349 eum,

945 354 996 392 qui
1026 354 1152 386 cadaver
1185 354 1330 396 attigerit,
1361 366 1420 387 non
1454 357 1629 388 verebimini
1668 356 1769 387 dicere

947 397 1103 438 pollutum.
1130 399 1166 430 Et
1179 401 1264 440 cujus
1291 402 1320 431 in
1337 410 1462 441 corpore
1491 401 1573 441 lepra
1596 401 1736 437 eﬂloruit,
1752 410 1769 432 e

946 442 1066 474 civitate
1092 444 1260 484 expelletis.
1291 444 1400 476 Verum
1430 445 1507 484 agite
1537 445 1588 485 qui
1612 446 1641 475 in
1657 445 1769 476 somnis

948 488 1080 518 excernit
1107 489 1234 527 genitale
1249 498 1363 525 semen,
1381 499 1447 520 eum
1470 499 1528 520 non
1542 488 1664 520 creditis
1680 499 1769 520 mun-

945 531 1114 567 dum?Quid
1130 542 1197 563 vero
1210 533 1247 564 de
1261 533 1296 564 iis
1313 534 1438 570 videtur,
1454 538 1487 565 et
1498 534 1691 564 constitutum
1709 537 1767 574 est,

944 575 995 615 qui
1019 576 1191 607 exsuscitati
1220 577 1353 617 ejusdem
1383 579 1493 609 ﬂuxum
1523 577 1698 618 patiuntur?
1714 577 1770 609 hoc

944 619 1023 650 enim
1035 620 1104 651 vitio
1115 621 1199 652 multi
1211 622 1409 659 laborant,vel
1421 632 1487 653 cum
1500 622 1615 652 urinam
1631 623 1768 662 sequitur

945 673 1074 705 sperma,
1106 665 1150 696 vel
1167 675 1234 696 cum
1257 667 1354 697 solum
1375 671 1540 707 sponteque
1564 666 1639 697 ﬂuit.
1656 666 1728 697 Nam
1744 666 1769 697 si

945 709 1000 740 hos
1015 718 1032 739 a
1055 710 1175 740 mundis
1190 711 1347 751 separatis,
1361 711 1519 743 manifesto
1535 711 1652 742 Judaeos
1668 711 1768 742 imita—

945 753 1018 784 mini
1034 763 1040 784 :
1059 753 1077 784 ii
1093 755 1173 784 enim
1189 765 1263 795 quos
1278 756 1462 786 semiuiﬂuos
1479 756 1641 786 nominavit
1656 758 1763 792 Moses,

945 802 973 829 et
985 798 1333 836 immundosexistimari
1350 801 1546 831 constituunt.
1564 800 1649 836 Quod
1673 800 1698 831 si
1714 802 1768 831 hos

944 842 1109 881 admittitis,
1142 853 1196 875 nec
1228 845 1320 884 pollui
1337 854 1390 885 per
1419 845 1620 876 excretionem
1643 846 1767 886 putatis;

945 897 1002 927 qua
1014 888 1128 919 ratione
1145 897 1208 926 eos,
1231 889 1282 929 qni
1306 890 1429 920 seminis
1445 891 1554 921 ﬂuxum
1570 889 1682 930 absque
1697 889 1767 920 libi-

944 932 1050 963 dinoso
1080 937 1197 972 spectro
1224 934 1302 974 passi
1328 939 1396 965 sunt
1422 935 1451 964 in
1478 934 1603 971 somnis,
1630 934 1766 965 arcetisa

945 976 1211 1008 sanctiﬁcationum
1230 978 1423 1018 perceptione
1441 989 1447 1010 τ
1464 978 1618 1018 vigilantes
1630 982 1726 1009 autem
1743 980 1766 1018 ι,

945 1021 995 1061 qui
1010 1021 1115 1052 eodem
1133 1026 1201 1053 sunt
1217 1023 1314 1053 aﬂecti
1342 1023 1425 1055 vitio.
1454 1028 1536 1054 extra
1560 1031 1677 1063 pmnam
1703 1032 1769 1054 esse

945 1065 1042 1095 sinitis
1052 1065 1067 1095 ἱ)
1078 1067 1195 1097 Etenim
1217 1072 1340 1108 utraque
1368 1067 1498 1099 excretio
1512 1071 1558 1098 est
1572 1067 1725 1107 naturalis,
1741 1072 1771 1098 et

944 1113 1069 1150 utraque
1085 1115 1193 1149 praeter
1208 1111 1387 1143 voluntatem
1406 1111 1524 1143 accidit.
1540 1111 1621 1147 Quod
1634 1111 1658 1141 si
1675 1112 1770 1142 homi-

943 1163 1014 1184 num
1044 1155 1190 1195 quispinm
1219 1156 1281 1187 hinc
1305 1156 1342 1187 de
1369 1156 1405 1187 iis
1429 1157 1549 1194 dixerit,
1580 1156 1631 1197 qui
1658 1156 1769 1197 absque

943 1199 1058 1229 somnio
1077 1199 1237 1231 libidinoso
1253 1201 1282 1231 in
1309 1201 1435 1232 seminis
1450 1202 1560 1232 ﬂuxum
1574 1201 1743 1232 inciderunt
1759 1212 1767 1232 :

944 1243 1014 1283 quid
1030 1243 1067 1275 de
1095 1244 1132 1274 iis
1158 1244 1280 1282 dixeris,
1305 1246 1355 1286 qui
1384 1246 1415 1276 in
1447 1245 1570 1276 somniis
1606 1245 1768 1276 tactionem

944 1287 1080 1318 mulieris
1110 1288 1262 1328 imaginati
1299 1294 1378 1326 sunt,
1416 1294 1467 1320 aut
1492 1290 1573 1321 aliud
1603 1289 1769 1330 quidpiam,

944 1332 1091 1363 suscitans
1102 1333 1200 1364 carnis
1211 1334 1486 1371 inﬂammationem,
1506 1334 1549 1365 vel
1565 1334 1601 1365 ad
1614 1334 1771 1374 spermatis

944 1376 1054 1407 ﬂuxum
1081 1387 1174 1417 usque
1203 1379 1427 1418 pervenerunt?
1442 1378 1517 1410 Num
1535 1378 1587 1410 tibi
1603 1387 1724 1419 prorsus
1739 1377 1770 1408 hi

945 1421 1049 1461 polluti
1065 1431 1131 1452 esse
1159 1423 1386 1454 censebuntur?
1414 1423 1565 1464 Siquidem
1595 1423 1633 1461 is,
1649 1422 1700 1463 qui
1714 1423 1770 1454 hoc

945 1474 1050 1505 passus
1063 1470 1117 1503 est,
1128 1466 1296 1498 adversarie
1311 1493 1318 1505 ,
1332 1468 1549 1508 praecedentem
1568 1467 1669 1498 habuit
1683 1467 1771 1498 aﬂ'ec-

947 1509 1057 1540 lionem
1086 1510 1221 1542 libidinis
1250 1515 1278 1542 et
1306 1512 1534 1552 cogitationibus
1547 1511 1619 1543 aluit
1635 1511 1769 1542 mulieris

641 1558 738 1591 ταύτην
780 1558 932 1598 ἔστρεφενα
945 1554 1232 1594 concupiscentiam,
1264 1566 1391 1597 eamque

1004 1554 1232 1594 cupiscentiam,
1264 1566 1391 1597 eamque
1414 1556 1514 1587 animo
1530 1556 1664 1594 versavit,
1680 1560 1768 1596 atque

947 1598 987 1629 ita
1001 1598 1172 1638 imaginatio
1200 1600 1231 1631 in
1247 1601 1364 1631 somnio
1389 1601 1547 1632 subsecuta
1563 1605 1618 1639 est,
1636 1609 1692 1633 nec
1706 1600 1770 1641 ipse

946 1643 1025 1673 hunc
1037 1643 1228 1675 innocentem
1242 1645 1425 1685 judicavero.
1445 1645 1508 1676 Sibi
1525 1645 1603 1676 enim
1619 1645 1682 1685 ipse
1698 1654 1770 1685 pra:-

946 1688 1051 1728 cipuus
1066 1692 1110 1718 est
1123 1693 1226 1719 auctor
1236 1689 1319 1726 mali,
1339 1694 1368 1720 et
1379 1689 1548 1730 inquinatus
1560 1694 1614 1727 est,
1633 1699 1691 1720 non
1702 1699 1770 1721 cor-

947 1741 1030 1771 pore,
1048 1736 1171 1773 propter
1190 1734 1366 1765 seminaiem
1383 1735 1583 1765 excretionem
1599 1735 1673 1774 (n0n
1689 1734 1769 1764 enim

943 1776 1150 1808 immundities
1179 1782 1223 1809 est
1251 1779 1422 1818 hujusmodi
1451 1778 1697 1818 excrementum),
1716 1779 1768 1809 sed

943 1821 1261 1863 cogitatione,propter
1267 1823 1394 1854 carnalis
1400 1822 1753 1854 desideriiassensionem
1761 1847 1768 1854 .

944 1865 1026 1901 Quod
1044 1866 1069 1896 si
1085 1866 1115 1897 in
1142 1876 1188 1904 eo,
1215 1868 1265 1907 qui
1296 1867 1455 1907 genitalem
1472 1868 1581 1898 ﬂuxum
1598 1876 1701 1907 passus
1713 1872 1768 1905 est,

944 1910 1017 1940 nihil
1034 1910 1089 1941 tale
1102 1911 1368 1952 praecessit,neque
1378 1912 1588 1951 cogitationem
1599 1912 1772 1952 hujusmodi

945 1954 1075 1985 deditam
1104 1956 1257 1987 aﬂectioni
1280 1956 1403 1993 habuit;
1431 1957 1482 1988 sed
1506 1956 1677 1996 imaginatio
1694 1957 1770 1987 ultro

943 1998 1077 2036 incessit,
1090 2004 1120 2030 et
1130 2000 1254 2031 seminis
1265 2001 1365 2034 ﬂuxio,
1377 2001 1420 2031 vel
1437 2001 1528 2032 etiam
1541 2010 1577 2032 ex
1588 2001 1770 2042 impropcrio

944 2043 1075 2074 satanico
1094 2044 1193 2075 'illata
1208 2049 1263 2083 est,
1293 2046 1457 2076 secundum
1483 2045 1566 2076 divos
1580 2045 1692 2084 Patres,
1710 2045 1771 2076 ini-

945 2088 1022 2118 mico
1033 2088 1150 2119 athletis
1163 2089 1324 2120 insidiante
1339 2099 1344 2119 :
1360 2099 1419 2121 non
1433 2090 1569 2121 imitabor
1587 2090 1615 2120 in
1630 2090 1675 2121 his
1691 2094 1770 2120 tuam

944 2131 1144 2172 irreligiosam
1162 2134 1428 2173 religionemﬂaro
1445 2135 1523 2165 enim
1537 2135 1647 2175 polluta
1659 2144 1717 2165 non
1727 2138 1773 2166 est

79 2181 208 2216 ἆνευλαϐἦ
236 2176 305 2222 περὶἾ
336 2186 418 2210 ταῦτα
447 2180 594 2211 εὐλάϐειαν.
624 2176 655 2208 Ἢ
692 2179 740 2217 μὲν
771 2180 847 2219 γὰρι

1001 2177 1115 2207 retione
1129 2178 1350 2210 semiuis.Bona
1362 2179 1441 2210 enim
1455 2179 1551 2210 omnis
1559 2179 1766 2217 Deicreatnra,

79 2228 107 2256 οὐ
122 2229 264 2265 μεμίανται
291 2231 325 2265 τῇ
354 2227 465 2266 ἐκκρίσει
500 2229 546 2254 τοῦ
575 2224 737 2264 σπέρματος,
777 2227 832 2252 Πᾶν
854 2225 904 2263 γὰρ

78 2272 173 2310 κτίσμα
200 2274 269 2301 Θεοῦ
295 2272 391 2309 καλὸν,
433 2273 477 2300 καὶ
503 2275 606 2311 Χριστῷ
647 2268 739 2303 εὐωδία
766 2269 845 2306 ἐσμὲν
877 2269 904 2297 ἐν

78 2323 134 2350 τοίς
170 2317 342 2358 σωζομένοις,
371 2318 439 2345 κατὰ
475 2318 520 2345 τὸν
562 2315 646 2354 μέγαν
682 2313 858 2343 ’Λπόστολον.
877 2314 905 2342 Εἰ

78 2359 104 2389 δὲ
130 2363 174 2390 καὶ
204 2363 218 2390 ὁ
246 2361 375 2401 λογισμὸς
426 2365 472 2390 τοῦ
517 2359 723 2399 ὁνειρασθέντος,
761 2358 905 2396 ἒμπαθείας

77 2405 163 2446 ἐκτὸς,
186 2407 309 2438 κάκεῖνος
325 2407 462 2444 ἀμίαντος.
482 2406 512 2435 Τί
546 2405 632 2434 τοίνυν
667 2404 697 2432 τὸ
726 2404 771 2431 τὸν
800 2402 902 2443 ἄνθρω-

77 2462 125 2479 πον
162 2450 286 2491 ἀπετρξον
315 2451 364 2485 τῆς
394 2452 430 2482 εἰς
459 2451 492 2478 τὰ
523 2450 586 2489 ἅγια
613 2447 836 2488 προσελεύσεως;
873 2449 902 2476 El.

78 2495 144 2532 μήτε
180 2496 194 2523 ὁ
229 2495 357 2534 λογισμὸς
386 2494 412 2527 ἐξ
440 2493 571 2531 ἒμπαθοῦς
599 2491 749 2531 ἐπιθυμίας,
787 2492 856 2528 μήτε
884 2492 901 2525 ἧ

77 2539 135 2578 σὰρξ
164 2540 332 2578 ῥαντισθεϊσα
359 2541 398 2576 τῷ
434 2537 577 2578 ὶκκριθὲντι
621 2536 755 2575 σπέρματι
790 2535 904 2576 κέχραν-

75 2593 127 2615 ται,
173 2583 210 2611 Σύ
237 2595 282 2621 μοι
331 2583 432 2620 δοκεῖς,
482 2584 504 2611 εἰ
517 2583 530 2611 ὁ
545 2582 593 2616 τὴν
615 2581 686 2621 ῥύσιν
723 2579 813 2609 πιθών
829 2581 902 2612 οὗτος

946 2225 975 2252 ct
991 2221 1107 2252 Christo
1124 2221 1219 2253 bonus
1230 2223 1304 2253 odor
1313 2233 1417 2254 sumus
1428 2223 1457 2254 in
1476 2224 1521 2260 iis,
1539 2223 1587 2264 qui
1604 2228 1769 2260 servantur,

943 2267 1026 2306 juxta
1041 2275 1176 2305 magnum
1192 2267 1376 2308 Apostolum.
1391 2267 1473 2304 Quod
1499 2268 1524 2298 si
1536 2267 1622 2298 etiam
1635 2268 1772 2306 cogitatio

947 2311 1098 2350 imaginati
1127 2312 1276 2343 somnium
1305 2312 1511 2350 libidinosum,
1536 2316 1616 2343 extra
1632 2313 1767 2352 concupi-

947 2355 1090 2386 scentiam
1107 2355 1172 2392 fuit,
1197 2357 1256 2387 erit
1271 2361 1299 2388 et
1315 2357 1366 2387 ille
1393 2357 1577 2397 impollutus.
1594 2356 1670 2392 Quid
1684 2357 1774 2396 igitur

947 2400 1099 2431 hominem
1126 2409 1143 2430 a
1168 2405 1337 2432 sanctorum
1366 2407 1385 2421 '-
1413 2401 1496 2431 aditu
1521 2400 1643 2437 arcebit,
1675 2401 1699 2431 si
1717 2411 1772 2432 nec

944 2444 1082 2484 cogitatio
1107 2444 1269 2476 libidinoso
1299 2445 1461 2486 desiderio,
1487 2455 1543 2476 nec
1568 2454 1636 2476 caro
1652 2450 1770 2477 excreto

945 2489 1059 2520 semine
1087 2498 1219 2529 aspersa.
1247 2490 1402 2529 inquinata
1429 2491 1496 2521 est?
1521 2489 1640 2521 Videris
1657 2490 1728 2522 mihi
1744 2491 1770 2521 si

945 2535 1056 2565 ﬂuxum
1073 2533 1121 2564 hic
1150 2544 1264 2575 passus,
1294 2535 1325 2565 in
1350 2535 1561 2574 imaginatione
1590 2535 1673 2566 fuitII
1701 2535 1770 2566 lecti

946 2577 1081 2610 mulieris
1105 2578 1166 2610 viro
1205 2579 1382 2620 conjunctae,
1417 2580 1506 2612 etiam
1532 2579 1670 2612 adulterii
1699 2589 1768 2611 eum

735 2668 865 2701 VARIIE
886 2667 1104 2700 LECTIONES.

113 2738 142 2764 ιθ
156 2739 213 2768 διετ
220 2739 236 2767 ά
243 2738 328 2772 ξαντο.

111 2799 119 2827 3
153 2801 208 2842 qui
222 2801 344 2842 quidem
360 2801 477 2842 majore
490 2800 524 2840 ﬁt
536 2799 698 2840 voluptate.
712 2807 726 2828 ιι
741 2800 796 2840 (ιιιὶ
822 2796 991 2836 vigilantes.
1010 2796 1015 2814 '
1032 2805 1072 2828 ea:
1087 2797 1251 2828 lentatione
1266 2798 1418 2828 satam’ca.
1437 2806 1457 2820 ιιι
1473 2804 1628 2828 sacrarum
1654 2804 1767 2829 rerum.

81 2849 93 2866 η
108 2846 282 2878 concubitus
297 2854 366 2878 cum
380 2845 508 2878 muliere
522 2846 589 2877 viro
603 2845 780 2886 conjuncta.
