1946 3080
52 153 135 186 1021

736 148 1081 181 GR/ECO-ROMANUM

1675 147 1750 180 1022

51 218 383 259 λογισμὸς,αὒτοκράτωρ
417 218 484 255 ἡμῖν
506 215 586 248 δοθεὶς
622 217 653 244 ὲκ
689 219 766 255 Θεοῦ,
791 215 822 243 τὰ
837 217 905 259 τῆςλ

998 215 1168 256 imperatrix
1191 216 1278 246 nobis
1291 225 1308 246 a
1323 215 1384 247 Deo
1399 215 1477 252 data,
1501 214 1600 247 carnis
1629 219 1752 246 resecat

54 258 161 303 σαρκὸς
186 263 326 292 ἀνακόπτει
350 263 505 302 ὁρμήματα,
543 261 560 289 ἃ
588 259 630 288 διὰ
659 263 711 289 τῶν
737 258 892 297 ἀντικειμέ-

56 320 115 336 νων
148 307 285 347 λογισμῶν
314 307 380 345 αὗτῇ
409 306 598 345 ἐπεγείρονται,
629 305 672 333 καὶ
692 305 728 337 ὼς
755 304 780 332 ἒν
811 306 893 340 κημῷ

57 353 105 382 καὶ
129 353 237 393 χαλινῷ
262 353 309 384 τὰς
345 351 470 390 σιαγόνας
499 352 579 383 αὐτῆς
607 348 712 390 ἄγχων,
748 349 781 377 τὰ
794 349 892 381 ταύτης

57 396 201 427 ἂτάσθαλα
240 395 414 425 καταστέλλει
463 395 632 435 φρυάγματα.
678 395 707 423 Et
748 397 810 433 γοῦν
845 393 891 426 τῆς

59 443 167 481 σαρκὸς
194 441 371 480 πυρουμένης,
419 439 575 480 ἀγχομένης
617 438 644 466 δὲ
684 439 734 466 ὑπὸ
773 441 818 466 του
847 437 893 465 λο-

58 491 176 526 γισμυῦ,
193 486 236 514 καὶ
261 486 301 523 μὴ
337 484 561 524 συγχωρουμένης
587 481 813 523 καταφρυάξασθαι
844 484 892 515 τῆς

59 533 173 571 ψυχῆς,
191 531 229 567 μὴ
244 529 386 560 ἐνδιδόντος
411 529 477 566 αὒτῇ
506 529 551 556 τὸν
581 528 678 567 ῥυτῆρα
708 530 751 555 τοῦ
767 526 891 567 χαλινοῦ,

60 575 126 603 ἀλλ’
144 574 220 606 ὅλαις
250 574 326 614 χερσὶ
361 574 408 605 τὰς
435 573 532 606 ταύτης
561 572 643 612 ὁρμὰς
679 571 892 610 ἀνασειράζοντός

59 631 91 648 τε
115 620 163 648 καὶ
200 618 419 657 ἅναστέλλοντος,
450 618 486 649 ὡς
522 616 606 645 ἵππον
648 616 815 655 ἐτερόγναθον
851 615 894 643 καὶ

62 664 193 699 δυσήνιον
211 671 218 678 '
261 662 420 701 βιαζομένης
474 661 501 689 δὲ
539 660 607 689 οὕτω
655 661 698 689 καὶ
739 659 896 700 γαργαλιζο-

62 709 165 747 μένης,
182 708 200 742 ἢ
214 709 259 736 καὶ
286 711 332 736 τοῦ
367 711 484 746 πονηροῦ
511 705 700 743 ἐπιτιθεμένου,
736 704 894 745 φαντασθείη

67 753 131 782 καθ’
149 753 244 786 ὕπνους
273 764 297 780 τι
334 753 348 780 δ
375 754 425 785 τῆς
454 752 549 790 σαρκὸς
578 751 623 779 τὸν
649 749 766 788 πόλεμον
787 749 898 790 ὑφιστά-

63 809 160 836 μενος,
197 799 291 826 ὁποῖον
330 797 344 824 ὁ
383 795 503 834 ἐμπαθὴς
543 795 651 823 ὑπέθετο
692 794 830 833 λογισμὸς,
871 793 900 821 ὃν

934 259 1075 300 impetus,
1101 260 1151 301 qui
1179 270 1233 301 per
1263 261 1411 301 oppositas
1439 261 1632 300 cogitationes
1662 260 1692 291 in
1719 269 1755 291 ea

936 305 1165 344 exsuscitantur,
1182 310 1213 336 ut
1229 307 1257 336 in
1271 315 1355 337 camo
1371 310 1399 336 et
1420 305 1503 337 freno
1530 305 1664 336 maxillas
1689 305 1754 345 ejus

935 350 1153 391 constringens,
1176 350 1298 381 stolidos
1321 351 1384 391 ejus
1408 350 1545 390 reprimit
1560 350 1705 381 fremitus.
1722 349 1754 380 Si

934 395 1025 434 igitur
1052 404 1142 426 carne
1172 395 1364 433 inﬂammata,
1382 399 1410 426 et
1424 405 1441 426 a
1455 395 1568 426 ratione
1582 394 1752 431 constricta,

934 449 990 471 nec
1008 440 1151 480 permissa
1166 440 1303 470 frandere
1318 441 1460 471 adversus
1475 440 1613 473 animam,
1633 448 1692 469 non
1706 438 1751 469 la-

934 489 1040 516 xantes
1055 485 1082 515 ei
1099 484 1239 525 habenas,
1257 485 1310 515 sed
1329 485 1396 516 totis
1412 494 1552 515 manuum
1567 483 1679 514 viribus
1690 483 1754 522 ejus

933 530 1062 570 impetus
1075 528 1243 560 refrenante
1259 533 1286 560 et
1302 529 1553 568 coercente,velut
1563 528 1631 568 equi
1648 529 1757 558 immo-

934 574 1023 614 rigeri
1040 578 1069 605 et
1083 574 1206 605 eﬂ'reuis
1223 584 1229 604 :
1248 574 1291 604 sic
1316 578 1415 605 autem
1441 578 1542 605 coacta
1557 577 1586 604 et
1599 573 1715 604 titillata
1728 579 1753 609 ιι,

933 619 978 650 vel
993 619 1080 650 etiam
1097 619 1224 658 maligno
1235 619 1436 655 insidiante,is
1447 618 1496 659 qui
1511 618 1608 649 carnis
1622 617 1755 657 praelium

935 663 1025 700 subit,
1043 663 1219 702 imaginatus
1235 663 1322 694 fuerit
1336 663 1366 693 in
1378 663 1490 694 somnis
1503 661 1757 703 quidpiam,quale

935 709 1039 740 affecta
1055 707 1179 738 libidine
1194 708 1331 747 cogitatio
1353 708 1543 747 suggesserit.
1562 716 1651 745 quam
1667 705 1758 746 spiri-

937 753 1004 785 talis
1028 753 1226 792 salutarisque
1250 753 1372 792 expulit,
1391 756 1419 783 et
1447 762 1514 783 cum
1544 751 1754 791 imaginatione

937 807 1040 829 semen
1057 797 1216 831 efﬂuxerit.
1234 807 1321 838 quam
1335 797 1614 828 condemnationem
1632 796 1708 826 feret
1721 795 1757 826 ab

66 845 81 872 ὁ
114 842 296 880 πνευματικὸς
325 840 450 869 ἀπώσατο
493 841 537 868 καὶ
573 840 714 879 σωτήριος,
750 839 794 867 καὶ
821 849 897 868 συνε-

987 847 1062 873 mtne
1075 842 1221 882 judicium
1232 843 1374 874 habente?
1383 841 1441 872 nisi
1456 841 1520 882 quis
1535 841 1631 881 ipsum
1643 849 1760 881 quoque

68 890 139 926 κρυῇ
155 890 190 925 τῇ
219 886 347 926 φαντασίᾳ
373 885 439 923 γονή
457 892 464 899 ⁶
495 884 552 912 τίνα
574 884 726 924 κατάκρισιν
754 883 804 916 ἕξει
830 884 895 922 πρὸς

68 931 212 965 ἀνθρώπου
247 929 374 968 διάκρισιν
403 927 539 968 ἔχοντος,
561 929 590 956 Εἰ
625 929 663 965 μή
689 939 728 959 τις
764 928 807 955 καὶ
848 927 897 960 τὴν

65 974 221 1015 προσϐολὴν
245 977 297 1002 τῶν
333 973 469 1012 λογισμῶν
514 973 595 1004 αὒτὴν
636 972 768 1010 αἰτιόῳτο,
806 973 836 1000 Οἱ
870 970 898 999 δὲ

70 1022 141 1048 θεῖοι
166 1019 281 1058 Πατέρες
296 1017 352 1047 οὐδὲ
367 1019 415 1051 τὴν
444 1017 534 1051 πάλην
563 1018 605 1044 ὑπ’
633 1017 744 1045 αἷτίασιν
774 1017 896 1046 τίθενται,

66 1064 211 1104 Τεσσάρων
253 1063 302 1102 γὰρ
332 1063 374 1090 ἐπὶ
409 1063 458 1095 τὴς
494 1061 621 1101 ἁμαρτίας
648 1061 799 1101 λεγομένων
827 1072 897 1098 συμ-

67 1109 182 1149 ϐαίνειν,
212 1106 361 1148 προσϐολῆς
406 1107 450 1135 καὶ
484 1106 573 1139 πάλης
609 1106 689 1146 φημὶ,
735 1104 896 1145 συγκαταθέ-

68 1154 138 1186 σεώς
162 1164 192 1182 τε
205 1153 249 1181 καὶ
283 1151 402 1192 πράξεως
422 1159 428 1166 ⁸
459 1152 492 1180 τὰ
521 1151 570 1189 μὲν
604 1154 657 1179 τῶν
692 1150 897 1190 προηγουμένων

69 1199 188 1238 ἀμφοῖν,
217 1197 288 1236 παρὰ
317 1197 377 1228 τοῖς
401 1196 534 1236 θεοφόροις
559 1195 688 1234 Πατράσιν
718 1194 868 1234 ἀνέγκλητα
887 1203 894 1210 ⁵

66 1244 84 1277 ἡ
109 1242 301 1281 συγκατάθεσις
333 1239 355 1268 δ’
384 1239 430 1269 ὑπ’
458 1240 580 1277 αἰτίασιν,
609 1241 645 1272 ὡς
680 1240 729 1273 τὴν
757 1240 824 1267 κατὰ
839 1238 897 1267 διά-

69 1279 156 1315 νοιαν·
181 1285 486 1325 ἁμαρτίαν-εἰσάγουσα,
531 1279 562 1312 ε1ῐί
591 1283 618 1312 δέ
639 1295 689 1325 ,γε
724 1283 827 1325 πρᾷξις,
856 1284 900 1311 καὶ

71 1328 122 1355 ὑπὸ
161 1320 283 1355 κόλασιν.
323 1320 361 1354 ’Ὀ
397 1320 424 1353 δὲ
466 1325 510 1352 καὶ
543 1320 692 1365 ἀμφοτέρας
726 1324 821 1355 ταύτας
856 1328 900 1353 τοῦ

73 1375 208 1415 σωτηρίου
242 1373 371 1413 λογισμοῦ
390 1376 514 1406 νικῶντος
550 1373 719 1413 ἐκπέφευγεν,
750 1373 800 1400 ὑπὸ
821 1372 901 1400 κατά-

71 1431 160 1459 κρισιν
188 1418 230 1448 διὰ
256 1419 299 1456 τί,
330 1419 358 1448 El.
387 1418 435 1456 μὲν
458 1419 507 1458 γὰρ
535 1419 581 1446 τοῦ
628 1417 754 1457 λογισμοῦ
781 1416 898 1456 πρνσϐα-

75 1463 184 1500 λόντος,
212 1465 256 1492 καὶ
284 1464 348 1503 πρὸς
384 1462 508 1501 ἀσελγεῖς
556 1462 691 1500 ἐπιθυμίας
728 1462 897 1492 κινώσαντος.

938 887 1146 927 cogitationum
1185 887 1335 918 incursum
1376 887 1486 927 culpet.
1525 885 1623 917 Divini
1660 889 1758 916 autem

938 933 1040 964 Patres
1060 941 1157 972 neque
1180 932 1289 962 luclam
1319 932 1375 963 sub
1405 930 1625 962 accusationem
1641 934 1757 961 vocant.

940 977 1012 1009 Cum
1030 977 1109 1007 enim
1125 979 1250 1017 quatuor
1265 976 1334 1014 sint,
1356 985 1420 1016 quae
1436 976 1574 1006 dicuntur
1590 975 1619 1005 in
1636 978 1756 1015 peccato

939 1021 1088 1059 accidere,
1115 1021 1252 1052 incursus
1269 1026 1298 1051 et
1313 1021 1402 1056 lucta,
1429 1021 1561 1060 inquam,
1586 1020 1717 1050 assensio
1733 1023 1761 1050 et

938 1066 1024 1097 actio:
1040 1075 1074 1096 ea
1087 1065 1289 1106 quidemquae
1299 1065 1424 1096 duorum
1438 1069 1506 1096 sunt
1518 1064 1758 1105 praecedentium,

938 1119 954 1142 a
970 1111 1112 1142 divinitus
1137 1110 1243 1141 amatis
1259 1109 1395 1141 Patribus
1411 1114 1490 1140 extra
1506 1110 1621 1150 culpam
1637 1108 1733 1149 posita
1751 1119 1757 1137 :

935 1156 1067 1188 assensio
1096 1160 1193 1187 autem
1219 1156 1274 1187 sub
1298 1157 1487 1187 accusatione
1507 1180 1514 1192 ,
1551 1155 1628 1186 velut
1654 1153 1761 1185 mentis

939 1205 1088 1242 peccatum
1104 1201 1270 1232 inducens:
1286 1201 1362 1232 actio
1378 1205 1475 1231 autem
1499 1200 1553 1231 snb
1571 1209 1656 1241 pmna
1672 1199 1760 1230 etiam

940 1250 995 1277 est.
1025 1245 1080 1281 Qui
1109 1249 1207 1276 autem
1238 1246 1289 1276 has
1317 1246 1419 1277 ambas
1441 1245 1560 1276 salutari
1586 1243 1763 1283 cogitatione

940 1292 1077 1322 vincente
1093 1291 1205 1330 effugit.
1219 1300 1273 1322 cur
1287 1290 1527 1322 condemnationi
1540 1290 1736 1328 subjiceretur
1746 1288 1761 1318 ’ἶ

941 1335 972 1367 Si
988 1336 1067 1366 enim
1084 1335 1264 1375 cogitatione
1279 1335 1504 1375 impressionem
1521 1334 1661 1369 faciente.
1678 1338 1707 1365 et
1722 1333 1759 1364 ad

942 1380 1097 1412 obscoenas
1124 1380 1299 1420 impellente
1323 1380 1473 1417 libidines,
1491 1380 1515 1411 is
1527 1379 1577 1420 qui
1591 1378 1646 1410 hoc
1658 1388 1762 1419 passus

941 1430 997 1464 est,
1015 1424 1144 1455 libenter
1159 1425 1274 1464 accepit
1289 1425 1366 1465 quod
1382 1425 1481 1456 animo
1494 1423 1716 1463 obversabatur,
1733 1426 1763 1454 et

942 1473 1072 1501 mentem
1088 1469 1186 1500 habuit
1203 1469 1271 1500 huic
1294 1469 1513 1506 immorantem,
1530 1478 1564 1499 ac
1578 1468 1669 1499 veluti
1684 1467 1762 1498 deli-

75 1510 89 1537 ὁ
117 1509 235 1549 πάσχων
263 1507 384 1546 ἆσμένως
427 1507 530 1540 ἐδέξατο
559 1508 589 1535 τὸ
623 1507 754 1546 ἐνθύμιον,
783 1507 826 1534 καὶ
852 1507 898 1534 τὸν

989 1517 1080 1551 ntem,
1099 1513 1352 1554 meditantemque
1367 1523 1414 1551 ea,
1428 1514 1540 1553 quaead
1556 1513 1585 1544 id
1601 1512 1761 1553 pertinent;

74 1553 133 1581 νοῧν
164 1553 228 1593 ἔσχε
254 1553 339 1590 τούτῳ
380 1551 582 1591 ἐνδιατρίϐοντα,
611 1552 655 1579 καὶ
683 1553 740 1579 οἷον
775 1550 900 1584 ἐνηδυνό-

987 1568 1030 1598 {ue
1045 1558 1166 1589 homine
1180 1558 1223 1589 sic
1238 1550 1355 1595 affecto,
1372 1550 1525 1599 phantasia
1542 1550 1630 1590 noctu
1646 1557 1761 1588 invase-

73 1608 164 1636 μενον,
195 1597 239 1626 καὶ
274 1596 425 1634 μελετῶντα
451 1597 485 1625 τὰ
525 1596 583 1635 περὶ
625 1596 702 1625 αὐτοῦ
719 1603 725 1611 ·
776 1596 844 1624 οὕτω
871 1607 899 1623 τε

74 1642 225 1682 τάνθρώπου
260 1641 436 1681 διακειμένου,
464 1642 481 1675 ἡ
514 1641 643 1680 φαντασία
672 1641 762 1672 νυκτὸς
797 1639 899 1675 ἐπελή-

74 1685 159 1724 λυθεν,
179 1687 226 1715 οὐκ
248 1685 409 1725 ἀνέγκλητος
427 1695 436 1703 ·
467 1686 514 1713 κᾶν
543 1684 609 1716 ἴσως
638 1686 681 1713 καὶ
708 1685 758 1718 τὴν
787 1684 900 1724 ἔκκρισιν

75 1733 124 1764 τῆς
140 1734 223 1770 γονῆς
248 1730 431 1771 διαπέφευγεν.
455 1725 482 1759 Ὀ
505 1730 555 1769 γὰρ
584 1729 711 1768 λογισμὸς
752 1731 782 1758 οὗ
803 1730 899 1761 πάθους

74 1769 162 1815 ὶκτὸςν,
193 1769 254 1803 ἀλλ’
282 1769 382 1814 ἑτρῶθη
419 1777 452 1813 τῇ
481 1773 562 1813 βολίδι
599 1777 647 1807 τῆς
678 1773 841 1814 προσϐολῆς,
858 1775 902 1802 καὶ

80 1821 144 1859 πρὸς
174 1820 223 1853 τὴν
265 1821 333 1847 κατὰ
376 1818 490 1847 διάνοιαν
532 1818 661 1858 ἁμαρτίαν
702 1818 731 1846 ἐκ
779 1819 902 1858 ῥᾳθυμίας

82 1865 229 1904 χαυνωθεὶς
258 1863 442 1897 ἐξωλίσθησεν.
488 1864 517 1892 Εἰ
559 1862 585 1891 δὲ
613 1861 750 1903 προσϐάλῃ
792 1863 840 1900 μὲν
874 1863 904 1890 τὸ

82 1908 213 1948 ἐνθύμιον,
248 1908 453 1948 ἆποῤῥαπισθείη
468 1906 491 1935 δ’
527 1907 628 1945 αὔτικα,
659 1907 677 1941 ἢ
705 1908 748 1935 καὶ
772 1907 823 1935 ὑπὸ
851 1906 905 1935 παί-

80 1952 131 1986 λην
155 1955 290 1981 πεσόντων
321 1953 476 1992 ἀμφοτέρων
495 1953 547 1979 τῶν
576 1951 711 1992 λογισμῶν
733 1953 776 1980 καὶ
804 1950 903 1980 ταλαν-

81 1997 229 2036 τευομένων
259 1999 296 2029 ὡς
331 1998 374 2026 ἐπὶ
402 1996 564 2036 πλάστιγγος
593 1998 606 2025 ὸ
640 1998 763 2036 κρείττων
784 1995 903 2036 περιϐρι-

81 2044 203 2083 θέστερας
239 2043 369 2083 γένηται·
395 2049 454 2071 εἶτα
483 2042 523 2070 διὰ
557 2042 607 2076 τήν
636 2045 685 2076 τῆς
713 2044 808 2082 σαρκὸς
837 2042 904 2070 6mi-

81 2100 160 2127 γκην,
190 2089 234 2116 καὶ
262 2093 308 2117 τοῦ
334 2087 546 2126 δυσμεναίδοντος
573 2087 641 2124 ἡμῖν
680 2087 730 2121 τὴν
764 2087 899 2126 ἐπήρειαν,

82 2133 210 2172 φαντασία
240 2132 375 2171 νυκτερινὴ
403 2132 505 2166 κινήσει
539 2132 588 2165 τὴν
637 2132 733 2171 σάρκα,
763 2132 806 2159 καὶ
832 2131 902 2170 ῥύσιν

81 2176 219 2216 ἐργάσεται
235 2177 384 2216 σπέρματος
400 2185 407 2193 ⁸
425 2177 440 2204 ὁ
468 2175 564 2209 ταύτην
594 2176 683 2204 παθὼν
699 2177 728 2204 οὗ
750 2176 900 2213 μεμίανται.

82 2223 140 2253 Πῶς
156 2222 218 2261 γὰρ,
235 2221 296 2261 ὅσγε
311 2223 357 2249 τὸν
371 2220 498 2260 λογισμὸν
533 2220 560 2248 ἐν
589 2221 802 2260 συγκαταθέσεως
818 2219 904 2253 ἅπαθῆ

82 2265 220 2306 διετήρησε
235 2275 243 2306 ς

120 2311 258 2350 Συμφήσει
274 2309 300 2338 δέ
323 2321 366 2348 μοι
383 2311 448 2349 πρὸς
471 2313 547 2338 τοῦτο
582 2310 625 2338 καὶ
649 2310 792 2349 σύμψηφος
820 2308 905 2336 ἕσται-

81 2356 123 2383 καὶ
138 2357 152 2384 ὁ
164 2355 302 2395 προφήτης
318 2355 361 2382 καὶ
383 2354 518 2393 θεοπάτωρ
550 2353 638 2391 Δαϐὶδ,
669 2353 753 2392 λέγων
771 2361 778 2369 ⁸
812 2365 824 2380 α
843 2352 903 2381 Ἐν-

81 2399 172 2437 θύμιον
209 2400 345 2438 ἀνθρώπου
384 2397 606 2438 ἐξομολογήσεται
647 2409 698 2433 σοι,
743 2399 785 2427 καὶ
821 2397 902 2437 ἐγκα-

81 2443 232 2482 τάλλειμμα
246 2443 365 2481 ἐνθυμίου
391 2444 509 2484 ἑορτάσει
551 2453 605 2474 σοι.
625 2455 635 2472 η
667 2444 695 2472 Εἰ
721 2444 770 2482 γὰρ
785 2443 903 2480 ἐνθύμιον

80 2487 169 2528 (φησί)
198 2489 313 2524 πονηρὸν
342 2488 471 2528 ἀνθρώπῳ
512 2487 624 2526 ἐπέλθῃ,
662 2489 705 2516 καὶ
739 2491 778 2525 τῷ
812 2487 903 2514 τούτου

82 2531 297 2573 ἔμφιλοχωρήσει
314 2533 367 2569 νοΐ,
399 2532 580 2571 ἐνηδυνομένῳ
605 2535 639 2570 τῇ
665 2533 723 2572 περὶ
751 2535 829 2560 τοῦτο
843 2530 902 2559 δια-

82 2576 166 2616 τριϐῇ,
197 2578 240 2605 καὶ
271 2578 302 2605 τὸ
331 2578 398 2605 κατὰ
427 2576 542 2605 διάνοιαν
587 2576 704 2605 τελοῦντι
747 2577 904 2616 ἁμάρτημα,

83 2623 220 2658 μετανοίας
243 2621 285 2650 δεῖ
305 2624 344 2658 τῷ
373 2622 483 2658 τοιούτῳ
509 2622 553 2650 καὶ
581 2620 798 2660 ἐξομολογήσεως
823 2629 831 2638 ⁸
860 2620 907 2648 ’ἕνα

941 1602 980 1633 rit
997 1614 1003 1632 :
1022 1603 1148 1634 crimine
1162 1612 1220 1633 non
1235 1607 1328 1643 vacat,
1344 1603 1414 1634 licet
1440 1603 1516 1634 forte
1531 1607 1559 1633 et
1572 1601 1695 1633 seminis
1710 1610 1763 1632 ex-

941 1647 1104 1679 cretionem
1140 1647 1276 1678 evaserit.
1307 1647 1451 1687 Cogitatio
1480 1647 1559 1678 enim
1589 1655 1649 1677 non
1680 1650 1765 1677 extra

941 1692 1090 1731 affectum,
1107 1692 1158 1722 sed
1185 1691 1363 1723 incursionis
1383 1691 1482 1732 jaculo
1498 1691 1649 1722 vulnerata
1664 1694 1720 1730 est,
1736 1694 1766 1721 et

942 1737 976 1767 ad
992 1737 1101 1767 mentis
1117 1741 1282 1776 peccatum,
1300 1745 1353 1776 per
1363 1736 1511 1776 pigritiam
1527 1735 1640 1766 mollita
1654 1750 1675 1772 r,
1695 1743 1763 1774 pro-

943 1781 1024 1820 lapsa
1039 1785 1094 1811 est.
1111 1780 1194 1817 Quod
1210 1781 1233 1811 si
1250 1781 1406 1820 cogitatum
1425 1780 1625 1811 incursionem
1643 1779 1763 1819 quidem

945 1824 1163 1861 fecerit,verum
1179 1825 1278 1856 statim
1295 1825 1490 1864 ignominiosa
1500 1824 1651 1864 repulsum
1664 1823 1763 1860 fuerit,

945 1869 990 1900 vel
1006 1869 1095 1900 etiam
1110 1869 1165 1900 sub
1181 1869 1289 1900 luctam
1302 1869 1481 1901 cadentibus
1496 1868 1640 1900 ambabus
1655 1868 1766 1908 cogita-

946 1913 1089 1953 tionibus,
1107 1918 1136 1944 et
1149 1913 1241 1945 veluti
1256 1914 1285 1944 in
1302 1914 1411 1945 trutina
1424 1913 1568 1948 liberatis,
1579 1912 1685 1943 melior
1696 1922 1769 1952 pon-

946 1957 1081 1988 derosior
1094 1958 1142 1989 ﬁat
1158 1968 1164 1986 :
1184 1958 1293 1989 deinde
1315 1968 1367 1999 per
1391 1958 1487 1990 carnis
1504 1956 1721 1994 necessitatem,
1740 1960 1769 1988 et

946 2002 1061 2032 inimici
1077 2003 1169 2033 nostri
1186 2003 1400 2043 improperium
1412 2009 1432 2040 ε,
1442 2001 1611 2041 imaginalio
1625 2005 1769 2032 nocturna

946 2046 1075 2077 movebit
1091 2056 1224 2084 carnem,
1243 2051 1272 2077 et
1287 2048 1395 2078 ﬂuxum
1411 2047 1519 2078 efficiet
1533 2046 1701 2085 spermatis:
1715 2045 1766 2085 qui

944 2100 1011 2121 eum
1040 2095 1084 2121 est
1107 2101 1221 2132 passus,
1246 2092 1417 2132 inquinatus
1446 2101 1504 2122 non
1521 2095 1574 2121 est.
1603 2090 1666 2127 Quo
1687 2090 1767 2121 enim

946 2134 1044 2172 modo,
1075 2135 1125 2175 qui
1154 2135 1362 2175 cogitationem
1380 2136 1414 2167 ab
1431 2135 1604 2167 assensione
1629 2134 1766 2165 intactam

946 2179 1071 2210 servavit
1085 2179 1098 2210 Υ

987 2312 1175 2344 Assentietur
1190 2316 1285 2343 autem
1307 2313 1378 2344 mihi
1394 2312 1428 2343 ad
1446 2313 1546 2349 hoc,et
1562 2311 1772 2352 suffragabitur

947 2358 1092 2396 propheta
1108 2362 1137 2389 et
1153 2358 1206 2389 Dei
1222 2361 1305 2396 pater
1322 2357 1425 2395 David,
1439 2357 1576 2397 inquiens
1593 2366 1599 2388 :
1620 2357 1772 2396 Cogitatio

944 2401 1078 2433 hominis
1094 2403 1282 2443 conﬁlebz’tur
1297 2401 1396 2438 tibiml
1407 2403 1545 2442 reliquia’
1555 2405 1769 2441 cogitationum

944 2446 1020 2477 diem
1030 2448 1139 2485 festum
1151 2447 1348 2486 agenttibisi
1356 2447 1434 2477 enim
1444 2446 1768 2487 cogitatio(inquit)ma-

944 2491 970 2521 la
981 2491 1093 2521 homini
1107 2492 1306 2532 irrepserit,et
1322 2492 1350 2521 in
1366 2491 1432 2531 ejus
1442 2496 1540 2522 mente
1556 2492 1644 2522 sedes
1661 2491 1767 2528 ﬁxerit,

945 2538 1029 2574 capta
1045 2535 1196 2575 voluptate
1211 2535 1439 2566 consuetudinis
1465 2536 1528 2575 ejus
1548 2540 1576 2566 et
1598 2535 1770 2575 perficiente

947 2578 1149 2618 intelligentiae
1165 2584 1319 2620 peccatum
1336 2580 1534 2620 ‘,pmnitentia
1550 2581 1575 2612 ei
1592 2589 1667 2620 opus
1682 2583 1726 2609 est
1741 2582 1771 2609 et

948 2623 1147 2662 ccixfessione,
1175 2629 1207 2655 ut
1237 2633 1289 2665 per
1315 2633 1365 2655 eas
1389 2624 1596 2664 cogitationem
1621 2628 1727 2664 purget
1755 2633 1773 2654 a

748 2700 875 2733 VARIIE
897 2700 1115 2736 LECTIONES.

122 2789 134 2810 η
144 2773 188 2804 εἰσ
203 2774 304 2803 autem
319 2779 413 2802 carne
426 2769 488 2802 vim
503 2769 677 2801 adhibentes.
694 2778 730 2801 ac
746 2769 956 2802 titillationem
973 2770 1129 2801 sentiente.
1147 2775 1157 2789 ν
1170 2778 1225 2811 per
1236 2770 1390 2810 ignaviam
1408 2770 1513 2802 taxata
1529 2775 1538 2787 '
1554 2770 1767 2803 tentationum.

85 2811 93 2830 ι
109 2813 280 2853 ρενβοίεηιθ
292 2815 446 2852 peccatum
460 2810 666 2851 cogitationis.
