1946 3080
89 113 104 145 1
111 114 175 147 029

89 183 200 222 πρόεισι
227 184 352 224 καθαρὸν,
377 183 445 214 ἀλλὰ
474 182 590 222 ῥυπῶδες
616 185 661 212 καὶ
701 183 807 223 θολερόν
831 193 838 201 ·

92 229 176 257 αὒτὸν
193 229 301 268 τρόπον,
318 229 340 256 εἶ
356 228 519 267 μεμόλυνται
540 229 557 262 ἡ
593 229 670 268 γονὴ,
695 230 738 257 καὶ
762 230 780 262 ἡ
810 227 883 268 σὰρξ,
907 228 924 261 ἣ

93 272 124 305 ἐξ
163 274 244 307 αὐτῆς
280 274 413 309 οὖσίωται,
446 272 634 311 μεμόλυσμένη
655 273 710 301 ἐστὶ
732 274 775 301 καὶ
810 273 925 312 ἀκάθαρ-

93 328 144 349 τος
170 327 176 333 “
205 319 248 346 καὶ
285 318 462 358 ἀντιστρόφως
512 317 595 355 αὖθις,
645 318 667 345 εἰ
704 317 847 357 ἀκαθαρσία
895 317 925 344 τὸ

93 361 204 401 σπέρμα
219 363 283 397 εστὶ,
310 363 354 390 καὶ
382 363 413 390 τὸ
455 361 559 401 σπέρμα
587 362 614 394 ἐξ
642 364 672 390 οὗ
684 366 831 399 κκεκοῦται,
862 361 926 389 ἀκά-

91 407 203 445 θαρτον,
222 407 271 435 Καὶ
286 406 354 435 οὕτω
378 408 408 434 τὸ
438 409 515 443 σῶμα
537 405 569 439 δὴ
597 407 626 434 τὸ
655 406 796 446 ἡμέτερον,
826 405 923 443 κτίσμα

91 455 144 479 τοῦ
159 452 275 490 πονηροῦ
288 450 485 490 λογισθήσεται.
510 450 588 479 Οὖδὶν
609 451 659 491 γὰρ
694 454 746 479 τῶν
773 451 822 479 ὑπὸ
859 454 924 479 Θεοὸ

92 495 257 533 γενομένων,
285 496 378 525 κακόν.
417 497 452 524 Τὸ
477 495 503 523 δὲ
534 496 743 535 μεμολυσμένον,
773 495 867 524 κακόν.
897 495 925 523 Ei

94 537 125 566 δὲ
155 540 248 580 κακόν,
280 540 309 568 οὒ
351 540 448 578 κτίσμα
478 541 552 570 Θεοῦ.
590 541 733 580 Στνᾶγετκι
762 539 866 576 λοιπὸν,
905 541 927 568 εἰ

97 583 183 624 ταῦτα
200 583 296 622 δῶμεν,
330 584 406 624 ἔργον
436 584 506 612 εἶναι
533 585 582 618 τὴν
618 585 701 624 σάρκα
724 589 769 613 τοῦ
797 588 923 624 πονηροῦ,

100 622 195 668 ΗΟπερ
216 629 252 659 ὡς
284 628 401 668 εἴρηται,
427 632 477 662 τῆς
512 632 564 657 τῶν
592 630 747 669 Μανιχαίων
773 629 894 669 αἱρέσεως
916 637 922 644 ’

98 673 135 705 ἧς
152 673 196 700 καὶ
209 674 232 700 οἱ
262 673 407 711 Βογόμιλοι
430 674 641 714 συμμετέχουσιν
658 682 664 688 ’
688 676 729 706 οἷς
744 674 787 701 καί
802 685 826 701 τι
845 673 924 702 πλέον

114 717 120 727 1
145 719 158 724 -
289 719 296 728 τ
333 717 338 726 I
379 716 405 728 PI
426 729 440 735 _
562 718 569 729 1
731 730 735 734 .
781 717 788 727 ν

99 727 222 750 εισηκται
254 729 297 745 και
328 728 511 758 ασεοεσνερον.
574 722 606 746 Εν
634 725 695 751 ταῖς
732 721 779 746 καθ

95 763 252 801 φαντασίαις
269 763 362 793 αὖτοὺς
392 763 451 794 τοὺς
488 762 613 801 δαίμονας
643 762 767 802 ληροῦσιν
797 762 923 801 ἀσελγαί-

100 817 157 834 νειν
173 807 208 838 εἷς
231 807 264 834 τὲι
279 807 389 845 σώματα
411 808 443 835 τὰ
471 807 630 847 ἀνθρώπινα,
666 809 684 843 ἥ
719 811 856 840 ποιοῦντας
889 808 924 839 εἷς

830 718 924 750 ὕπνους

754 108 1110 149 θΒΕϐΟ-ΒΟΜΑΝΗΜ.

875 184 951 212 τὸνΑ
962 184 1005 212 est
1021 180 1148 220 genitale
1164 189 1279 218 semen,
1297 185 1326 212 et
1342 189 1409 221 qua
1429 190 1463 212 ex
1486 190 1521 212 eo
1537 180 1688 212 concrevit
1702 190 1783 218 caro,

1710 112 1791 145 1030

965 225 1022 256 erit
1036 225 1157 255 omnino
1173 225 1337 256 immunda.
1361 225 1396 256 Et
1410 225 1660 266 quemadmodum
1674 234 1708 256 ex
1725 230 1788 256 tur-

965 271 1034 304 bido
1060 281 1240 312 cmnosoque
1268 272 1347 303 fonte
1377 273 1455 304 unda
1488 283 1548 304 non
1578 277 1676 304 manat
1704 281 1786 314 pura,

965 316 1019 347 sed
1041 316 1162 346 sordida
1183 320 1213 346 et
1227 317 1392 347 lntulenta:
1411 317 1453 348 sic
1475 317 1499 348 si
1523 326 1628 348 semen
1645 317 1789 358 pollutum

966 364 1020 395 est,
1052 366 1079 390 et
1109 370 1189 401 caro,
1220 370 1285 401 qua;
1314 371 1348 391 ex
1378 371 1413 392 ea
1444 361 1638 393 substantiam
1666 361 1786 401 accipit,

966 405 1075 444 polluta
1091 409 1135 436 est
1148 410 1177 436 et
1197 406 1350 436 immunda
1367 415 1373 437 :
1398 410 1426 437 et
1449 406 1511 437 vice
1535 416 1630 444 versa,
1645 407 1670 438 si
1686 416 1789 438 semen

964 448 1152 480 immunditia
1168 453 1222 486 est,
1241 454 1270 480 et
1282 449 1354 480 illud
1373 450 1569 487 immundum,
1593 460 1628 482 ex
1643 461 1701 491 quo
1717 460 1786 481 eva-

966 497 1079 524 cuatur.
1096 495 1190 534 Atque
1206 497 1244 524 ita
1260 495 1345 534 plane
1371 504 1480 535 corpus
1506 499 1640 525 nostrum
1654 499 1788 526 creatura

968 538 1038 569 mali
1052 539 1234 570 censebitur.
1255 538 1333 570 Nihil
1359 539 1439 570 enim
1467 549 1582 577 eorum,
1599 548 1665 578 qua;
1688 549 1705 569 a
1727 541 1787 570 Deo

967 587 1065 614 creata
1089 588 1167 621 sunt,
1196 584 1306 614 malum
1328 593 1334 614 ς
1351 584 1495 624 pollutum
1511 588 1609 615 autem
1626 585 1736 614 malum
1750 596 1761 611 ν
1779 594 1786 612 :

967 627 992 657 si
1008 628 1128 665 malum,
1155 638 1214 658 non
1245 628 1299 659 Dei
1323 633 1469 659 creatura.
1497 628 1650 668 Colligitur
1664 637 1746 667 ergo,
1763 628 1789 658 si

966 671 1029 702 hinc
1044 672 1255 710 concedamus,
1272 682 1394 703 carnem
1418 682 1484 704 esse
1507 683 1583 713 opus
1599 673 1667 703 mali
1686 681 1692 703 :
1711 673 1786 713 quod

966 720 998 746 ut
1012 716 1151 753 diximus;
1174 722 1218 747 est
1243 718 1472 749 Manichaeorum
1497 721 1603 749 sectae:
1618 727 1676 758 qua
1699 717 1787 748 etiam

965 760 1109 800 Bogomili
1126 766 1193 791 sunt
1209 762 1314 792 imbuti
1330 772 1336 792 :
1353 772 1370 793 a
1385 762 1496 802 quibus
1512 766 1541 793 et
1558 763 1686 803 amplius
1700 762 1788 802 quid-

967 805 1044 844 piam
1060 805 1260 836 introductum
1277 811 1332 846 est,
1356 811 1384 837 et
1409 807 1533 847 impium
1545 807 1649 846 magis.
1666 807 1699 838 In
1714 816 1789 837 noc-

100 851 164 882 τοὺς
192 851 240 885 τὴν
273 852 415 891 φαντασίαν
437 852 637 892 ὑφισταμένους,
667 852 684 886 ἢ
710 853 864 892 πάσχοντας
880 853 893 880 ὑ

1008 849 1061 879 'nis
1075 850 1337 889 imaginationibus
1354 856 1501 890 nugantur
1522 851 1671 882 damones
1687 850 1790 882 libidi-

98 897 198 927 αὐτῶν,
215 896 280 928 Τοὺς
295 901 356 935 γοῦν
373 898 476 935 μίασμα
509 898 558 930 τὴν
573 900 622 930 τῆς
650 900 730 936 γονῆς
773 899 924 936 νομίζοντας

100 939 230 980 ἔκκρισιν,
261 940 286 968 εἴ
329 952 397 973 τινες
424 944 472 975 τῆς
507 941 583 975 δόξης
609 942 707 975 ταύτης
730 945 779 976 τῆς
808 945 924 981 μυσιρᾶς

104 984 232 1024 μετέχει-ι
268 986 408 1026 νομίζοιεν,
437 986 466 1014 οὔ
499 987 609 1026 κρίσεως
644 986 818 1026 ἀφεστηκέναι
848 997 925 1023 νομι-

99 1031 192 1057 σθεϊεν
215 1030 305 1068 ὀρθῆς,

144 1165 218 1195 Ἀλλ’
232 1168 287 1207 ἐρεῖ
305 1179 344 1201 τις
372 1168 451 1206 ἴσως,
475 1169 515 1197 ὅτι
542 1173 594 1198 τῶν
620 1170 668 1207 μὲν
684 1169 819 1207 μολυσμὸν
847 1169 926 1208 ἡγου-

103 1211 192 1249 μένων
207 1213 255 1246 τὴν
277 1216 325 1246 τῆς
351 1216 431 1253 γονης
466 1214 561 1254 ἐκροὴν
582 1215 695 1251 καθήψω
725 1213 854 1254 σφοδρῶς,
871 1225 926 1251 μα-

99 1256 166 1294 κρὸν
181 1258 238 1296 περὶ
252 1257 352 1286 τούτων
367 1258 484 1290 κενώσας
500 1258 579 1298 λόγον
604 1269 611 1276 ·
625 1258 669 1297 ἑτί
695 1257 722 1285 δὲ
737 1258 863 1292 ποιητέον
878 1259 926 1286 ωδ-

102 1307 176 1338 τοϊς,
200 1301 218 1335 ἢ
235 1305 290 1333 πῶς
306 1303 492 1340 οἱκονομητέον
517 1304 577 1335 τοὺς
618 1303 746 1334 τοιούτοις
773 1303 927 1341 τολμήμασι

100 1345 318 1386 περιπίπτοντας,
347 1348 376 1375 οὗ
402 1347 600 1387 προστέθεικας.
617 1349 652 1377 Τὸ
682 1347 730 1384 μὲν
766 1347 926 1388 μέμφεσθαι,

100 1394 149 1418 τοῦ
163 1389 323 1428 βουλομένου
339 1393 437 1424 παντός
456 1401 462 1407 ·
479 1394 509 1421 τὸ
530 1392 557 1420 δὲ
580 1392 738 1432 διορθοῦσθαι
759 1393 804 1421 τὸν
839 1391 926 1432 σφαλ-

101 1433 226 1473 λόμενον,
245 1433 359 1474 ἄριστον.

148 1517 208 1551 nIvat
232 1525 294 1563 γοῦν
319 1526 357 1563 μὴ
385 1527 478 1566 χώραν
506 1526 592 1565 δῶμεν
627 1531 708 1556 ταῦτα
742 1527 828 1566 λέγειν
862 1527 922 1564 τινὶ,

106 1568 193 1607 φαμὲν
210 1568 250 1597 ὅτι
275 1569 388 1607 μάλιστα
414 1571 461 1608 μὲν
489 1573 532 1600 καὶ
567 1580 625 1605 τοῖς
653 1571 703 1606 ἤδη
733 1573 850 1611 ῥηθεῖσιν
879 1571 925 1608 ἐμ-

102 1611 299 1651 περιείληπται,
324 1616 348 1642 at
389 1616 437 1652 μὲν
466 1618 518 1644 τῶν
550 1621 702 1657 νυκτερινῶν
731 1617 923 1656 φαντασμάτων

105 1656 281 1698 ἀνέγκλητον,
298 1660 324 1686 τί
337 1658 359 1687 δ’
380 1661 430 1688 ὑπὸ
459 1660 612 1699 ὲπιτιμησιν
629 1672 635 1678 ·
674 1663 805 1702 εἰρήσεται
829 1660 855 1689 δὲ
884 1663 928 1691 καὶ

104 1702 176 1732 αὖθις
198 1703 365 1743 σαφέστερον.
403 1705 454 1738 Οἷς
483 1707 567 1734 τοίνυν
599 1707 761 1747 ἀφέντας-τος
790 1711 835 1735 τοῦ
849 1705 929 1745 σπέρ-

105 1756 190 1783 ματος
219 1748 236 1781 ἡ
281 1748 430 1790 ἀπόκρισις,
473 1750 656 1790 ὂιορθουμένης
690 1751 736 1785 τῆς
760 1751 861 1791 φύσεως
896 1751 927 1778 τὸ

104 1790 268 1830 περίττωμα,
300 1794 343 1820 καὶ
379 1796 420 1826 οἷς
457 1794 488 1822 ἂν
515 1797 558 1823 καὶ
587 1797 653 1833 μετὰ
681 1796 822 1836 φαντασίαις
850 1799 926 1824 τοῦτο

106 1834 251 1874 ἒπισυμϐῇ,
294 1837 408 1871 ἀπαθοῦς
434 1839 480 1867 τοῦ
507 1839 635 1879 λογισμοῦ
669 1840 847 1871 διαμείναντος
883 1841 926 1868 καὶ

105 1879 146 1917 μὴ
187 1879 357 1917 μολυνθέντος
400 1883 525 1924 πρότερον
566 1884 596 1912 ἐκ
636 1885 857 1924 συγκαταθέσεως,
896 1886 926 1912 τὸ

105 1925 189 1956 πάθος
225 1925 371 1955 ἀκόλαστον
397 1929 440 1956 καὶ
473 1929 661 1967 ἀνεπιτίμητον
678 1939 686 1947 ο
709 1931 753 1958 καὶ
781 1929 838 1958 οὔτε
876 1931 926 1963 τῆς

105 1968 234 2006 μεθέξεως
256 1971 326 1998 οὗτοι
355 1974 404 2005 τῆς
425 1973 585 2011 ἀναιμάκτου
614 1974 700 2005 θυσίας
729 1975 924 2014 εἷρχθήσονται,

104 2013 175 2041 κατὰ
196 2014 255 2046 τοὺς
270 2015 351 2048 θείους
367 2017 484 2056 Πατέρας
509 2026 516 2034 ⁶
542 2017 600 2046 οὔτε
629 2019 678 2056 μὲν
698 2020 734 2050 ὡς
767 2013 926 2051 ὑποστάντες

106 2057 255 2096 μολυσμὸν,
271 2059 483 2099 λογισθήσονται.
510 2064 539 2092 Εἰ
567 2064 616 2103 γὰρ
645 2065 658 2091 ὁ
680 2063 807 2103 λογισμὸς
835 2065 925 2096 αὖτοῒς

106 2103 137 2130 οὖ
174 2103 345 2144 μεμόλυνται,
376 2105 394 2139 ἢ
420 2106 487 2144 μηδὲ
529 2106 727 2147 προσϐαλούσης
761 2107 925 2146 ἐνθέμήσεως

965 903 1034 924 nem
1051 903 1192 925 exercere
1208 896 1237 926 in
1251 905 1376 936 corpora
1396 897 1537 934 humana,
1553 896 1600 927 vel
1620 899 1743 935 agentes
1759 897 1790 926 in

965 947 1029 978 eos,
1045 939 1095 979 qui
1110 939 1351 979 imaginationem
1375 939 1500 971 subeant
1521 939 1666 978 libidinis,
1689 940 1735 971 vel
1751 940 1789 971 ab

966 983 1003 1013 iis
1019 983 1176 1023 patientes.
1195 984 1252 1015 Eos
1266 985 1365 1024 igitur,
1383 985 1434 1025 qui
1450 985 1573 1016 seminis
1588 985 1787 1016 excretionem

967 1028 1065 1058 scelus
1078 1028 1246 1060 existimant
1258 1047 1280 1068 ι,
1295 1030 1320 1060 si
1335 1030 1386 1070 qui
1401 1031 1490 1070 hujus
1501 1029 1708 1061 abominandae
1723 1029 1790 1069 opi—

969 1071 1066 1103 nionis
1089 1073 1218 1104 dixorint
1245 1083 1310 1105 esse
1339 1075 1648 1115 participes;arecto
1673 1073 1789 1114 judicio

969 1125 1027 1146 non
1046 1118 1146 1157 procul
1163 1118 1266 1149 abesse
1277 1119 1465 1150 videbuntur.

1008 1160 1118 1192 Verum
1148 1163 1271 1203 (inquiet
1295 1164 1417 1195 forsitan
1438 1163 1555 1203 aliquis)
1578 1172 1645 1194 cum
1661 1173 1722 1202 eos,
1739 1162 1801 1204 qui'

969 1206 1201 1246 inquinationem
1225 1217 1289 1240 esse
1299 1212 1402 1248 putant
1425 1208 1549 1239 seminis
1563 1208 1686 1248 ﬂuxum,
1704 1209 1790 1239 vehe-

969 1255 1086 1281 menter
1110 1251 1281 1290 incesseris,
1309 1257 1338 1284 et
1361 1253 1480 1292 longum
1497 1253 1535 1283 de
1550 1253 1596 1283 bis
1612 1253 1790 1293 protraxeris

969 1305 1152 1335 sermonem,
1171 1306 1229 1328 non
1246 1298 1397 1335 addidisti,
1414 1298 1483 1339 quid
1498 1298 1535 1327 iis
1550 1298 1729 1335 faciendum,
1741 1303 1790 1329 aut

969 1341 1119 1380 quomodo
1149 1342 1327 1372 emendandi
1353 1343 1411 1373 sint
1439 1348 1462 1380 1,
1493 1343 1544 1383 qui
1569 1343 1599 1373 in
1625 1343 1692 1373 talia
1716 1343 1790 1374 facta

967 1387 1138 1420 inciderint.
1161 1387 1393 1429 Reprehendere
1409 1389 1541 1430 quidem,
1558 1394 1603 1420 est
1617 1389 1648 1420 in
1668 1389 1790 1420 arbitrio

967 1432 1097 1471 cujusvis
1120 1438 1295 1464 :errantem
1323 1438 1421 1465 autem
1447 1434 1599 1474 dirigere,
1639 1439 1683 1465 est
1711 1434 1789 1474 opti-

967 1486 1060 1507 mum.

1008 1521 1052 1553 Ne
1067 1522 1155 1562 igitur
1169 1523 1265 1554 locum
1277 1524 1382 1555 demus
1400 1523 1529 1564 cuipiam
1545 1524 1607 1555 haec
1623 1523 1786 1564 objicienti,

967 1567 1094 1598 dicimus
1109 1567 1156 1607 iis,
1173 1577 1238 1607 quae
1249 1569 1310 1608 jam
1324 1568 1401 1599 dicta
1414 1572 1502 1606 sunt;
1519 1568 1548 1598 id
1566 1569 1692 1599 maxime
1714 1578 1789 1599 con-

966 1612 1065 1649 tineri,
1083 1616 1292 1643 nocturnarum
1307 1613 1429 1653 quidem
1452 1613 1697 1653 imaginationum
1724 1622 1790 1644 esse

969 1657 1080 1697 aliquas
1103 1662 1184 1687 extra
1204 1658 1329 1697 crimen,
1352 1658 1464 1698 aliquas
1490 1662 1587 1688 autem
1613 1666 1679 1688 esse
1702 1667 1788 1697 poena

969 1700 1082 1740 dignas.
1108 1701 1299 1742 Exprimetur
1326 1706 1425 1733 autem
1455 1706 1483 1732 et
1512 1711 1616 1732 rursus
1644 1703 1786 1742 apertius.

968 1745 1080 1782 Quibus
1105 1755 1175 1785 ergo
1203 1747 1328 1778 seminis
1353 1746 1482 1778 excretio
1497 1746 1563 1777 sine
1578 1747 1789 1784 imaginatione

969 1794 1023 1830 est,
1049 1795 1152 1821 natura
1167 1791 1344 1822 detrudente
1365 1796 1587 1822 excrementum
1610 1800 1616 1822 :
1639 1795 1668 1821 et
1682 1791 1789 1831 quibus

968 1835 1024 1866 hoc
1039 1845 1106 1866 cum
1123 1835 1332 1875 imaginatione
1349 1836 1517 1876 contigeril,
1537 1835 1713 1875 cogitatione
1729 1835 1787 1866 im-

969 1879 1139 1920 perturbata
1161 1885 1301 1911 manente
1316 1880 1338 1917 θ,
1361 1890 1417 1911 nec
1443 1885 1530 1911 antea
1552 1880 1706 1920 inquinata
1736 1889 1790 1921 per

968 1923 1302 1962 assensionem,atfectio
1310 1929 1390 1956 extra
1398 1934 1513 1965 poenam
1523 1929 1613 1962 est,et
1622 1926 1787 1964 reprehen-

968 1968 1203 2009 sionem.Neque
1217 1969 1248 2000 hi
1262 1970 1298 2001 ab
1311 1969 1474 2000 incruenta:
1486 1969 1614 2001 victima;
1629 1969 1788 2010 participa~

968 2013 1049 2044 tione
1063 2014 1253 2053 arcebuntur,
1270 2014 1432 2046 secundum
1450 2014 1533 2046 divos
1548 2013 1648 2045 Patres
1666 2024 1672 2044 :
1691 2023 1789 2055 neque

967 2063 999 2088 ut
1014 2058 1251 2099 inquinationem
1270 2060 1347 2100 passi
1357 2059 1583 2099 reputabuntur.
1596 2059 1628 2089 Si
1644 2058 1724 2090 enim
1742 2069 1789 2090 co—

966 2102 1067 2142 gitatio
1083 2103 1120 2134 iis
1134 2103 1288 2144 inquinata
1303 2114 1361 2135 non
1376 2108 1431 2141 est,
1448 2104 1492 2135 vel
1509 2104 1585 2134 mala
1600 2103 1693 2135 animi
1714 2114 1788 2135 con-

107 2147 180 2185 αὐτῷ
209 2152 337 2189 πονηρᾶς,
381 2150 410 2188 ἢ,
453 2151 500 2179 κᾶν
541 2151 697 2192 προσέϐαλε,
734 2153 773 2190 μὴ
814 2151 895 2192 προσδ

1008 2148 1106 2188 ptione
1123 2157 1181 2178 non
1199 2149 1351 2185 irruente;
1369 2149 1426 2187 vel,
1454 2148 1478 2179 si
1502 2148 1634 2187 irruerit,
1656 2158 1714 2179 non
1731 2149 1786 2179 ad-

107 2192 218 2237 χθείσης
236 2201 243 2208 ·
260 2193 277 2227 ἣ
293 2193 340 2222 κᾶν
375 2194 553 2237 προσεδέχθη,
576 2197 615 2235 μὴ
642 2197 850 2237 προσμεινάσης,
867 2196 926 2225 ἀλλ’

106 2235 366 2282 ἐγκατᾲειιρθείσης,
383 2241 450 2268 κατὰ
483 2235 528 2269 τον
546 2235 692 2282 νΜελῳδὸν,
722 2242 926 2271 ὰποσκευασθεί-

110 2291 161 2314 σης
184 2280 286 2316 δηλαδὴ
312 2285 355 2312 καὶ
383 2284 619 2326 ἀπο-πεμφθείσης·
655 2280 690 2314 τὸ⁷
726 2286 753 2314 ὀὶ
778 2290 856 2325 σῶμα
886 2285 927 2314 διὰ

106 2327 157 2358 τῆς
192 2331 373 2366 σπερματικῆς
418 2329 556 2370 ἐκκρίσεως
605 2332 634 2360 οὐ
682 2333 822 2370 μεμίανται
858 2330 927 2369 (οὔτε

107 2370 157 2409 γὰρ
178 2371 195 2404 ἦ
217 2371 279 2411 σὰρξ
302 2373 392 2409 κανὺν,
422 2375 458 2406 ὡς
486 2376 583 2413 κτίσμα
611 2379 677 2404 Θεοῦ
693 2385 700 2393 ·
731 2375 788 2404 οὔτε
818 2377 871 2414 μὴν
895 2376 928 2404 τὰ

106 2415 205 2448 ταύτης
241 2416 373 2456 ἐκρέοντα,
403 2419 447 2447 καὶ
472 2421 569 2454 ταύτης
602 2421 767 2460 συστατικὰ),
790 2422 808 2455 ἡ
844 2421 927 2450 ἐπιτί-

106 2470 201 2506 μησις,
217 2460 235 2494 ἢ
250 2463 298 2494 τῆς
319 2466 372 2490 τῶν
392 2463 561 2502 ἀγιασματων
578 2465 705 2502 μεθέξεως
739 2467 756 2499 ἡ
777 2466 926 2506 ἀποτροπὴ,

108 2503 150 2531 διὰ
179 2505 235 2550 τίνα
263 2504 342 2545 λόγον
372 2506 458 2536 ἔσεται
487 2508 595 2548 εὔλογον
619 2519 627 2550 ;
671 2512 719 2542 Οἷς
748 2508 771 2538 δ’
806 2503 926 2548 ἐμπαθὴς

107 2549 281 2595 προυπέκειτο
300 2550 453 2595 νλογισμὺς,
475 2554 519 2581 καὶ
549 2549 665 2594 πονηρὸν
693 2555 811 2593 ἐνθύμιον
840 2566 925 2595 προσ-

106 2592 186 2622 ϐολὸν
213 2594 377 2636 προσεδέχοη
411 2607 440 2625 τε
464 2598 508 2626 καὶ
543 2592 709 2638 προσέμεινε,
749 2600 791 2628 καὶ
825 2592 866 2638 τῷ¹
891 2604 928 2638 νῷ

969 2192 1070 2231 missa;
1085 2193 1143 2231 vel,
1159 2194 1184 2224 si
1201 2194 1330 2225 admissa
1351 2194 1400 2231 sit,
1424 2203 1483 2224 non
1508 2198 1713 2234 permanente,
1735 2194 1787 2225 sed

967 2237 1121 2278 derelicta,
1149 2238 1233 2278 juxta
1256 2239 1434 2278 Meloduma,
1461 2238 1578 2269 sublata
1604 2238 1722 2269 videtur
1749 2239 1788 2270 de

968 2281 1067 2312 medio
1083 2286 1112 2313 et
1123 2283 1280 2314 amandata
1297 2293 1303 2315 :
1317 2292 1422 2323 corpus
1445 2289 1543 2314 autem
1561 2291 1614 2323 per
1631 2284 1790 2324 spermati-

969 2335 1032 2357 cam
1049 2327 1248 2358 excretionem
1278 2328 1510 2359 contaminatum
1536 2337 1594 2359 non
1618 2333 1662 2359 est
1677 2329 1789 2369 (neque

969 2371 1049 2402 enim
1065 2381 1134 2402 caro
1165 2373 1286 2411 malum,
1313 2377 1343 2404 ut
1369 2373 1420 2403 Dei
1450 2377 1604 2411 creatura;
1627 2382 1722 2413 neque
1739 2382 1784 2414 ea,

969 2427 1034 2458 quae
1054 2425 1089 2446 ex
1106 2426 1141 2447 eo
1157 2418 1300 2456 deﬂuunt,
1314 2421 1342 2449 et
1357 2427 1421 2449 eam
1436 2417 1789 2458 constituunt):emenda—

969 2461 1009 2494 lio
1023 2461 1102 2498 bvel,
1121 2462 1352 2503 participationis
1383 2467 1634 2493 sacramentorum
1660 2459 1791 2503 prohibi-

970 2509 1020 2546 tio,
1038 2518 1126 2549 quam
1141 2507 1298 2548 objuxtam
1315 2507 1459 2538 rationem
1475 2507 1549 2538 ﬁet?
1564 2507 1675 2543 Quibus
1689 2513 1787 2537 antem

968 2558 1036 2585 ante
1050 2553 1146 2584 inerat
1162 2552 1320 2583 ati'eclione
1335 2556 1481 2584 commota
1499 2552 1646 2592 cogitatio,
1665 2556 1692 2582 et
1713 2552 1789 2582 mala

968 2598 1060 2630 animi
1072 2597 1225 2638 conceptio
1241 2597 1383 2638 impetum
1399 2597 1510 2629 faciens
1525 2597 1654 2629 admissa
1677 2596 1741 2635 fuit,
1759 2601 1788 2628 et

765 2683 892 2717 VARIIE
912 2683 1126 2716 LECTIONES.

148 2750 163 2791 V-
176 2748 208 2792 at
224 2745 374 2792 qniflquid
380 2746 531 2792 pollutum
543 2753 597 2787 est,
613 2749 726 2792 malum
735 2752 864 2792 est‘esse
875 2749 1070 2790 pollutionem
1094 2749 1281 2792 existimant.
1295 2769 1308 2790 ι
1322 2750 1469 2789 quomodo
1484 2759 1552 2781 cum
1567 2750 1610 2782 eis
1625 2748 1785 2790 agendum,

108 2790 173 2826 qui}
191 2791 202 2806 ι
216 2790 283 2816 υιιιι
297 2791 417 2826 experte
431 2793 578 2820 manente.
591 2796 603 2812 ι
613 2791 796 2830 psalmorum
811 2791 856 2822 vel
869 2792 1055 2821 canticorum
1066 2791 1232 2820 auctorem.
1248 2790 1261 2811 δ
1273 2798 1369 2830 paena;-
1383 2792 1543 2831 irrogatio.
