1946 3080
173 106 245 139 1031

863 106 929 139 JUS
949 104 1171 140 GANONIGUM

1784 104 1881 138 1032

172 173 350 213 permansit,
369 178 396 205 et
411 174 440 205 in
450 173 549 205 animo
566 173 693 205 libenter
706 177 819 205 versata
834 177 888 205 est:
898 182 990 214 eoque

1076 172 1259 212 φιλοχώρησε,
1282 174 1326 201 καὶ
1348 172 1444 208 ἦδύνθη
1463 173 1542 210 ἀὒτῷ
1577 174 1596 207 ἡ
1618 174 1709 202 τούτου
1737 171 1876 210 διαλογὴ,

171 218 308 248 deliciata
320 218 387 249 illus
402 219 574 258 disputatio,
593 223 624 249 ut
640 219 702 259 jom
717 219 887 250 intellectus
899 239 910 254 ε
922 228 992 259 pec-

172 266 268 293 catum
285 263 441 293 formatum
457 263 494 293 sit
509 273 516 295 :
535 264 596 295 haec
612 268 712 295 autem
729 267 873 294 nocturna
889 263 991 302 imagi-

171 307 250 337 natio
265 311 367 338 secuta
381 311 436 345 est,
450 312 477 339 et
494 308 620 338 seminis
638 307 807 348 supervenit
823 309 936 338 ﬂuxus:
951 307 994 337 bi-

170 350 257 382 etiam
274 356 360 382 erunt
376 352 560 383 accusationi
577 357 606 383 et
622 361 754 383 censurae
765 352 917 389 obnoxiid,
935 362 994 382 non

170 399 290 436 propter
304 396 479 427 seminalem
501 397 664 432 deﬂuxum.
694 397 746 427 sed
759 401 878 437 propter
888 396 995 427 mentis

171 441 324 479 peccatum
340 445 368 471 et
388 441 576 481 cogitationis
592 441 884 472 contaminalionem.
913 441 994 471 Licet

170 484 250 515 enim
266 493 322 515 nec
347 485 517 524 imaginatio
544 489 688 517 nocturna
719 485 762 516 eis
777 484 993 526 supervenerit,

173 538 228 559 nec
243 529 380 568 genitalis
396 530 519 560 seminis
535 530 724 570 proﬂnvium;
741 529 936 561 nihilominus
949 539 996 559 co-

173 573 316 613 gitatione
334 574 476 614 inquinati
498 581 579 610 sunt,
606 579 635 605 et
655 574 893 605 emendationem
909 583 921 599 ε
936 583 994 604 non

174 619 325 660 effugient.
344 619 395 650 Est
411 623 507 650 autem
520 619 569 658 qui
582 623 610 650 et
624 619 802 658 cogitatione
820 628 878 649 non
888 627 996 658 praece-

173 663 273 705 dente,
288 673 355 705 qua:
372 663 529 694 aﬂ'ectione
540 663 593 694 rsit
609 663 740 696 incitata.
760 672 856 704 neque
872 667 994 703 peccato

172 709 281 740 mentis
296 708 438 749 perfecto,
454 707 484 738 in
501 708 613 738 somnis
628 713 778 748 spectrum
806 708 991 746 imaginatus,

172 753 348 793 spermatico
372 756 560 783 excremento
590 752 730 792 dejecto,
761 762 818 782 non
844 756 888 783 est
914 756 995 783 extra

170 799 301 840 culpam.
319 799 419 835 Qualis
434 807 502 829 vero
522 798 593 829 hic?
609 798 664 835 Qui
680 808 714 829 ex
730 798 787 830 cibi
800 799 860 829 etbi
872 801 994 838 etpotus

1035 217 1071 248 ὡς
1086 217 1135 250 τὴν
1158 217 1223 245 κατὰ
1239 216 1354 246 διάνοιαν
1390 218 1518 257 ἁμαρτίαν
1553 217 1606 251 ἤδη
1628 220 1759 251 συστῆναι
1776 225 1784 232 ⁶
1802 217 1876 244 τού-

1034 272 1090 293 τοις
1112 260 1140 289 δὲ
1156 262 1292 301 νυκτερινὴ
1322 263 1449 302 φαντασία
1478 262 1698 298 ἐπηκολούθησε,
1728 263 1772 290 χαὶ
1801 261 1883 300 ῥύσις

1034 306 1114 345 γονῆς
1151 306 1304 345 ἐπιγέγονεν
1322 316 1330 324 ο
1353 307 1424 335 οὗτοι
1452 308 1496 335 καὶ
1522 307 1573 335 ὑπὸ
1607 307 1716 335 αἰτίασιν
1749 305 1878 342 ἔσονται,

1036 351 1079 378 καὶ
1093 351 1144 378 ὑπὸ
1156 350 1319 388 ἐπιτίμησιν,
1348 353 1378 380 οὐ
1399 350 1441 379 διὰ
1465 352 1515 385 τήν
1545 351 1727 390 σπερματικὴν
1757 349 1879 390 ἐκροήν,

1036 394 1104 422 ἀλλὰ
1118 393 1160 422 διὰ
1177 395 1226 428 τὴν
1256 396 1324 423 κατὰ
1351 394 1466 424 διάνοιαν
1503 396 1643 436 ἁμαρτίαν,
1680 396 1724 423 καὶ
1747 396 1795 422 τὸν
1826 396 1878 421 τοῦ

1035 439 1164 477 λογισμοῦ
1192 438 1340 477 μολυσμόν.
1381 439 1435 468 Κᾶν
1462 451 1512 479 γαρ
1550 440 1619 477 μήτε
1660 442 1793 480 φαντασία
1825 449 1879 465 νυ-

1035 483 1147 522 κτερινὴ
1170 485 1260 516 αὐτοῖς
1276 484 1445 524 ἐπιγένηται,
1468 485 1537 522 μήτε
1565 484 1639 523 ῥύσις
1669 486 1764 523 γονῆς,
1795 481 1879 510 abab

1035 527 1115 561 ἧττον
1127 527 1288 565 μεμόλυνταί
1323 539 1350 556 τε
1378 530 1422 556 τὸν
1449 530 1589 567 λογισμὸν,
1625 530 1670 556 καὶ
1695 529 1747 561 τὴν
1775 527 1879 555 ἐπιτί-

1037 583 1121 610 μησιν
1152 573 1198 600 οὒκ
1234 573 1412 611 ἐκφεύξονται.
1446 568 1529 602 ⁷Ἐστι
1556 572 1579 601 δ’
1611 574 1639 605 ὃς
1664 574 1708 600 καὶ
1737 572 1880 611 λογισμοῦ

1037 616 1075 650 μη
1105 617 1316 656 προϋπάρξαντος
1354 617 1498 658 ἐμπαθοῦς,
1536 619 1604 655 μήτε
1644 617 1698 655 μὴν
1719 619 1770 650 τῆς
1800 616 1879 644 κατὰ

1036 660 1155 688 διάνοιαν
1168 662 1294 701 ἁμαρτίας
1308 662 1486 698 τελεσθείσης,
1520 661 1547 689 ἐν
1573 662 1664 694 ὕπνοις
1694 661 1875 701 ιραντασθεὶς,

1035 706 1079 733 καὶ
1107 708 1286 744 σπερματικὸν
1325 707 1443 746 ἐκκρίνας
1493 707 1657 746 περίττωμα,
1698 708 1747 735 οὐκ
1783 705 1877 743 ἀνέγ-

1034 749 1145 783 κλητος.
1170 753 1250 783 Ποῖος
1285 750 1312 778 δὲ
1348 753 1446 791 οὗτος;
1469 752 1497 784 ὂς
1522 751 1549 784 ἐξ
1578 751 1704 791 ἀκρασίας
1730 752 1781 783 τῆς
1806 749 1876 788 περὶ

1035 794 1132 833 βρῶσιν
1147 795 1190 824 καὶ
1205 795 1294 833 πόσιν,
1322 797 1365 824 καὶ
1389 796 1439 829 τὴν
1461 796 1576 835 γαστέρα
1594 795 1713 835 ἐϐάρυνε.
1743 795 1790 822 καὶ
1821 794 1874 820 τὸν

170 838 400 884 intemperantia
412 848 542 874 ventrem
555 843 697 881 oneravit,
711 849 739 874 et
752 847 880 874 mentem
892 842 990 873 confu-

1073 842 1094 866 ἓν
1143 838 1316 876 συνεθόλωσε,
1359 840 1404 868 καὶ
1444 839 1525 868 ὕπνον
1566 839 1678 880 ἀδελφὸν
1719 839 1873 866 ὑπνώττων

171 889 224 929 dit,
243 883 275 919 et
286 888 388 920 mortis
403 888 522 919 fratrem
538 897 676 918 somnum
692 889 854 928 dormiens,
872 889 900 918 in
917 887 990 917 ima-

1073 883 1137 920 va'mp
1165 883 1208 920 47,
1250 886 1379 923 φαντασίᾳ
1427 884 1622 924 περιπέπτωκε,

170 933 350 973 ginationem
367 933 648 972 iucidit,semen~]ue
665 932 865 964 excrevit.Hic
876 932 954 962 enim
965 935 995 962 et

170 977 235 1018 ipse
249 977 304 1008 sibi
321 981 442 1017 propter
456 977 629 1015 ingluviem,
647 977 859 1017 phantasmatis
878 980 992 1007 auctor.

171 1023 210 1054 Et
224 1022 273 1062 qui
291 1032 357 1053 eum
375 1022 530 1061 gubernat,
549 1026 636 1061 prout
660 1022 772 1052 homini
791 1021 926 1052 conferre
940 1030 993 1051 co-

169 1067 314 1107 gnoverit,
333 1066 572 1097 emendationem
587 1086 601 1106 κ
617 1066 734 1098 inferat.

243 1117 434 1150 THEODORI
452 1116 690 1149 BALSAMONIS
706 1117 910 1149 RESPONSA.

168 1167 431 1207 Interrogationes
446 1167 598 1197 canonica;
612 1168 798 1198 sanctissimi
808 1166 993 1206 patriarcha:

208 1207 407 1238 Alexandria:
418 1207 534 1237 domini
551 1208 663 1238 .ilarci:
683 1211 711 1238 et
726 1216 869 1246 respmrsa
885 1207 926 1237 ad
940 1215 993 1237 eas

207 1248 393 1279 sanctissimi
407 1246 895 1287 palriarcharAntiochiw,domini
905 1246 994 1277 Theo-

207 1288 277 1319 dori
292 1287 494 1318 Balsamom's.

208 1335 262 1367 Dei
278 1336 400 1376 quidem
414 1340 562 1376 spectator
575 1340 603 1367 et
616 1336 758 1376 propheta
775 1336 884 1367 Moses:
901 1337 992 1367 lnter~

167 1390 238 1421 roga
255 1381 376 1421 (inquit)
403 1385 515 1420 patrem
542 1385 636 1419 tuum,
663 1385 692 1411 et
715 1381 898 1412 renunt‘abit
912 1381 989 1412 tibi:

168 1426 301 1456 seniores
317 1430 392 1461 tuos,
410 1428 438 1455 et
451 1424 554 1456 dicent
570 1424 632 1455 tibi.
659 1425 870 1456 Sanctissimus
893 1430 990 1455 autem

165 1469 352 1501 Alexandria;
368 1469 548 1510 patriarcha,
573 1469 698 1500 dilectus
723 1469 824 1509 frater,
842 1473 870 1500 et
885 1475 990 1500 nostra}

1073 1480 1201 1509 τριαρχης
1236 1469 1441 1509 Ἀλεξανδρείας,

1673 885 1717 912 καὶ

1034 927 1158 967 ὶξέκρινε.
1175 929 1223 957 Καὶ
1245 930 1319 961 οὗτος
1347 930 1397 968 γὰρ
1419 930 1495 961 αὐτὸς
1524 930 1609 966 ἑαυτῴ
1630 928 1672 957 διὰ
1700 929 1749 962 τὴν
1776 928 1868 966 ἀκρα-

1034 972 1091 1000 σίαν
1112 976 1158 1000 τοῦ
1173 973 1359 1013 φαντάσματος
1382 974 1468 1006 α’ίτιος
1485 982 1492 988 ⁸
1510 975 1554 1002 καὶ
1570 975 1584 1002 ὁ
1598 975 1631 1004 τὰ
1663 972 1722 1001 κατ’
1756 972 1869 1000 ἐκεῖνον

1034 1017 1192 1055 οἰκονομῶν,
1208 1019 1245 1050 ὡς
1270 1017 1358 1056 συνίδῃ
1387 1019 1526 1058 συμφέρειν
1552 1022 1590 1056 τῷ
1618 1018 1759 1058 ἀνθρώπῳ,
1795 1017 1868 1044 ἐπε-

1035 1062 1116 1102 νέγκῃ
1130 1063 1180 1096 τὴν
1194 1063 1348 1100 ἐπιτίμησιν
1354 1091 1359 1095 ,

1095 1117 1269 1143 ΘΕΟΔΩΡΟΥ
1292 1119 1354 1143 ΤΟΥ
1370 1118 1555 1144 ΒΑΛΣΑΜΩΝ
1580 1117 1795 1144 ΛΠΟΚΡῘΣΕΙΣ.

1039 1174 1050 1191 α
1068 1164 1229 1203 Ἐρωτήσεις
1256 1166 1390 1193 κανονικαὶ
1424 1170 1470 1194 τοῦ
1518 1166 1666 1204 ἁγιωτάτου
1694 1164 1866 1203 πατριάρχου

1074 1203 1268 1244 Ἀλεξανδρείας
1309 1205 1396 1244 κυρίου
1437 1203 1556 1244 Μάρκου.
1600 1206 1649 1233 Καὶ
1703 1204 1864 1242 ἀποκρίσεις

1074 1245 1117 1272 ἐπ’
1138 1245 1232 1276 αὗταῖς
1246 1249 1293 1272 τοῦ
1315 1246 1464 1284 ἁγιωτάτου
1486 1246 1652 1285 πατριάρχου
1672 1244 1864 1283 Ἀντιοχειεις1

1073 1285 1160 1324 κυρίου
1183 1284 1316 1323 Θεοδώρου
1329 1290 1375 1314 τοῦ
1391 1284 1550 1323 Βαλσκμὼνζ
1565 1297 1578 1312 ι

1075 1331 1102 1364 ἰ)
1119 1336 1167 1373 μὲν
1181 1336 1295 1369 Oed-mn:
1309 1337 1353 1364 καὶ
1378 1337 1517 1376 προφήτης
1547 1339 1658 1373 Μωσῆς,
1690 1336 1862 1375 Ἐρώτησον,

1033 1381 1107 1420 φησὶ,
1141 1381 1186 1408 τὸν
1213 1381 1311 1419 πατέρα
1344 1391 1402 1420 σου,
1432 1381 1476 1408 καὶ
1510 1380 1652 1420 ἀναγγελεῖ
1680 1391 1721 1408 σοι
1745 1388 1752 1395 ·
1794 1380 1864 1410 τοὺς

1033 1423 1219 1464 πρεσϐυτέρους
1241 1436 1298 1461 σου,
1335 1426 1380 1453 καὶ
1415 1424 1500 1464 ἐροῦσί
1521 1436 1573 1455 σοι,
1608 1430 1628 1454 0
1649 1424 1679 1452 δὲ
1708 1425 1864 1463 ἁγιώτατος

1485 1469 1623 1508 ἀγαπητὸς
1660 1468 1770 1508 ἀδελφὸς
1814 1469 1863 1496 καὶ

162 1513 380 1544 mediocritatis
397 1513 611 1550 comminister,
625 1514 763 1544 dominus
775 1514 990 1551 Marcus,Pater

1073 1513 1232 1553 ιλειτουργὸς
1257 1516 1306 1547 τῆς
1341 1515 1418 1551 ἡμῶν
1454 1514 1640 1553 μετριότητος,
1663 1514 1749 1551 κύριος
1778 1513 1863 1552 Μάρ-

167 1557 312 1589 exsistens
333 1559 464 1594 Patrum,
498 1558 550 1589 Dei
570 1558 673 1597 gratia,
697 1562 726 1588 et
749 1557 987 1598 presbyterorum

163 1602 327 1642 presbyter,
352 1602 484 1642 indeque
510 1612 565 1633 nec
589 1603 627 1633 ad
653 1611 686 1634 se
707 1603 853 1633 directum
876 1602 989 1634 habens

163 1646 218 1677 hoc
236 1646 442 1686 propheticum
459 1647 578 1685 elegans
586 1647 720 1684 verbum,
737 1647 768 1677 in
777 1646 884 1687 quibus
898 1647 990 1678 lucta-

163 1690 250 1721 batur
266 1691 368 1722 multis
383 1691 593 1722 ecclesiasticis
608 1691 988 1732 interrogationibus,aliud

164 1744 200 1765 ex
224 1735 328 1766 eadem
355 1735 467 1766 cithara
491 1736 613 1776 spiritus
640 1735 814 1767 vaticinium
844 1736 987 1775 suscepit,

160 1779 322 1820 inquiens:
341 1779 416 1811 Ecce
433 1789 512 1818 vero,
529 1781 599 1821 quid
618 1781 774 1820 pulchrum
797 1784 848 1811 aut
870 1781 984 1820 jucun-

161 1824 230 1854 dum
249 1829 303 1862 est,
317 1834 405 1864 quam
421 1824 526 1855 fratres
541 1826 571 1855 in
587 1825 667 1856 idem
684 1824 864 1856 consentire!
879 1824 987 1860 Quam-

162 1869 266 1899 obrem
284 1869 536 1909 quemadmodum
549 1869 721 1909 psalterium
735 1870 865 1910 aliquod,
878 1870 987 1901 instru-

161 1918 292 1944 mentum
321 1914 433 1945 musica
462 1924 534 1945 cura
562 1915 709 1954 indigens,
737 1915 876 1954 scriptam
895 1915 986 1945 edens

161 1957 436 1998 interrogationem,
466 1968 531 1990 eam
556 1964 663 1990 nostrae
694 1959 892 1990 mediocritati
915 1969 985 1999 por-

161 2003 246 2040 rexit,
271 2003 456 2043 rogavitque,
487 2004 721 2044 comprehensas
743 2004 773 2034 in
790 2013 824 2034 ea
848 2004 986 2044 proposi-

162 2047 258 2078 tiones
284 2048 445 2078 canonicas
461 2052 489 2078 et
505 2048 677 2088 questiones
693 2048 723 2078 in
740 2057 899 2079 commune
916 2058 986 2088 pro-

161 2092 244 2132 l'erri,
275 2096 304 2122 et
334 2092 414 2123 hunc
443 2093 580 2123 lraternze
605 2092 810 2133 responsionis
835 2095 988 2131 eleganter

162 2136 275 2167 exarari
291 2137 473 2168 codicillum.
501 2137 649 2178 Scriptum
665 2137 755 2177 igitur
771 2137 807 2168 ab
821 2138 884 2177 ejus
896 2147 984 2168 sanc-

163 2181 242 2212 titate
254 2182 466 2221 compositum,
487 2183 550 2213 haec
565 2182 728 2222 expressim
746 2181 983 2222 comprehendit.

202 2227 235 2257 In
260 2226 382 2257 nomine
405 2227 511 2262 Patris,
528 2230 558 2257 et
572 2227 652 2263 Filii,
678 2231 707 2257 et
731 2226 859 2267 Spiritus
880 2226 984 2258 sancti.

160 2269 410 2310 Interrogationes
439 2271 476 2302 ad
507 2280 580 2311 quas
609 2270 785 2311 responderi
816 2271 987 2302 desiderant

162 2315 337 2352 Christiani,
365 2315 416 2356 qui
444 2315 663 2347 Saracenorum
690 2316 855 2356 regionem,
883 2319 912 2346 et
931 2314 985 2347 sub

161 2370 264 2391 eorum
287 2360 403 2392 ditione
430 2360 574 2398 habitant,
603 2360 719 2392 factaa
734 2361 832 2392 Marco
859 2361 985 2400 patriar-

162 2405 286 2436 charum
301 2405 314 2427 ¹¹
329 2405 515 2436 Alexandria?
531 2405 666 2446 minimo,
683 2406 713 2436 in
739 2405 845 2436 diebus
867 2405 986 2445 imperii

159 2449 284 2490 piissimi
296 2450 441 2482 etChristi
455 2450 670 2482 studiosissimi
680 2449 870 2491 imperatoris
879 2449 982 2486 nostri,

160 2495 275 2525 domini
289 2495 392 2526 lsaacii
409 2495 525 2534 Angeli,
547 2500 576 2526 et
599 2499 734 2535 tempore
760 2493 942 2526 sanctissimi
957 2499 987 2525 et

160 2539 336 2571 tecumenici
358 2540 533 2581 patriarchae
561 2539 675 2571 domini
704 2539 831 2579 Georgii,
860 2548 986 2580 quorum

1029 1570 1087 1598 κος,
1112 1559 1202 1598 Πατὴρ
1219 1558 1341 1598 Πατέρων
1367 1559 1505 1598 ὑπάρχων,
1536 1562 1570 1597 τῇ
1599 1559 1690 1598 χάριτι
1713 1561 1760 1586 τοῦ
1775 1561 1862 1594 θεοῦ,

1029 1605 1076 1631 καί
1126 1601 1308 1642 πρεσϐυτέρων
1363 1602 1547 1642 πρεσϐύτερος,
1610 1603 1747 1633 κάντεῦθεν
1784 1601 1863 1639 μηδὲ

1030 1647 1182 1685 ψάλλουσαν
1218 1646 1290 1687 ἔχων
1338 1650 1408 1685 αὖτῷ
1457 1648 1556 1681 ταύτην
1597 1648 1646 1681 τὴν
1685 1647 1862 1687 προφητικὴν

1029 1692 1221 1729 καλλιέπειαν,
1234 1691 1275 1732 ἐφ’
1305 1694 1348 1724 οἷς
1383 1692 1581 1732 ἐζυγομαχεῖτο
1608 1691 1721 1723 πολλοῖς
1752 1690 1864 1725 ἐκκλη-

1030 1744 1177 1768 σιαστικοῖς
1192 1731 1373 1776 ἐρωτήμασιν,
1399 1737 1487 1776 ’ἕτερον
1503 1731 1546 1765 νέκ
1571 1739 1620 1771 τῆς
1650 1739 1733 1770 αὐτῆς
1747 1736 1862 1775 κινύρας

1026 1785 1072 1810 τοῦ
1087 1782 1233 1819 πνεύματος
1268 1781 1404 1814 ἀνεδέξατο
1445 1780 1630 1822 θεσπιῴδημα,
1659 1781 1736 1820 λέγον
1755 1791 1763 1797 ·
1787 1780 1863 1809 Ἰδοὺ

1026 1825 1057 1854 δὴ
1073 1827 1098 1854 τί
1119 1825 1201 1854 καλὸν
1217 1825 1234 1859 ἢ
1256 1826 1280 1853 τί
1294 1826 1404 1864 τερπνόν
1432 1827 1514 1863 ἐστιν,
1545 1825 1604 1854 ἀλλ’
1636 1826 1653 1860 ἢ
1675 1827 1706 1854 τὸ
1733 1836 1863 1864 συμφρο-

1026 1877 1083 1898 νεῖν
1098 1870 1223 1910 ἀδελφοὺς
1246 1870 1288 1898 ἐπὶ
1303 1871 1333 1898 τὸ
1355 1871 1439 1910 αὐτός
1473 1871 1532 1910 Διὸ,
1560 1871 1627 1899 καθά
1661 1882 1686 1898 τι
1708 1870 1863 1909 ψαλτήριον

1027 1914 1135 1954 ὄργανον
1171 1917 1300 1952 μουσικῆς
1346 1914 1498 1952 ἐπιμελείας
1545 1914 1680 1953 δεόμενον,
1716 1914 1862 1952 ἐκθέμενος

1028 1959 1157 1998 ἐρώτησιν
1193 1958 1334 1999 ἔγγραφον,
1381 1959 1525 1999 ἐνεχείρισε
1572 1961 1670 1993 ταύτην
1711 1963 1745 1998 τῇ
1773 1960 1860 1996 ημ-ὦν

1028 2004 1203 2043 μετριότητι·
1235 2005 1279 2032 καὶ
1307 2004 1419 2039 ἐζήτησε
1449 2005 1482 2032 τὰ
1511 2004 1538 2032 ἐν
1581 2005 1650 2042 αὐτῇ
1672 2004 1860 2044 περιεχόμενα

1027 2049 1152 2077 κανονικα
1178 2048 1354 2088 προϐλήματα
1382 2050 1426 2077 καὶ
1463 2050 1605 2087 ζητήματα
1632 2049 1779 2082 λαληθῆναι
1808 2049 1858 2077 ἐπὶ

1027 2098 1116 2122 κοινοῦ
1143 2094 1187 2121 καὶ
1221 2092 1364 2133 ἀδελφικῆς
1405 2093 1569 2133 ἀποκρίσεως
1604 2093 1856 2133 καλλιγραφηθῆναι

1027 2141 1104 2166 τοῦτο
1118 2136 1250 2166 κοβίκιον.
1267 2139 1302 2166 Τὸ
1329 2140 1390 2176 γοῦν
1417 2139 1489 2177 παρὰ
1516 2149 1565 2172 της
1594 2138 1743 2178 ἁγιωσύνης
1771 2138 1857 2167 αὐτοῦ

1028 2182 1146 2210 συντεθὲν
1162 2183 1272 2221 γράμμα
1288 2181 1458 2220 διαλαμϐάνει
1479 2187 1560 2213 ταῦτα
1575 2183 1674 2222 ῥητῶς.

1069 2227 1114 2255 Ἐν
1137 2227 1246 2264 ὀνόματι
1268 2230 1314 2255 τοῦ
1336 2228 1450 2267 Πατρὸς,
1478 2228 1522 2256 καὶ
1555 2231 1601 2256 τοῦ
1637 2229 1708 2265 Υίοῦ,
1737 2228 1781 2256 καὶ
1803 2233 1854 2258 τοῦ

1028 2271 1103 2310 ἁγίου
1133 2272 1296 2309 Πνεύματος,
1331 2271 1507 2310 Ἐρωτήματα
1548 2273 1615 2311 ἅπερ
1649 2273 1792 2313 χρῄζουσιν
1829 2275 1855 2301 οἱ

1028 2317 1176 2355 Χριστιανοὶ
1191 2317 1214 2344 οἱ
1243 2319 1425 2348 κατοικοῦντες
1453 2316 1479 2344 ἐν
1507 2320 1541 2355 τῇ
1566 2317 1643 2357 χώρᾳ
1671 2320 1724 2346 τῶν
1757 2321 1852 2357 Σαρα-

1027 2363 1128 2399 κηνὼν,
1155 2361 1199 2388 καὶ
1228 2360 1255 2388 ἐν
1281 2367 1341 2392 ταῖς
1375 2360 1502 2393 ἐξουσίαις
1546 2362 1631 2390 αὒτῶν
1648 2371 1654 2377 ·
1685 2362 1852 2402 ἐρωτηθέντα

1026 2405 1097 2444 παρὰ
1126 2405 1232 2444 Μάρκου
1259 2405 1304 2433 τοῦ
1338 2404 1480 2445 ἐλαχίστου
1514 2405 1540 2434 ἐν
1581 2413 1640 2438 τοῖς
1669 2407 1851 2446 πατριάρχαις

1030 2448 1235 2489 Ἀλεξανδρείας,
1265 2449 1291 2476 ἐν
1320 2449 1431 2488 ἡμέραις
1466 2453 1515 2484 τῆς
1543 2451 1676 2489 βασιλείας
1698 2454 1744 2479 τοῦ
1771 2451 1850 2479 εὐσε-

1027 2494 1155 2523 ϐεστάτου
1191 2495 1235 2522 καὶ
1275 2493 1446 2534 φιλοχρίστου
1494 2495 1624 2534 βασιλέως
1651 2497 1729 2534 ἡμῶν
1762 2497 1851 2536 κυρίου

1028 2540 1161 2570 Ἰσαακίου
1182 2544 1228 2569 τοῦ
1256 2539 1396 2580 Ἀγγέλου,
1424 2542 1467 2569 καὶ
1495 2541 1538 2568 ἐπὶ
1566 2544 1612 2569 τοῦ
1632 2542 1782 2580 ἁγιωτάτου
1806 2543 1850 2570 καὶ

820 2624 948 2658 VARI/E
969 2625 1188 2659 LECTlONES.

198 2715 230 2741 47
246 2716 370 2748 θανάτου,

197 2785 207 2800 c
222 2770 428 2811 cogitationis,
440 2773 454 2794 ἀ
469 2771 503 2801 lii
518 2774 546 2802 et
559 2771 667 2811 culpae,
683 2774 710 2802 ct
724 2779 818 2811 ρίιεηαι
829 2771 953 2803 obnoxii
963 2775 1065 2804 erunt.
1089 2775 1100 2790 '
1111 2779 1244 2811 pinnam.
1257 2779 1341 2811 {quae
1355 2771 1467 2803 vitiosa
1481 2771 1525 2811 ﬁt.
1542 2777 1557 2799 ε
1568 2779 1700 2810 poenam.
1717 2767 1730 2788 ¹¹
1744 2770 1850 2803 Marco

163 2810 391 2849 Alexandrino,
407 2810 662 2851 patriarcharum.
