1946 3080
58 114 139 147 1033

725 114 1086 149 GRECO-ROMANUM.

1671 116 1747 150 1034

53 181 240 220 οἱκουμενικοῦ
269 183 434 223 πατριάρχου
482 183 570 223 κυρίου
598 183 737 222 Γεωργίου.
770 177 816 210 Ὠν
851 183 879 211 τὰ

964 192 1017 213 nos
1030 187 1136 223 augeat
1149 182 1230 213 Deus
1244 183 1275 214 in
1286 182 1404 215 dierum
1419 183 1750 225 longitudinem.Mense

51 225 104 259 ἔτη
140 226 247 260 αὐξανεῖ
275 229 289 256 ὁ
325 229 390 260 Θεὸς
413 229 449 260 εἰς
485 228 639 268 μακρότητα
667 229 784 267 ἡμερῶν.
814 227 884 260 Μηνὶ

53 270 227 312 Φεϐρουαρίῳ
249 272 432 311 ἐπινεμήσεως
479 267 524 312 ιγ’,
543 267 546 268 ν
564 273 608 301 καὶ
642 272 707 301 ἐτῶν
741 272 808 310 μετὰ
833 272 882 305 τὴν

54 315 192 355 σάρκωσιν
212 321 258 346 τοῦ
287 318 379 355 Κυρίου
413 319 458 346 καὶ
493 322 558 347 Θεοῦ
586 318 630 346 καὶ
665 320 790 356 Σωτῆρος
805 317 882 355 ἡμῶν

53 358 147 393 Ἰησοῦ
168 365 283 401 Χριστοῦ
305 357 388 402 ’σισγί

97 398 258 444 Ἐρώτησις.
295 398 324 435 Ai
358 398 418 447 περὶ
448 408 481 435 τὰ
515 408 583 447 μέρη
619 409 669 440 τῆς
692 405 883 445 Ἀλεξανδρείας

52 450 101 477 καὶ
129 454 181 479 τῶν
213 447 401 491 Ἰεροσολύμων
435 452 677 491 ἀναγινωσκόμεναι
713 450 881 490 λειτουργίαι,

50 494 100 522 καὶ
140 494 281 535 λεγόμεναι
310 499 491 536 συηραφῆναι
520 498 591 536 παρὰ
615 500 666 524 τῶν
695 496 777 535 ἁφίων
812 495 882 523 ἀπο-

51 537 174 579 στόλων,
219 539 337 569 Ἰακόϐου
377 544 423 569 τοῦ
473 540 638 581 ἀδελφοθέου,
681 542 725 569 καὶ
763 540 880 579 Μάκρου,

51 581 150 611 δεκταί
165 586 213 627 εἰσι
234 585 267 623 τῇ
299 585 360 624 ἁγίᾳ
388 587 432 614 καὶ
468 585 595 624 καθολτκῇ
625 584 780 622 Ἐκκλησία,
797 584 815 618 ἢ
830 583 880 627 οὔ;

96 628 162 659 Ἀπ.
203 626 230 658 ῑΟ
261 629 345 669 μέγας
372 630 520 662 ἀπόστολος
550 630 665 667 Παῦλος,
681 631 694 658 ὁ
722 631 774 657 τῶν
801 629 881 667 ἁγίων

51 672 225 707 Ἐκκλησιῶν
239 678 286 703 τοῦ
301 678 366 702 Θεοῦ
401 676 489 715 ρήτωρ
517 677 560 703 καὶ
595 674 761 706 διδάσκαλος.
785 679 881 712 Κοριν-

50 718 121 749 θίοις
150 718 323 755 ἐπιστέλλων,
347 720 424 758 φησίν
441 729 448 737 ⁸
480 718 615 760 Ἀδελφοί,
639 718 787 759 παρακαλῶ
815 719 882 755 ὑμᾶς

52 761 98 790 διὰ
121 768 166 792 τοῦ
195 764 323 801 ὀνόματος
350 767 397 792 τοῦ
420 764 512 804 Κυρίου
537 765 614 802 ἡμῶν
642 764 729 797 Ἰησου
758 766 880 802 Χριστοῦ,

51 806 103 834 ἵνα
126 808 156 835 τὸ
170 808 233 835 αὐτὸ
251 807 348 846 λέγητε
376 809 483 845 πάντες,
520 809 564 836 καὶ
591 808 663 846 μὴῇ
689 808 716 837 ἐν
738 808 801 845 ὑμῖν
816 808 880 846 σχί-

51 862 151 888 σματα
170 862 176 868 ·
207 852 253 889 ᾗτε
295 851 322 880 δὲ
347 853 551 892 κατηρτισμένοι
566 853 593 881 ἐν
620 857 658 890 τῷ
680 854 750 890 αὖτῴ
763 853 819 888 νοῒ,
835 852 878 879 καὶ

51 895 78 924 ἐν
94 898 130 928 τῆ
146 898 211 935 αὐτῇ
226 898 332 936 γνώμῃ.
369 897 460 935 Φαμὲν
482 899 578 934 τοίνυν,
602 899 636 930 ὡς
664 898 722 925 οὔτε
738 897 790 925 ἀπὸ
809 897 878 927 Θείας

53 943 73 967 Γ
76 941 175 980 ραφῆς,
191 941 249 970 οὔτε
283 943 336 970 ἀπὸ
372 943 482 974 κανόνος
513 942 707 981 ἐκφωνηθέντος
737 940 877 972 συνοδικῶς

51 984 276 1025 ἀνεδιδάχθημεν,
306 986 495 1026 ἱεροτελεστίαν
516 987 566 1014 ὑπὸ
587 990 633 1014 τοῦ
654 987 728 1024 ἁγίου
763 985 875 1014 ἀποστό-

50 1027 101 1058 λου
125 1031 231 1071 Μάρκου
250 1030 428 1071 παραδοθῆναι
447 1042 454 1050 ·
473 1031 553 1070 μόνος
575 1030 601 1058 δὲ
624 1033 637 1059 ὁ
652 1026 696 1069 λβΙ
721 1031 809 1059 κανὼν
829 1031 878 1063 τῆς

50 1076 78 1105 ἓν
111 1080 151 1113 τῷ
179 1075 301 1115 Τρούλλῳ
334 1080 381 1104 τοὺ
434 1075 550 1116 μεγάλου
589 1075 717 1104 παλατίου
748 1075 879 1108 συστάσης

54 1122 136 1160 ἁγίας
166 1122 209 1149 καὶ
247 1122 431 1159 οὶκουμενικῆς
471 1120 587 1158 συνόδου,
630 1121 708 1160 φησὶν
757 1121 807 1148 ὑπὸ
833 1119 879 1147 τοῦ

49 1167 128 1205 ἁγίου
164 1161 288 1194 Ἰακώϐου
311 1169 357 1194 τοῦ
385 1165 540 1205 ἀδελφοθὲου
581 1165 712 1202 μυστικὴν
736 1165 878 1204 ἱερουργίαν

51 1211 226 1244 συντεθῆναι,
243 1206 271 1239 Ὀ
287 1210 377 1248 μέντοι
397 1205 443 1238 ’κε’
472 1210 558 1238 κανὼν
580 1212 633 1237 τῶν
655 1209 735 1248 ἁγίων
751 1210 796 1236 καὶ
809 1220 877 1236 παν-

51 1256 185 1295 ευφῆμων
213 1254 380 1294 ἀποστόλων,
410 1255 453 1282 καὶ
481 1255 495 1282 ὁ
521 1248 559 1282 νϐ’
587 1254 673 1282 κανὼν
701 1254 748 1287 τῆς
763 1253 790 1282 ἐν
806 1256 878 1280 Λαο-

53 1299 144 1336 δικείᾳ
173 1299 287 1335 συνόδου,
319 1299 541 1338 ἀπαριθμοόμενοι
580 1299 613 1326 τὰ
653 1298 790 1338 ὀφείλοντα
815 1296 878 1337 παρ’

53 1346 127 1382 ἡμῖν
160 1344 340 1373 πολιτεύεσθαι
375 1342 462 1382 βιϐλία
499 1346 547 1376 τῆς
597 1343 714 1375 Παλαιᾶς
745 1344 879 1378 Διαθήκης

49 1390 94 1416 καὶ
125 1392 175 1423 τῆς
220 1392 331 1426 Καινῆς,
368 1390 411 1417 καὶ
450 1389 515 1416 αὖτά
550 1387 582 1421 δὴ
638 1389 670 1417 τὰ
705 1387 876 1424 ἁποστολικὰ,

48 1434 196 1473 ἱερουργίας
225 1439 271 1463 τοῦ
299 1434 373 1473 ἁγίου
399 1431 524 1462 Ἰακώϐου
551 1433 568 1466 ἢ
597 1436 642 1460 τοῦ
671 1433 745 1471 ἁγίου
773 1433 878 1471 Μάρκου

49 1480 144 1516 μνείαν
175 1478 243 1511 ὅλως
279 1480 308 1507 οὗ
335 1481 482 1508 ποιοῦνται.
525 1476 607 1506 Ἀλλὰ
633 1478 675 1505 καὶ
703 1479 721 1512 ἡ
748 1477 876 1511 καθολικὴ

51 1523 203 1557 Ἐκκλησία
231 1527 277 1552 τοῦ
306 1524 451 1563 ἀγιωτάτου
491 1524 534 1551 καὶ
575 1523 754 1560 οἱκουμενικοῦ
786 1522 876 1562 θρόνου

49 1571 100 1602 τῆς
133 1567 434 1599 Κωνσταντινουπόλεως
482 1566 535 1595 οὐδ’
564 1566 632 1598 ὅλως
661 1568 756 1599 ταύτας
784 1567 874 1606 ἐπιγι-

49 1613 162 1643 νώσκει.
180 1613 353 1652 Ψηφιζόμεθα
368 1613 412 1641 οὖν
440 1614 479 1650 μὴ
493 1612 564 1640 εἶναι
590 1611 682 1643 δεκτάς
711 1612 800 1644 αὐτάς,
821 1611 874 1640 Κᾶν

52 1658 105 1696 γὰρ
121 1657 255 1697 ἐγένοντο,
289 1657 432 1688 παντελοτς
471 1656 596 1695 ἀπραξίας
631 1657 874 1695 κατεψηφίσθησαν,

51 1702 88 1733 ὡς
117 1702 163 1729 καὶ
190 1699 257 1729 ἄλλα
281 1700 377 1730 πολλά.
409 1701 458 1730 Καὶ
486 1699 565 1733 δῆλον
599 1699 668 1728 ἐστιν
682 1701 734 1728 ἀπὸ
755 1702 801 1728 τοῦ
834 1703 878 1727 πε⁹

49 1746 164 1778 κανόνος
187 1749 239 1774 τῶν
269 1747 349 1785 ἁγίων
367 1745 410 1773 καὶ
438 1745 616 1785 πανευφήμων
639 1744 804 1782 ἀποστόλων,
834 1749 878 1776 καὶ

48 1794 96 1818 τοῦ
137 1785 165 1829 β’
192 1790 302 1823 κανόνος
330 1791 378 1823 τῆς
405 1789 431 1818 ἐν
458 1793 497 1826 τῷ
529 1789 652 1828 Τρούλλῳ
678 1795 724 1819 τοῦ
763 1788 879 1828 μεγάλου

48 1835 180 1864 παλατίου
209 1836 341 1868 συστάσης
368 1835 442 1874 ἁγίας
469 1835 513 1862 καὶ
554 1835 736 1872 οἶκουμενικῆς
762 1833 878 1867 συνόδου,

56 1876 85 1909 (0
101 1881 152 1918 μὲν
186 1880 246 1920 γὰρ,
278 1881 292 1908 ὁ
320 1879 495 1910 ἀποστολικὸς
523 1877 638 1917 δηλαδή,
668 1878 805 1919 διορίζεται
833 1879 880 1910 τὰς

56 1925 104 1954 τοῦ
126 1924 282 1962 Κλήμεντος
304 1923 348 1953 δύο
362 1923 513 1958 ἐπιστολὰς,
543 1924 587 1951 καὶ
614 1924 660 1956 τὰς
687 1923 813 1963 διαταγὰς
828 1925 879 1951 τῶν

50 1970 125 1998 ὀκτὼ
139 1968 248 2008 βιϐλίων
274 1969 352 1998 αὐτοῦ
379 1968 599 2008 ἀναγινώσκεσθαι
628 1968 686 2005 μὲν.
725 1969 764 2006 μὴ
792 1967 876 2006 δημο-

56 2015 176 2043 σιεύσθαι
191 2013 229 2051 δὲ,
246 2012 288 2041 διὰ
314 2014 348 2041 τὰ
375 2012 402 2040 ἐν
428 2014 521 2044 αὗταῖς
544 2012 677 2049 iturum"
700 2013 714 2040 ὁ
745 2012 772 2040 δὲ
808 2012 876 2044 θέλει

54 2060 153 2090 ταύτας
189 2057 256 2097 μηδὲ
283 2058 518 2098 ἀναγινώσκεσθαι,
556 2056 597 2085 διὰ
631 2058 662 2085 τὸ
689 2059 876 2096 παρεντεθῆναι

53 2104 152 2135 αὒταϊς
182 2114 235 2141 παρ
249 2103 266 2130 ἀ
281 2102 434 2143 ἑτεροδόξων
466 2101 554 2143 πολλά
580 2112 639 2130 τινα
668 2102 740 2139 νόθα,
771 2103 815 2130 καὶ
829 2101 876 2134 τῆς

49 2147 182 2179 εσῖισεϐείας
204 2140 340 2187 ἀλλότρια,
359 2148 408 2175 Διά
428 2158 468 2174 τοι
489 2140 566 2175 τοῦτο
595 2147 637 2174 καὶ
651 2145 782 2186 ὀφείλουσι
796 2149 878 2176 πᾶσαι

50 2195 75 2221 αἱ
97 2192 245 2226 Εκκλησίαι
267 2196 313 2220 τοῦ
335 2195 400 2220 Θεοῦ
428 2191 580 2219 ἀκολουθεῖν
614 2194 652 2227 τῷ
682 2190 731 2219 ἔθει
753 2193 802 2224 τῆς
817 2190 877 2221 νέας

53 2233 173 2275 ιΡώμης,
187 2236 246 2270 ἤτοι
258 2240 308 2270 τῆς
335 2234 635 2266 Κωνσταντινουπόλεως
653 2243 660 2250 ’
697 2236 741 2264 καὶ
774 2237 876 2275 ἱερουρ-

52 2283 115 2322 γεῖν
131 2283 201 2310 κατὰ
221 2283 268 2314 τὰς
289 2280 445 2321 παραδόσεις
474 2282 526 2308 τῶν
561 2279 685 2319 μεγάλων
714 2278 874 2308 διδασκάλων

925 227 1097 265 Februario,
1120 227 1293 258 indictionis
1320 228 1366 268 l3,
1382 229 1452 261 anni
1474 233 1540 270 post
1565 229 1747 261 incarnatio-

925 281 996 302 nem
1019 271 1146 309 Domini,
1173 276 1203 303 et
1221 272 1287 313 Dei,
1310 279 1341 304 et
1369 273 1532 306 Scrutaris
1561 274 1654 306 nostri
1674 273 1746 306 Iesu

924 315 1043 355 Christi,
1059 317 1151 349 1203.

965 407 1058 436 Inter.
1078 409 1106 437 l.
1124 405 1194 442 Quae
1208 406 1239 437 in
1256 405 1389 447 partibus
1405 406 1592 438 Alexandriae
1605 411 1635 438 et
1644 407 1747 439 Hiero-

923 449 1102 489 solymorum
1119 450 1257 489 leguntur
1268 451 1404 490 liturgite,
1419 452 1630 492 etconscriptze
1639 452 1748 484 dicun-

924 498 971 524 tur
982 494 1072 526 fuisse
1084 504 1100 525 a
1111 496 1222 526 sanctis
1236 496 1502 535 apostolis,Jacobo
1515 495 1605 528 fratre
1615 496 1742 536 Domini,

923 543 953 569 et
973 541 1084 577 Marco,
1105 540 1287 580 recipienda:
1309 544 1409 571 sunta
1425 544 1527 573 sancta
1549 545 1578 572 et
1602 541 1747 573 catholica

924 583 1069 621 Ecclesia,
1079 593 1174 615 necne
1186 585 1202 614 ‘I

962 628 1030 659 Res.
1055 629 1177 668 Magnus
1198 629 1350 670 apostolus
1374 629 1492 670 Paulus,
1508 633 1676 662 sanctarum
1690 630 1748 663 Dei

922 671 1119 703 Ecclesiarum
1135 677 1234 704 orator
1249 677 1279 705 et
1293 674 1406 712 doctor,
1423 674 1460 705 ad
1475 675 1645 706 Corinthios
1667 675 1745 706 scri-

924 716 1009 754 bens,
1027 717 1227 755 aitzFratres,
1247 718 1371 750 obsecro
1395 728 1448 750 vos
1471 728 1525 760 per
1549 729 1659 750 nomen
1681 719 1744 751 Do-

925 761 998 791 mini
1012 762 1105 792 nostri
1120 763 1190 794 Jesu
1204 762 1325 801 Christi,
1342 767 1374 794 ut
1392 763 1472 794 idem
1498 764 1605 796 dicatis
1627 773 1743 806 omnes,

924 815 979 836 nec
998 807 1057 836 sint
1080 807 1110 837 in
1135 806 1218 838 vobis
1243 807 1366 838 dissidia
1382 818 1390 838 :
1406 807 1472 839 sitis
1496 813 1594 840 autem
1618 818 1744 850 compo-

920 850 988 880 sitii
1004 852 1108 882 eadem
1124 855 1235 892 mente,
1248 853 1412 893 eademque
1427 853 1589 884 voluntate.
1611 852 1750 885 Dicimus

919 894 1020 934 igitur,
1051 905 1105 927 nos
1134 906 1232 937 neque
1254 906 1271 928 a
1300 907 1383 928 sacra
1413 897 1577 938 Scriptura,
1607 906 1705 939 neque
1728 907 1746 929 a

919 948 1033 970 canone
1061 941 1202 980 synodica
1231 941 1323 982 edito,
1356 942 1477 973 edoctos
1507 942 1600 973 fuisse
1626 952 1744 974 sacrum

918 984 1211 1018 ministeriumiaS.
1237 987 1370 1027 apostolo
1393 988 1494 1018 Marco
1521 987 1671 1019 traditum.
1686 989 1745 1018 So-

924 1027 969 1059 lus
984 1029 1065 1059 enim
1086 1031 1125 1061 3'2.
1145 1040 1240 1062 canon
1261 1034 1371 1062 sanctae
1385 1036 1414 1062 et
1427 1031 1620 1063 cecumenicae
1639 1032 1745 1072 synodi

922 1077 1029 1104 coactae
1043 1074 1074 1104 in
1089 1074 1190 1105 Trullo
1202 1075 1301 1115 magni
1317 1076 1477 1117 palatii,ait
1490 1085 1508 1107 a
1523 1076 1554 1107 S.
1569 1076 1679 1108 Jacobo
1690 1076 1746 1107 Dei

919 1118 1010 1148 tralre
1033 1119 1186 1158 mysticum
1218 1120 1398 1151 sacriﬁcium
1423 1120 1514 1151 fuisse
1535 1120 1744 1161 compositum.

919 1161 1055 1192 Attamen
1070 1163 1110 1193 85
1124 1173 1219 1194 canon
1233 1169 1402 1195 sanctorum
1419 1169 1448 1195 et
1461 1165 1542 1195 omni
1557 1164 1644 1195 laude
1660 1165 1742 1196 cele-

920 1205 1017 1236 brium
1054 1207 1275 1247 Apostolorum,
1310 1213 1339 1239 et
1376 1209 1414 1240 59
1445 1219 1540 1240 canon
1568 1208 1744 1241 Laodicenaa

921 1251 1034 1290 synodi,
1047 1258 1256 1284 enumerantes
1278 1253 1395 1285 Veteris
1417 1254 1600 1285 Testamenti
1615 1258 1644 1284 et
1657 1252 1742 1292 Novi,

920 1294 1058 1336 ipsosque
1072 1298 1248 1336 apostolicos
1263 1298 1366 1336 libros,
1384 1298 1434 1339 qui
1447 1299 1479 1329 in
1495 1308 1550 1329 usu
1575 1298 1662 1329 nobis
1677 1307 1744 1330 esse

920 1339 1040 1378 debent,
1057 1342 1168 1372 nullam
1185 1343 1325 1374 sacriﬁcii
1370 1343 1464 1374 sancti
1473 1342 1578 1374 Jacobi
1588 1343 1635 1373 vel
1647 1343 1743 1374 sancti

919 1384 1010 1415 Marci
1024 1386 1205 1417 mentionem
1221 1388 1340 1418 faciunt.
1358 1387 1461 1428 Neque
1486 1387 1575 1418 etiam
1596 1387 1744 1418 catholica

888 1423 907 1448 Ο
920 1429 1100 1461 sanctissimi
1116 1435 1145 1461 et
1159 1432 1336 1463 mcumenici
1350 1423 1450 1463 thro-ni
1471 1432 1743 1472 Constantinopolis

918 1472 1052 1504 Ecclesia
1063 1475 1121 1505 ullo
1134 1476 1221 1507 modo
1235 1486 1284 1507 eas
1303 1476 1436 1516 liturgias
1444 1476 1588 1516 agnoscit.
1602 1477 1742 1507 Pronun—

918 1517 1024 1548 tiamus
1039 1519 1139 1560 igitur,
1155 1529 1215 1551 non
1228 1530 1295 1552 esse
1306 1521 1358 1552 has
1369 1521 1568 1562 recipiendas.
1580 1520 1615 1551 Et
1626 1520 1650 1551 si
1661 1521 1741 1551 enim

917 1562 1002 1592 abiis
1016 1563 1099 1594 factae
1124 1565 1193 1602 sint,
1215 1565 1251 1595 ab
1277 1566 1358 1596 omni
1383 1575 1440 1596 usu
1460 1575 1565 1597 vacare
1587 1565 1740 1605 jubentur,

917 1611 947 1636 ut
962 1611 992 1637 et
1006 1608 1062 1638 alia
1075 1609 1177 1639 multa.
1203 1609 1295 1649 [dque
1320 1611 1508 1641 manifestum
1525 1614 1570 1640 est
1585 1619 1620 1640 ex
1635 1610 1673 1640 85
1689 1618 1740 1641 ca-

918 1661 996 1682 none
1010 1657 1178 1684 sanctorum
1194 1658 1224 1684 et
1239 1655 1464 1686 benedictorum
1480 1655 1693 1695 apostolorum,
1714 1659 1745 1686 et

918 1698 937 1726 2
952 1705 1064 1728 canone
1080 1703 1188 1729 sanctae
1210 1704 1239 1730 et
1254 1699 1446 1730 oecumenicae
1469 1699 1573 1739 synodi
1598 1699 1629 1729 in
1641 1699 1741 1730 Trullo

920 1742 1018 1781 magni
1043 1743 1142 1782 palatii
1170 1748 1279 1774 coactae
1302 1753 1309 1775 :
1337 1744 1412 1775 alter
1441 1744 1533 1781 enim,
1564 1743 1743 1783 apostolicus

923 1786 1079 1825 videlicet,
1106 1788 1212 1818 deﬁnit
1238 1788 1312 1820 duas
1341 1788 1502 1820 Clementis
1533 1788 1683 1828 epistolas,
1714 1791 1744 1819 et

922 1831 1131 1871 dispositiones
1148 1835 1155 1855 1
1171 1836 1237 1863 octo
1259 1833 1403 1863 libroruin
1427 1833 1503 1873 ejus,
1528 1832 1585 1872 legi
1608 1832 1741 1872 quidem,

920 1884 1020 1906 verum
1038 1886 1097 1907 non
1113 1876 1251 1916 evulgari,
1274 1877 1311 1908 ob
1337 1886 1446 1908 arcana
1469 1886 1534 1917 quae
1557 1877 1589 1907 in
1612 1876 1649 1906 iis
1674 1881 1743 1907 sunt

921 1921 1093 1952 recondita:
1107 1922 1181 1952 alter
1195 1926 1293 1952 autem
1308 1923 1370 1952 vult
1386 1931 1435 1953 eas
1457 1930 1554 1961 neque
1575 1920 1645 1960 legi,
1669 1930 1742 1960 pro-

919 1969 1020 2004 pterea
1034 1966 1110 2006 quod
1125 1966 1161 1996 iis
1171 1967 1274 2006 spuria
1288 1967 1423 2007 quaedam
1451 1966 1543 1996 multa
1560 1969 1590 1996 et
1600 1975 1617 1996 a
1632 1965 1742 2005 pietate

917 2009 1015 2040 aliena
1039 2011 1214 2051 interposita
1235 2011 1294 2042 sint
1308 2012 1344 2042 ab
1361 2011 1520 2042 hwreticis.
1544 2009 1741 2046 Quamobrem

918 2064 1022 2085 omnes
1035 2055 1101 2087 Ecc.
1164 2066 1185 2086 ιε
1202 2057 1256 2087 Dei
1279 2056 1363 2096 sequi
1387 2056 1498 2086 debent
1522 2063 1635 2085 morem
1660 2063 1743 2085 novae

888 2089 908 2113 ί)
919 2098 1030 2139 Romae,
1058 2100 1197 2131 nimirum
1219 2089 1501 2141 Constantinopolis,
1518 2105 1547 2130 et
1561 2108 1646 2130 sacra
1660 2099 1743 2130 cele-

919 2143 1006 2173 brare
1024 2144 1109 2183 juxta
1132 2145 1304 2176 traditiones
1333 2154 1506 2185 magnorum
1530 2143 1685 2174 doctorum
1714 2147 1746 2174 et

919 2188 1108 2219 luminarium
1134 2189 1264 2229 pietatis,
1294 2189 1387 2220 sancti
1411 2189 1534 2220 Joannis
1554 2187 1741 2228 Chysostomi

918 2237 948 2263 et
961 2233 1055 2263 sancti
1080 2235 1191 2265 Basilii.
1214 2235 1265 2265 Ait
1284 2235 1365 2265 enim
1381 2235 1415 2265 41
1435 2237 1534 2274 caput,
1551 2241 1561 2263 1
1578 2233 1621 2264 tit.
1642 2233 1662 2261 2
1688 2231 1741 2262 lib.

916 2277 1080 2309 Basilicon:
1097 2278 1139 2309 De
1155 2279 1262 2319 quibus
1273 2281 1384 2319 scripta
1397 2279 1444 2310 lex
1457 2288 1517 2309 non
1533 2282 1588 2317 est,
1609 2284 1737 2314 morem,

50 2329 93 2355 καὶ
122 2328 269 2368 φωστήρων
304 2327 353 2359 τῆς
382 2324 523 2362 εὐσεϐείας,
565 2329 610 2352 τοῦ
653 2325 728 2364 ἁγίου
752 2323 874 2353 Ἰωάννου

961 2332 972 2352 ;›
987 2322 1080 2368 ltoma
1093 2323 1195 2361 utitur,
1212 2324 1324 2368 servari
1338 2327 1466 2364 oportet.

50 2375 96 2400 τοῦ
119 2363 305 2411 ὶξρυσοστόμου
327 2371 371 2399 καὶ
395 2374 441 2398 τοῦ
469 2371 542 2409 ἀγίυυ
568 2369 716 2401 Βασιλείου,
743 2370 813 2403 Φησὶ
830 2368 922 2408 γὰρτὸ
945 2363 992 2404 μα’
1020 2368 1160 2408 κεφάλαιον
1181 2374 1227 2398 τοῦ
1254 2365 1281 2411 α’
1314 2363 1402 2397 τίτλου
1430 2372 1476 2397 τοῦ
1503 2363 1530 2406 β’
1557 2366 1658 2406 βίϐλιου
1687 2369 1741 2394 τῶν

53 2415 203 2444 Βασιλικῶν
221 2424 228 2431 “
246 2416 306 2455 Περὶ
321 2416 357 2443 ὧν
373 2414 501 2454 ἔγγραφος
516 2416 546 2444 οὒ
560 2420 648 2442 κεῖται
669 2414 762 2452 νόμος,
777 2412 988 2453 παραφυλάττειν
1002 2412 1044 2441 δεῖ
1057 2414 1088 2441 τὸ
1103 2412 1171 2449 ἔθος,
1188 2416 1210 2450 ᾧ
1225 2415 1241 2448 ἡ
1259 2410 1349 2452 ιΡώμη
1364 2414 1508 2454 κέχρηται.

92 2459 240 2500 Ἐρώτησις
279 2454 316 2498 β’.
366 2459 458 2497 Βιβλία
489 2458 598 2500 διάφορα
641 2459 802 2498 εὖρίσκονται
839 2459 874 2489 εἷς

53 2500 98 2531 τὰς
125 2499 294 2531 γᾶνατολικάς
328 2500 372 2528 καὶ
406 2500 504 2530 νοτίους
544 2499 636 2539 χώρας
655 2508 661 2515 ·
691 2500 734 2526 καὶ
763 2500 795 2526 τὰ
827 2499 875 2536 μὲν

53 2545 226 2582 ὀνομάζονται
257 2543 425 2572 Διδασκαλίαι
452 2547 505 2571 τῶν
547 2544 626 2582 ἁγίων
657 2543 822 2580 ἀποστόλων,
845 2545 876 2571 τὰ

53 2588 92 2626 δὲ,
109 2587 228 2630 Ὀράσεις
243 2593 287 2618 τοῦ
310 2590 383 2628 ἁγίου
419 2588 533 2619 Παύλου,
570 2587 678 2627 Ἐρωτῶ
707 2589 750 2616 οὖν
766 2590 786 2617 εὶ
801 2589 876 2629 ὀρεί-

55 2633 136 2672 λομεν
152 2634 341 2674 ἀναγινώσκειν
356 2633 441 2673 αὐτὰ,

957 2456 1051 2487 Inter.
1078 2457 1107 2488 2.
1136 2458 1217 2487 Varii
1236 2458 1427 2497 reperiuntur
1448 2457 1528 2496 libri,
1555 2456 1585 2486 in
1608 2455 1741 2486 orienta-

918 2501 995 2531 libus
1011 2506 1040 2532 et
1056 2502 1300 2532 meridionalibus
1315 2502 1507 2542 regionibus:
1523 2505 1551 2532 et
1566 2500 1617 2531 alii
1639 2499 1740 2530 nomi-

918 2551 1028 2577 nantur
1053 2546 1202 2586 Praecepta
1225 2550 1394 2577 sanctorum
1417 2545 1617 2586 apostolorum
1649 2553 1656 2575 :
1678 2543 1740 2582 alii,

918 2589 1056 2622 Visiones
1068 2592 1162 2622 sancti
1180 2590 1272 2623 Pauli.
1287 2590 1391 2627 Quaero
1407 2600 1444 2621 an
1462 2591 1491 2621 hi
1518 2589 1604 2620 nobis
1620 2587 1741 2627 legendi

918 2634 978 2665 sint
987 2635 1002 2665 ‘I

719 2699 794 2731 VAR
800 2701 848 2732 ΗΕ
864 2702 1080 2735 LECTIONES.

94 2758 100 2778 ί
122 2757 331 2797 conglutinati.
371 2756 380 2782 J
402 2764 522 2786 sacram
536 2755 756 2786 aer-cmonium.

334 2820 463 2853 PATHOL.
483 2822 538 2853 Gn.
555 2821 658 2852 CXIX.

800 2755 811 2775 ιι
826 2765 922 2788 sacrm
936 2759 1122 2788 carimonizr.

1167 2757 1172 2777 ¹
1194 2757 1422 2797 pi'woeplimtcs.

1503 2820 1541 2852 33
