1946 3080
227 106 238 137 1
245 106 304 139 035

223 219 309 250 Jesus
324 217 457 250 Christus
471 219 501 249 in
517 218 684 259 Evangeliis
698 220 897 259 dicat,Videte
911 230 948 252 ue
959 220 1041 251 deci-

224 263 366 303 piamini:
385 263 468 294 multi
485 264 563 294 enim
575 265 695 296 venient
710 265 740 296 in
761 265 882 297 nomine
902 275 979 302 meo,
997 265 1043 295 di-

224 311 336 344 centes,
353 307 426 344 Quia
443 317 498 348 ego
514 318 590 346 sum,
609 313 637 339 et
653 313 768 350 tempus
783 309 1041 350 appropinquavit:

224 352 451 392 pronuntiamus
473 356 502 383 et
520 362 584 390 nos,
607 354 661 384 Dei
683 355 848 385 Ecclesiam
874 363 962 385 nosse
978 356 1001 372 ω
1015 357 1045 384 et

225 396 360 427 conﬁteri
375 397 537 436 apostolica
561 402 720 439 praecepta,
747 402 776 430 et
798 399 938 435 visiones,
955 402 984 429 et
1000 398 1046 428 di-

224 441 350 479 sciplina
365 446 381 461 η
391 441 547 482 librorum,
558 452 623 482 qua
638 443 676 473 85
694 443 856 483 apostolico
873 453 986 474 canone
997 442 1047 473 de-

224 485 419 521 clarantur,et
431 486 484 517 Dei
495 495 666 526 praeconum
680 497 767 519 voces
778 488 814 518 iis
830 497 896 518 esse
907 488 1044 518 creditas.

224 531 336 560 Frater
351 530 406 560 hos
420 530 510 560 alium
527 531 641 562 nullum
658 532 737 563 novit
752 532 946 572 apostolicum
962 541 1045 562 com-

225 574 402 606 mentarium
415 581 441 605 ο.
457 574 679 607 Observandum
694 577 796 616 igitur,
807 581 838 607 ut
849 577 884 608 ab
901 577 1047 607 haereticis

226 618 295 649 ﬁcta
309 627 480 649 aversemur
495 619 660 651 mendacia.
681 620 838 651 Absinthio
862 620 940 650 enim
964 629 1043 650 ama-

223 663 314 700 riora,
333 662 401 694 licet
418 673 471 703 per
486 664 640 694 nominum
656 669 825 695 sanctorum
845 664 1044 704 apostolorum

223 707 450 748 inscriptionem
464 709 606 740 mellitam
621 709 752 740 referant
769 709 945 749 placentam.

265 796 363 828 Inter.
380 797 410 827 3.
437 797 592 836 Sexaginta
609 798 800 829 Basilicarum
818 798 912 838 capita
929 798 963 828 ad
991 807 1045 828 no-

909 111 924 141 1
928 110 974 141 US
995 109 1219 141 CANONICUM

264 173 333 205 Res.
351 173 424 204 Cum
439 173 583 205 Dominus
598 177 628 205 et
641 175 721 207 Deus
740 179 769 206 et
794 175 931 207 Servator
947 179 1046 206 noster
1056 190 1077 213 Α

1839 104 1906 138 1036

1128 173 1191 205 Ἀπ.
1223 178 1274 203 Τοῦ
1304 175 1398 212 Κυρίου
1423 175 1467 203 καὶ
1495 178 1562 203 Θεοῦ
1598 175 1641 204 καὶ
1675 177 1803 214 Σωτῆρος
1837 174 1906 210 ἡμῶν

1089 218 1175 252 Ἰησοῦ
1191 223 1301 258 Χριστοῦ
1315 219 1342 247 ὲν
1371 219 1539 260 Εὑαγγελίοις
1554 220 1672 252 εἰπόντος
1691 228 1698 235 ’
1729 219 1848 248 Βλέπετε
1875 217 1908 253 μὴ

1089 261 1241 296 πλανηθῆτε
1266 270 1272 278 '
1304 263 1398 292 πολλοὶ
1421 265 1471 302 γὰρ
1499 263 1648 292 ἐλεύσονται
1675 263 1718 292 ἐπὶ
1739 267 1777 300 τῷ

1089 319 1151 345 μου,
1174 307 1308 348 λέγοντες,
1333 303 1397 337 ’Ὀτι
1411 308 1464 347 ἐγώ
1477 310 1542 348 εἰμι,
1568 309 1611 336 καὶ
1641 309 1656 336 ὁ
1676 309 1766 346 καιρὸς
1790 307 1906 346 ἧγγικε·

1089 352 1257 391 ψηφιζόμεθα
1271 353 1315 380 καὶ
1337 353 1430 390 ἡμεῖς,
1459 351 1500 380 ὅτι
1527 352 1705 384 ἀποστολικας
1727 350 1906 387 διδασκαλίας,

1088 397 1131 424 καὶ
1153 397 1267 436 ὁράσεις⁷
1303 397 1350 425 καί
1372 396 1481 430 διδάξεις
1523 402 1569 427 τοῦ
1611 401 1676 425 Θεου
1704 395 1856 430 Ἐκκλησία
1869 406 1908 433 γι-

1089 442 1182 470 νώσκει
1197 443 1240 470 καὶ
1255 441 1383 482 ὁμολογεῖ
1403 443 1436 470 τὰ
1451 442 1478 470 ἐν
1499 445 1538 479 τῷ
1552 437 1597 471 πε’
1624 441 1796 478 ἀποστολικῷ
1825 441 1909 469 κανόνι

1088 485 1236 523 δηλούμενα
1264 486 1363 526 βιϐλία,
1395 488 1440 515 καὶ
1461 487 1636 525 πιστευόμενα
1664 487 1735 514 εἶναι
1777 489 1836 514 τῶν
1856 487 1910 512 Θεο-

1087 532 1208 570 κηρύκων
1225 531 1311 571 φωνάς
1328 553 1336 560 .
1374 531 1460 570 ἕτερον
1483 530 1510 559 δέ
1537 543 1562 559 τι
1586 532 1658 571 παρὰ
1683 532 1765 559 ταῦτα
1779 528 1910 558 uincla“

1087 575 1262 603 ἔιποστολικὸν
1290 577 1460 615 σύγγραμμα.
1505 575 1709 616 Παρατηρητέον
1751 575 1803 603 οὗκ
1846 574 1909 601 51:0-

1087 619 1238 659 στρέφεσθαι
1273 620 1306 648 τὰ
1348 619 1522 658 πεπλασμένα
1569 621 1640 660 παρὰ
1686 623 1740 648 τῶν
1776 620 1910 657 αἱρετικιῖη

1087 663 1282 703 σχεδιασματα,
1326 663 1460 702 Ἀψινθίου
1503 665 1552 703 γὰρ
1581 665 1722 704 πικρότερὰ
1764 665 1830 700 εἶσι,
1868 662 1910 690 κᾶν

1087 708 1258 745 μελιτοῦτταν
1287 708 1328 736 διὰ
1363 711 1411 742 τῆς
1448 709 1596 748 ἐπιγραφῆς
1619 712 1672 737 τῶν
1702 709 1846 747 ὀνομάτων
1867 708 1912 734 τὼν

1088 753 1168 791 ἁγίων
1184 752 1339 781 ἀποστόλων
1353 753 1554 792 ὑποκρίνωνται.

1130 797 1275 836 Ἐρώτησις
1303 792 1341 836 γ’.
1373 798 1411 826 Τα
1441 797 1568 832 ἑξήκοντα
1596 797 1726 837 κεφάλαια
1753 800 1808 825 τῶν
1833 800 1911 824 Βασι-

225 845 300 872 stras
315 841 453 881 regiones
463 852 523 872 non
538 847 754 882 pervenerunt:
769 843 896 883 ideoque
907 846 1043 882 quantum

1127 842 1171 869 ιῶν
1193 841 1222 869 οὗ
1236 841 1387 874 διεδόθησαν
1413 843 1449 874 εἱς
1471 843 1518 874 τὰς
1549 843 1640 881 χώρας
1662 844 1739 879 ἡμῶν
1757 849 1764 856 ⁸
1783 841 1829 869 διὰ
1840 846 1911 869 τοῦτα

224 885 261 916 ad
277 895 312 916 ea
323 886 460 926 pertinet,
488 886 518 916 in
544 887 674 917 tenebris
690 896 851 917 versamur.
871 886 1045 923 Quaerimus,

225 939 263 960 an
277 929 314 960 ob
331 939 395 961 eam
412 940 474 961 rem
492 931 678 962 damnemur.

264 975 329 1005 Res.
348 974 536 1015 Quacunque
552 975 596 1006 lex
613 976 664 1016 ait,
677 976 713 1006 iis
723 976 764 1006 ait
774 976 823 1016 qui
840 977 870 1007 in
886 977 951 1016 lege
966 980 1044 1014 sunt,

225 1019 392 1050 secundum
406 1029 542 1058 magnum
555 1021 800 1060 Apostolum.Qui
813 1021 902 1060 igitur
910 1020 947 1051 ob
957 1021 1044 1051 vitam

224 1063 388 1103 gloriantur
400 1064 606 1104 orthodoxam,
629 1065 690 1096 sive
714 1074 748 1096 ex
768 1065 883 1096 oriente
898 1065 967 1102 sint,
984 1065 1045 1095 sive

225 1117 261 1139 ex
280 1108 549 1140 Alexandrinorum
575 1109 669 1149 plaga,
695 1109 757 1140 sive
773 1110 903 1145 aliunde,
920 1109 1046 1140 Romani

225 1152 374 1193 dicuntur,
390 1157 419 1184 et
432 1153 596 1184 secundum
608 1155 688 1193 leges
704 1154 800 1185 vivere
815 1155 1045 1192 coguntur.Non

224 1197 429 1237 astringantur
445 1202 541 1229 tamen
552 1198 628 1236 lege,
641 1208 706 1238 qua
720 1198 771 1238 ait,
784 1197 848 1229 Non
863 1203 977 1239 oportet
988 1197 1044 1229 Ro-

224 1250 344 1272 manum
367 1242 461 1273 virum
487 1243 568 1282 leges
592 1243 739 1282 ignorare.
761 1242 784 1273 Ii
809 1242 888 1273 enim
914 1242 981 1278 soli,
997 1242 1046 1283 qui

228 1285 362 1317 habitant
378 1287 516 1324 Romam,
532 1287 643 1326 regiam
662 1287 799 1318 videlicet
811 1287 970 1327 civitatem,
982 1296 1047 1327 quae

225 1329 373 1361 similibus
389 1331 552 1361 estmunita
559 1331 832 1371 propugnaculis,et
839 1331 940 1362 multis
948 1331 1045 1362 abun-

225 1374 274 1405 dat
286 1375 480 1414 jurisperitis,
498 1376 604 1406 horum
628 1375 732 1406 ferreis
758 1379 897 1406 tenentur
922 1375 1045 1415 pedicis.

225 1418 355 1459 Ideoque
371 1419 397 1449 si
411 1419 441 1449 hi
458 1419 551 1458 legem
567 1419 705 1459 ignorare
727 1429 759 1450 se
775 1419 913 1459 allegent,
932 1419 1046 1450 veniam

229 1472 288 1493 non
304 1468 535 1503 consequuntur,
566 1464 626 1494 sive
647 1464 797 1495 manuales
822 1464 881 1494 sint
905 1464 1043 1504 operarii,

1127 1474 1173 1500 νοι,
1203 1464 1233 1492 οὒ
1256 1464 1479 1502 συγγινώσκονται
1497 1474 1504 1481 ·

225 1507 286 1538 sive
299 1507 525 1539 circumforanei
541 1508 600 1539 sint
614 1507 715 1548 aliqui,
734 1513 762 1539 et
774 1508 937 1540 litterarum
955 1508 1043 1548 impe-

1127 1508 1195 1546 Sput
1210 1508 1279 1539 τινὲς
1304 1509 1364 1548 ὦσι,
1388 1509 1432 1536 καὶ
1459 1509 1622 1548 γραμμάτων
1650 1509 1760 1544 ἀνήκοοι
1779 1517 1785 1523 ·

1089 884 1295 923 νυκτοϐατιιῦμεν
1309 885 1370 914 ὅσον
1398 887 1428 914 τὸ
1465 887 1500 919 εἰς
1528 888 1604 918 αὐτά,
1640 891 1775 924 Ζητοῦμεν
1806 886 1852 914 οὖν
1868 896 1911 922 μα-

1088 932 1154 967 Θεϊν,
1171 931 1193 958 εἰ
1209 931 1324 959 ἐντεῦθεν
1339 931 1559 970 κατψινὸμεθα.

1128 975 1192 1004 Ἀπ.
1212 970 1286 1003 1Ὀσα
1302 976 1316 1003 ὁ
1331 975 1411 1012 νόμος
1437 974 1528 1015 λαλεῖ,
1552 983 1612 1007 τοῖς
1636 975 1663 1004 ἐν
1685 977 1725 1013 τῷ
1739 975 1816 1012 νόμῳ
1831 974 1909 1012 λέγει,

1087 1021 1153 1048 κατὰ
1169 1021 1213 1048 τὸν
1229 1019 1312 1059 μέγαν
1337 1020 1512 1050 Ἀπὸστολον.
1529 1022 1559 1048 Οἱ
1591 1024 1654 1060 γοῦν
1682 1022 1830 1060 αὐχοῦντες
1858 1019 1908 1057 βίον

1087 1063 1230 1103 ὁρθόδοξον,
1265 1064 1313 1092 κᾶν
1342 1064 1368 1096 ἐξ
1392 1064 1527 1093 ἀνατολῶν
1556 1065 1619 1101 ὦσι,
1648 1064 1698 1093 κᾶν
1727 1064 1753 1097 ἐξ
1785 1063 1910 1096 Ἀλεξαν-

1087 1107 1178 1147 δρέων,
1195 1108 1244 1136 κᾶν
1266 1108 1401 1148 ἑτέρωθεν,
1438 1107 1568 1146 Ῥωμαῖοι
1603 1109 1737 1148 λέγονται,
1772 1110 1820 1137 καὶ
1849 1107 1910 1135 κατὰ

1087 1153 1181 1190 νόμους
1207 1153 1398 1192 ἀναγκάζονται
1427 1153 1632 1182 πολιτεύεσθαι·
1655 1157 1695 1190 τῷ
1722 1153 1799 1190 νόμῳ
1835 1151 1863 1179 δέ

1086 1197 1223 1237 φίιςινκοντι³
1247 1197 1283 1226 οὐ
1304 1196 1345 1225 δεῖ
1370 1193 1502 1235 (Ρωμαῖον
1532 1197 1611 1236 ἄνδρα
1639 1198 1720 1235 νόμον
1749 1197 1871 1236 ἀγνοεῖν,
1885 1195 1909 1222 ο)

1087 1241 1285 1281 συσφίγγονται.
1316 1242 1396 1270 Μόνοι
1418 1243 1467 1281 γὰρ
1502 1244 1526 1270 οί
1553 1245 1735 1274 κατοικοῦντες
1765 1242 1816 1275 τὴν
1846 1237 1909 1270 Ῥώ-

1088 1297 1153 1323 μην,
1170 1287 1218 1319 τὴν
1247 1285 1367 1324 βασιλίδα
1395 1285 1517 1320 δηλονότι
1546 1290 1600 1315 τῶν
1627 1285 1744 1327 πόλεων,
1766 1287 1819 1320 τὴν
1848 1296 1909 1314 κατ-

1087 1330 1288 1370 ησφιλισμένην
1304 1331 1406 1368 ὁμοίοις
1427 1331 1598 1371 πυργώμασι,
1620 1332 1664 1359 καὶ
1690 1331 1808 1362 πολλοὺς
1831 1330 1909 1358 πλου-

1086 1380 1180 1404 τοῦσαν
1209 1377 1381 1415 νομομαθετς,
1424 1382 1483 1407 τοϊς
1525 1376 1556 1403 ἐκ
1589 1376 1686 1404 τούτων
1726 1374 1908 1414 σἰδηραπέδαις

1087 1419 1260 1458 mre-Longi.
1284 1421 1331 1447 Διὸ
1346 1421 1418 1448 οὗτοι
1441 1420 1490 1457 μὲν
1524 1420 1653 1459 ἀγνοῆσαι
1687 1419 1769 1458 νόμον
1783 1419 1908 1448 διενιστά-

1545 1464 1595 1492 κᾶν
1635 1464 1829 1504 χειρωνάκται,
1865 1465 1908 1491 κά,

1804 1510 1843 1541 ὡς
1865 1507 1907 1536 δν-

227 1552 275 1582 riti
293 1563 301 1582 :
318 1556 351 1583 ut
365 1552 415 1592 qui
430 1553 542 1592 possint
558 1562 574 1583 a
589 1553 650 1583 suis
669 1552 782 1583 civibus
808 1553 904 1592 legum
931 1553 1043 1583 discere

1127 1563 1193 1580 1.:vot
1216 1553 1247 1580 τὰ
1275 1553 1328 1580 τῶν
1349 1553 1437 1590 νόμων
1458 1554 1553 1590 μαθεῖν
1581 1553 1633 1581 ἀπὸ
1661 1557 1715 1581 τῶν
1729 1554 1907 1592 συγκατοίκων

225 1600 372 1628 tenorem.
391 1597 445 1633 Qui
468 1601 567 1628 autem
590 1601 671 1628 extra
694 1597 806 1627 Roman
833 1602 932 1635 agunt,
960 1607 1043 1636 agre-

1127 1599 1182 1626 ῖὼν,
1200 1597 1229 1624 Οἱ
1257 1595 1284 1624 δὲ
1320 1596 1370 1629 ἔξω
1397 1600 1449 1629 τῶς
1488 1592 1592 1634 Ῥώμης
1627 1596 1774 1636 διάγοντες,
1800 1598 1906 1637 ἀγρόται

226 1644 312 1672 stesP
326 1642 440 1672 scilicet
455 1645 484 1672 et
498 1641 616 1681 reliqui,
632 1642 784 1683 multoque
809 1642 900 1681 magis
916 1642 1043 1672 Alexan-

1127 1640 1219 1676 ἰονότι,
1233 1641 1276 1668 καὶ
1291 1639 1389 1678 λοιποὶ,
1427 1640 1520 1677 πολλῷ
1548 1640 1574 1668 δὲ
1603 1640 1682 1669 πλέον
1711 1640 1908 1680 Ἀλεξανδρεῖς,

225 1685 315 1725 drini,
325 1686 418 1725 legem
435 1685 551 1716 civilem
564 1686 743 1725 ignorantes.
754 1686 866 1716 veniam
879 1695 1042 1717 merentur.

1127 1696 1166 1712 ιον
1187 1684 1323 1712 πολιτικὸν
1345 1685 1522 1724 ἀγνοήσαντες
1551 1685 1790 1724 συγγινώσκονταε.
1827 1685 1908 1715 Καλὸν

225 1729 340 1761 Bonum
363 1739 432 1769 ergo
460 1734 514 1767 est,
542 1735 572 1760 ut
597 1730 626 1760 hi
648 1739 766 1769 quoque
795 1733 986 1770 interrogent,
1018 1734 1043 1760 et

1127 1732 1147 1756 iv
1184 1728 1239 1756 ἐστι
1274 1730 1318 1757 καὶ
1345 1730 1450 1761 τούτους
1486 1729 1597 1770 ἐρωτᾷν³
1627 1731 1670 1757 καὶ
1702 1730 1848 1767 μάνθανειν
1882 1731 1910 1757 τὰ

225 1774 356 1813 legitima
371 1778 515 1814 praecepta
531 1774 743 1810 discant.Quod
759 1775 784 1804 si
798 1779 842 1805 est
857 1775 1043 1814 ditﬂcile,ve-

224 1819 303 1849 niam
320 1823 389 1849 sunt
402 1819 600 1850 consecuturi.

262 1863 355 1894 Inter.
372 1863 402 1893 4.
419 1865 465 1894 An
479 1867 562 1894 extra
586 1862 761 1903 pcriculum,
788 1873 882 1900 sacra,
914 1863 1043 1903 itemque

222 1907 291 1938 laici
300 1907 396 1938 fenori
406 1907 477 1938 dent
488 1907 658 1946 pecuniam,
671 1916 708 1937 an
724 1908 819 1947 potius
834 1907 919 1938 sitiis
935 1908 1041 1938 exitio-

223 1961 288 1982 sum
298 1955 312 1982 ‘?

267 1997 334 2027 Res.
353 1996 482 2028 Mosaica
497 1996 617 2036 quidem
635 1996 758 2034 lex,Non
775 1997 933 2037 fenerabis,
948 1997 1042 2037 inquit

224 2046 378 2080 argentum
395 2045 475 2071 tuum
491 2041 573 2071 fratri
597 2046 663 2072 tuo:
682 2041 775 2072 civilis
791 2045 888 2072 autem
911 2041 1043 2080 agnoscit

225 2095 329 2116 usuras
343 2085 520 2116 centesimas
536 2089 566 2116 et
580 2085 713 2117 trientes.
732 2086 839 2116 Defiuit
854 2085 932 2116 enim
951 2090 981 2115 ut
995 2095 1042 2115 se-

223 2133 343 2160 natores
358 2129 504 2170 accipiant
517 2139 622 2161 usuras
638 2131 773 2170 trientes,
791 2131 930 2161 nimirum
944 2130 973 2160 in
983 2130 1042 2160 sin—

223 2175 307 2214 gulas
319 2174 411 2205 libras
427 2184 564 2206 nummos
579 2178 715 2215 quatuor.
732 2174 935 2214 Negotiatores
945 2179 1042 2205 autem

223 2219 392 2259 vulgare“,
410 2224 440 2250 et
455 2219 750 2256 caateros,dimidiam
767 2219 946 2255 centesimae,
957 2219 1044 2249 nimi-

222 2273 289 2294 rum
305 2264 334 2294 in
349 2264 480 2303 singulas
495 2264 586 2294 libras
601 2274 738 2295 nummos
754 2273 816 2295 sex.
833 2264 890 2295 Eos
905 2263 1042 2304 vero,qui

224 2308 407 2339 maritimum
423 2309 507 2339 fenus
522 2309 730 2348 contrahuntr,
744 2319 796 2349 pro
814 2308 937 2348 singulis
959 2307 1043 2338 libris

225 2362 362 2384 nummos
377 2353 547 2385 duodecim.
564 2353 696 2390 Quonam
719 2358 816 2384 autem
832 2353 920 2384 modo
939 2357 1042 2383 cente—

222 2398 306 2428 simae
320 2401 462 2428 vocentur
480 2407 588 2435 usurae,
615 2408 681 2429 cum
706 2398 789 2428 librae
813 2398 960 2438 quantitas
984 2407 1043 2428 non

221 2442 375 2482 perveniat
392 2442 427 2473 ad
447 2442 557 2473 solidos
574 2447 704 2480 centum,
731 2442 783 2473 sed
803 2443 839 2473 ad
859 2441 1044 2482 septuaginta

220 2485 315 2518 duos;
330 2496 389 2517 non
406 2490 450 2517 est
463 2487 580 2517 dicendi
597 2493 723 2527 tempus,
733 2496 770 2517 ne
787 2497 860 2527 opus
873 2487 924 2517 ﬁat
937 2491 1043 2526 praeter

220 2540 307 2570 opus.
321 2530 356 2561 Et
369 2531 431 2562 inec
446 2531 565 2572 quidem
580 2531 617 2562 de
633 2532 726 2564 laicis.
755 2531 883 2563 Sacratis
906 2541 973 2562 vera
996 2531 1041 2561 t‘e-

221 2575 376 2607 neratione
391 2585 512 2616 prorsus
526 2576 716 2608 interdictum
732 2580 786 2608 est.
810 2577 859 2607 Ait
875 2576 955 2607 enim
979 2576 1041 2606 haec

1085 1774 1181 1810 νομικὰ
1196 1773 1404 1813 παραγγέλματα
1422 1783 1428 1790 ⁸

1085 1829 1138 1854 μης
1161 1817 1361 1853 ἁξιωθήσονται,

1125 1861 1270 1901 Ἐρώτησις
1300 1862 1334 1892 δ’.
1366 1858 1511 1892 Ἀκίνδυνόν
1539 1863 1593 1891 ἐστι
1635 1870 1693 1895 τοῖς
1744 1864 1909 1903 ἱερωμένοις,
1935 1889 1937 1895 ,

1085 1907 1125 1934 ναὶ
1140 1907 1230 1942 μέντοι
1265 1908 1309 1936 καὶ
1338 1914 1396 1940 τοῖς
1418 1907 1540 1947 λα’ίκοτς,
1577 1909 1620 1936 Eni
1647 1908 1718 1944 τόκῳ
1739 1907 1910 1946 δανείζειν,ἧ

1084 1950 1186 1988 μᾶλλον
1201 1951 1318 1992 ὀλέθριον
1331 1961 1339 1992 ς

1125 1996 1184 2026 Ἀτε.
1220 1992 1248 2025 Ὀ
1278 1998 1326 2034 μὲν
1363 1998 1508 2029 Μωσαϊκὸς
1544 1997 1637 2036 νόμος,
1666 1999 1720 2027 Οὔκ
1761 1997 1908 2035 ἐκτοκιεῖς,

1083 2041 1157 2079 φησὶ,
1180 2042 1210 2069 τὸ
1225 2041 1344 2081 ἀργύριόν
1371 2053 1417 2070 σου
1445 2045 1483 2079 τῷ
1510 2042 1615 2083 ἀδελφῷ
1633 2053 1679 2071 σου
1697 2052 1704 2060 ”
1727 2043 1742 2070 ὁ
1771 2041 1799 2070 δὲ
1832 2043 1909 2072 πολι-

1083 2086 1154 2116 τικὸς
1185 2085 1354 2125 ἐπιγινώσκει
1403 2087 1496 2119 τόκους
1538 2087 1744 2124 ἐκατοστιαίους,
1774 2089 1822 2115 καὶ
1861 2088 1909 2116 ἀπὸ

1083 2130 1172 2168 τρίτης
1218 2131 1375 2164 ἑκατοστῆς,
1414 2130 1557 2172 Δῗορίζεται
1594 2132 1643 2172 γὰρ
1671 2133 1732 2164 τοὺς
1760 2132 1910 2172 συγκλητι-

1084 2175 1145 2206 κοὺς
1159 2174 1301 2213 λαμϐάνειν
1315 2177 1408 2208 τόκους
1432 2176 1485 2205 ἀπὸ
1511 2177 1600 2216 τρίτης
1632 2178 1778 2210 ἑκατοστῆς
1795 2186 1806 2194 ”
1830 2177 1908 2216 ἤγουν

1086 2218 1126 2258 ἐφ’
1162 2220 1262 2258 ἑκάστῃ
1295 2220 1368 2259 λίτρᾳ
1408 2221 1558 2259 νομίσματα
1582 2216 1618 2253 δ’.
1643 2222 1709 2253 Τοὺς
1737 2220 1908 2252 κοινολαῗτας

1085 2266 1299 2305 πραγματευτὰς,
1327 2267 1370 2294 καὶ
1397 2265 1516 2303 λοιποὺς,
1546 2266 1805 2306 ἡμιεκατοστιαίους.
1828 2266 1906 2306 ἤγουν

1085 2308 1125 2347 ἐφ’
1142 2309 1240 2347 ἑκάστῃ
1269 2309 1344 2348 λίτρᾳ
1369 2310 1518 2347 νομίσματα
1545 2304 1597 2346 ς’.
1634 2310 1699 2341 Τοὺς
1734 2308 1762 2337 δὲ
1790 2304 1905 2339 διδόντα;

1085 2352 1234 2394 διαπόντιον
1261 2353 1372 2394 δάνειον,
1408 2355 1473 2394 ὑπὲρ
1497 2354 1611 2387 ἑκάστης
1639 2353 1728 2394 λίτρας
1757 2354 1903 2392 νομίσματα

1118 2392 1122 2402 1
1158 2393 1176 2403 (Ι
1286 2397 1306 2407 ης
1365 2392 1369 2394 ”
1393 2402 1403 2406 ,,
1460 2392 1464 2394 ’
1683 2392 1687 2394 “

1086 2398 1111 2435 ιβ
1126 2420 1132 2426 .
1177 2402 1255 2430 Οπως
1283 2407 1310 2425 οε
1324 2398 1464 2427 καλουνται
1499 2400 1523 2426 οἱ
1544 2399 1618 2426 τόκοι
1639 2399 1833 2436 ἓκατοστιιῒοι,
1859 2409 1902 2432 της

1085 2442 1173 2481 λίτρας
1208 2442 1247 2479 μὴ
1276 2443 1494 2481 συμποσουμένης
1530 2444 1567 2475 εἷς
1589 2443 1738 2482 νομίσματα
1760 2438 1796 2482 pi,
1828 2442 1902 2471 amr

1083 2487 1118 2519 εἰς
1134 2482 1186 2525 οβ’,
1202 2488 1292 2526 καιρὸς
1308 2489 1355 2516 οὐκ
1370 2487 1423 2516 ἔστι
1439 2487 1526 2527 λέγειν
1543 2498 1549 2505 ·
1573 2487 1620 2516 ’ίνα
1647 2489 1686 2525 μὴ
1702 2487 1778 2526 ἔργον
1793 2488 1825 2516 τὸ
1840 2488 1903 2526 πάρ-

1083 2543 1158 2572 εργον
1193 2532 1312 2571 γένηται,
1343 2533 1393 2562 Καὶ
1418 2537 1500 2562 ταῦτα
1527 2533 1575 2570 μὲν
1603 2533 1661 2571 περὶ
1690 2531 1806 2563 λαϊκῶν.
1841 2533 1901 2563 Τοὺς

1082 2576 1237 2616 ἱερωμένους
1259 2576 1286 2604 δὲ
1313 2577 1423 2613 τοκίζειν
1445 2577 1581 2609 παντελῶς
1609 2576 1801 2617 ἀπηγόρευται.
1837 2577 1902 2610 Φησὶ

1455 1775 1476 1802 εἱ
1491 1774 1519 1802 δὲ
1546 1774 1673 1815 δυσχερές
1701 1774 1770 1815 ἐστι,
1786 1775 1910 1815 συγγνώ-

882 2660 1007 2692 νΑΡιΗΕ
1029 2659 1244 2692 LECTIONES.

260 2731 280 2747 ιιι
303 2734 475 2766 agnoscere.

222 2769 272 2800 tuo
286 2766 372 2799 dant.

520 2733 533 2749 υ
545 2728 708 2761 doctrinas.
752 2732 764 2748 ο
778 2727 933 2766 scriptum.
976 2732 989 2753 ι’
1004 2725 1121 2757 rustici.
1164 2731 1177 2752 α
1192 2726 1297 2758 laieos.
1341 2731 1352 2747 τ
1371 2728 1423 2768 qui
1437 2729 1638 2768 traiecticIam
1657 2725 1823 2769 pecuniam
1837 2736 1904 2759 mu-
