  <div class='ocr_page' id='page_1' title='image "/cluster/home/n/w/nwhite01/storage/ocr_20150623/119/njp.32101010943965/1170.png"; bbox 0 0 1946 3080; ppageno 0'>
   <div class='ocr_carea' id='block_1_1' title="bbox 48 102 1745 145">
    <p class='ocr_par' dir='ltr' id='par_1_1' title="bbox 48 102 1745 145">
     <span class='ocr_line' id='line_1_1' title="bbox 48 102 1745 145; baseline -0.004 -3"><span class='ocrx_word' id='word_1_1' title='bbox 48 113 127 145; x_wconf 87' lang='grc'><strong>1037</strong></span> <span class='ocrx_word' id='word_1_2' title='bbox 718 106 1076 141; x_wconf 66' lang='grc' dir='ltr'><strong>(ὶΒιΕΟΟ-ΒΟΜΑΝΙΙΜ.</strong></span> <span class='ocrx_word' id='word_1_3' title='bbox 1668 102 1745 136; x_wconf 86' lang='grc'><strong>1038</strong></span> 
     </span>
    </p>
   </div>
   <div class='ocr_carea' id='block_1_2' title="bbox 51 170 878 217">
    <p class='ocr_par' dir='ltr' id='par_1_2' title="bbox 51 172 877 217">
     <span class='ocr_line' id='line_1_2' title="bbox 51 172 877 217; baseline -0.007 -10"><span class='ocrx_word' id='word_1_4' title='bbox 51 178 101 217; x_wconf 81' lang='grc' dir='ltr'><strong>γὰρ</strong></span> <span class='ocrx_word' id='word_1_5' title='bbox 115 179 130 206; x_wconf 76' lang='grc' dir='ltr'><strong>ὃ</strong></span> <span class='ocrx_word' id='word_1_6' title='bbox 152 172 197 217; x_wconf 80' lang='grc' dir='ltr'>μδ’</span> <span class='ocrx_word' id='word_1_7' title='bbox 210 179 297 206; x_wconf 86' lang='grc' dir='ltr'>κανὼν</span> <span class='ocrx_word' id='word_1_8' title='bbox 312 180 363 206; x_wconf 82' lang='grc' dir='ltr'><strong>τῶν</strong></span> <span class='ocrx_word' id='word_1_9' title='bbox 384 178 464 216; x_wconf 79' lang='grc' dir='ltr'>ἁγίων</span> <span class='ocrx_word' id='word_1_10' title='bbox 494 175 649 205; x_wconf 80' lang='grc' dir='ltr'><strong>ἀποστόλων</strong></span> <span class='ocrx_word' id='word_1_11' title='bbox 664 178 746 203; x_wconf 84' lang='grc' dir='ltr'>ταῦτα</span> <span class='ocrx_word' id='word_1_12' title='bbox 766 175 853 213; x_wconf 81' lang='grc' dir='ltr'><strong>ῥητῶς</strong></span> <span class='ocrx_word' id='word_1_13' title='bbox 870 183 877 190; x_wconf 73' lang='grc'><strong><em>⁵</em></strong></span> 
     </span>
    </p>
   </div>
   <div class='ocr_carea' id='block_1_3' title="bbox 970 170 1742 217">
    <p class='ocr_par' dir='ltr' id='par_1_3' title="bbox 970 170 1742 217">
     <span class='ocr_line' id='line_1_3' title="bbox 970 170 1742 217; baseline -0.001 -16"><span class='ocrx_word' id='word_1_14' title='bbox 970 171 1097 202; x_wconf 89' lang='lat' dir='ltr'><strong>ninatim</strong></span> <span class='ocrx_word' id='word_1_15' title='bbox 1129 171 1166 202; x_wconf 78' lang='grc'><strong>44</strong></span> <span class='ocrx_word' id='word_1_16' title='bbox 1195 175 1364 202; x_wconf 88' lang='lat' dir='ltr'><strong>sanctorum</strong></span> <span class='ocrx_word' id='word_1_17' title='bbox 1392 170 1606 217; x_wconf 40' lang='lat' dir='ltr'><strong>apostolorum’</strong></span> <span class='ocrx_word' id='word_1_18' title='bbox 1623 179 1742 217; x_wconf 76' lang='lat' dir='ltr'><strong>canon:</strong></span> 
     </span>
    </p>
   </div>
   <div class='ocr_carea' id='block_1_4' title="bbox 48 215 878 262">
    <p class='ocr_par' dir='ltr' id='par_1_4' title="bbox 48 215 874 262">
     <span class='ocr_line' id='line_1_4' title="bbox 48 215 874 262; baseline -0.007 -11"><span class='ocrx_word' id='word_1_19' title='bbox 48 215 210 254; x_wconf 38' lang='lat' dir='ltr'><strong>{Ercwxo‘rroc</strong></span> <span class='ocrx_word' id='word_1_20' title='bbox 225 223 242 257; x_wconf 69' lang='grc' dir='ltr'>ἢ</span> <span class='ocrx_word' id='word_1_21' title='bbox 258 215 442 262; x_wconf 80' lang='grc' dir='ltr'>πρεσϐύτερος,</span> <span class='ocrx_word' id='word_1_22' title='bbox 472 221 490 255; x_wconf 76' lang='grc' dir='ltr'><strong>ἢ</strong></span> <span class='ocrx_word' id='word_1_23' title='bbox 525 220 646 251; x_wconf 83' lang='grc' dir='ltr'>διάκονος</span> <span class='ocrx_word' id='word_1_24' title='bbox 674 219 767 251; x_wconf 81' lang='grc' dir='ltr'><strong>τόκους</strong></span> <span class='ocrx_word' id='word_1_25' title='bbox 796 219 874 246; x_wconf 84' lang='grc' dir='ltr'>ἀπαι-</span> 
     </span>
    </p>
   </div>
   <div class='ocr_carea' id='block_1_5' title="bbox 970 215 1744 262">
    <p class='ocr_par' dir='ltr' id='par_1_5' title="bbox 972 215 1744 262">
     <span class='ocr_line' id='line_1_5' title="bbox 972 215 1744 262; baseline 0.001 -16"><span class='ocrx_word' id='word_1_26' title='bbox 972 225 1090 256; x_wconf 87' lang='lat' dir='ltr'><strong>scspus,</strong></span> <span class='ocrx_word' id='word_1_27' title='bbox 1105 220 1155 247; x_wconf 87' lang='lat' dir='ltr'><strong>aut</strong></span> <span class='ocrx_word' id='word_1_28' title='bbox 1170 216 1334 257; x_wconf 68' lang='lat' dir='ltr'><strong>presbyter,</strong></span> <span class='ocrx_word' id='word_1_29' title='bbox 1351 220 1402 247; x_wconf 85' lang='lat' dir='ltr'><strong>aut</strong></span> <span class='ocrx_word' id='word_1_30' title='bbox 1417 215 1571 257; x_wconf 82' lang='lat' dir='ltr'><strong>diaconus,</strong></span> <span class='ocrx_word' id='word_1_31' title='bbox 1588 226 1693 247; x_wconf 83' lang='lat' dir='ltr'><strong>usuras</strong></span> <span class='ocrx_word' id='word_1_32' title='bbox 1708 216 1744 262; x_wconf 86' lang='lat' dir='ltr'><strong>ab</strong></span> 
     </span>
    </p>
   </div>
   <div class='ocr_carea' id='block_1_6' title="bbox 49 263 872 312">
    <p class='ocr_par' dir='ltr' id='par_1_6' title="bbox 49 263 872 312">
     <span class='ocr_line' id='line_1_6' title="bbox 49 263 872 312; baseline -0.005 -18"><span class='ocrx_word' id='word_1_33' title='bbox 49 270 101 295; x_wconf 85' lang='grc' dir='ltr'>τῶν</span> <span class='ocrx_word' id='word_1_34' title='bbox 116 267 176 299; x_wconf 80' lang='grc' dir='ltr'>τοὺς</span> <span class='ocrx_word' id='word_1_35' title='bbox 189 266 396 305; x_wconf 77' lang='grc' dir='ltr'><strong>δανειζομένους1</strong></span> <span class='ocrx_word' id='word_1_36' title='bbox 413 267 431 300; x_wconf 81' lang='grc' dir='ltr'>ἣ</span> <span class='ocrx_word' id='word_1_37' title='bbox 468 265 621 301; x_wconf 80' lang='grc' dir='ltr'>παυσάσθω,</span> <span class='ocrx_word' id='word_1_38' title='bbox 652 263 669 297; x_wconf 70' lang='grc' dir='ltr'><strong>ἢ</strong></span> <span class='ocrx_word' id='word_1_39' title='bbox 690 264 872 312; x_wconf 72' lang='grc' dir='ltr'>καθαιρείσθω,</span> 
     </span>
    </p>
   </div>
   <div class='ocr_carea' id='block_1_7' title="bbox 51 307 874 350">
    <p class='ocr_par' dir='ltr' id='par_1_7' title="bbox 51 307 874 350">
     <span class='ocr_line' id='line_1_7' title="bbox 51 307 874 350; baseline -0.006 -10"><span class='ocrx_word' id='word_1_40' title='bbox 51 311 100 340; x_wconf 80' lang='grc' dir='ltr'><strong>Καὶ</strong></span> <span class='ocrx_word' id='word_1_41' title='bbox 122 313 136 339; x_wconf 76' lang='grc' dir='ltr'><strong>ὁ</strong></span> <span class='ocrx_word' id='word_1_42' title='bbox 149 307 184 347; x_wconf 85' lang='grc' dir='ltr'><strong>ιζ’</strong></span> <span class='ocrx_word' id='word_1_43' title='bbox 197 312 283 340; x_wconf 85' lang='grc' dir='ltr'>κανὼν</span> <span class='ocrx_word' id='word_1_44' title='bbox 313 314 362 345; x_wconf 70' lang='grc' dir='ltr'>τῆς</span> <span class='ocrx_word' id='word_1_45' title='bbox 398 311 473 350; x_wconf 83' lang='grc' dir='ltr'>ἁγίας</span> <span class='ocrx_word' id='word_1_46' title='bbox 502 311 546 338; x_wconf 76' lang='grc' dir='ltr'><strong>καὶ</strong></span> <span class='ocrx_word' id='word_1_47' title='bbox 571 309 753 346; x_wconf 79' lang='grc' dir='ltr'>οἷκουμενικῆς</span> <span class='ocrx_word' id='word_1_48' title='bbox 769 307 796 336; x_wconf 81' lang='grc' dir='ltr'>α’</span> <span class='ocrx_word' id='word_1_49' title='bbox 811 318 874 335; x_wconf 88' lang='grc' dir='ltr'>συν-</span> 
     </span>
    </p>
   </div>
   <div class='ocr_carea' id='block_1_8' title="bbox 50 353 875 390">
    <p class='ocr_par' dir='ltr' id='par_1_8' title="bbox 50 353 875 390">
     <span class='ocr_line' id='line_1_8' title="bbox 50 353 875 390; baseline -0.005 -7"><span class='ocrx_word' id='word_1_50' title='bbox 50 354 109 385; x_wconf 83' lang='grc' dir='ltr'>όδου</span> <span class='ocrx_word' id='word_1_51' title='bbox 129 359 210 384; x_wconf 79' lang='grc' dir='ltr'>ταῦτα</span> <span class='ocrx_word' id='word_1_52' title='bbox 225 355 344 389; x_wconf 76' lang='grc' dir='ltr'><strong>διέξεισιν</strong></span> <span class='ocrx_word' id='word_1_53' title='bbox 362 363 369 370; x_wconf 88' lang='grc'>⁶</span> <span class='ocrx_word' id='word_1_54' title='bbox 407 354 517 388; x_wconf 79' lang='grc' dir='ltr'>Ἐπειδή</span> <span class='ocrx_word' id='word_1_55' title='bbox 546 353 640 382; x_wconf 79' lang='grc' dir='ltr'>πολλοὶ</span> <span class='ocrx_word' id='word_1_56' title='bbox 664 353 692 381; x_wconf 85' lang='grc' dir='ltr'>ἐν</span> <span class='ocrx_word' id='word_1_57' title='bbox 720 355 759 390; x_wconf 85' lang='grc' dir='ltr'>τῷ</span> <span class='ocrx_word' id='word_1_58' title='bbox 785 353 875 380; x_wconf 87' lang='grc' dir='ltr'>κανόνι</span> 
     </span>
    </p>
   </div>
   <div class='ocr_carea' id='block_1_9' title="bbox 50 396 875 438">
    <p class='ocr_par' dir='ltr' id='par_1_9' title="bbox 50 396 875 438">
     <span class='ocr_line' id='line_1_9' title="bbox 50 396 875 438; baseline -0.004 -11"><span class='ocrx_word' id='word_1_59' title='bbox 50 400 241 438; x_wconf 75' lang='grc' dir='ltr'><strong>ἐξεταζόμενοι,</strong></span> <span class='ocrx_word' id='word_1_60' title='bbox 271 401 320 434; x_wconf 74' lang='grc' dir='ltr'>τὴν</span> <span class='ocrx_word' id='word_1_61' title='bbox 355 399 505 432; x_wconf 73' lang='grc' dir='ltr'><strong>πλεονεξίαν</strong></span> <span class='ocrx_word' id='word_1_62' title='bbox 542 399 587 427; x_wconf 75' lang='grc' dir='ltr'><strong>καὶ</strong></span> <span class='ocrx_word' id='word_1_63' title='bbox 617 399 647 426; x_wconf 73' lang='grc' dir='ltr'><strong>τὸ</strong></span> <span class='ocrx_word' id='word_1_64' title='bbox 690 396 875 436; x_wconf 75' lang='grc' dir='ltr'>αἱσγροκερδὲς</span> 
     </span>
    </p>
   </div>
   <div class='ocr_carea' id='block_1_10' title="bbox 49 441 875 485">
    <p class='ocr_par' dir='ltr' id='par_1_10' title="bbox 49 441 875 485">
     <span class='ocr_line' id='line_1_10' title="bbox 49 441 875 485; baseline -0.005 -12"><span class='ocrx_word' id='word_1_65' title='bbox 49 444 200 485; x_wconf 73' lang='grc' dir='ltr'><strong>διώκοντες²</strong></span> <span class='ocrx_word' id='word_1_66' title='bbox 215 444 374 474; x_wconf 81' lang='grc' dir='ltr'>ἐπελάθοντο</span> <span class='ocrx_word' id='word_1_67' title='bbox 406 448 450 472; x_wconf 79' lang='grc' dir='ltr'><strong>τοῦ</strong></span> <span class='ocrx_word' id='word_1_68' title='bbox 486 444 554 472; x_wconf 81' lang='grc' dir='ltr'>θείου</span> <span class='ocrx_word' id='word_1_69' title='bbox 582 443 753 482; x_wconf 79' lang='grc' dir='ltr'>Γράμματος,</span> <span class='ocrx_word' id='word_1_70' title='bbox 780 441 875 480; x_wconf 74' lang='grc' dir='ltr'>λεγον-</span> 
     </span>
    </p>
   </div>
   <div class='ocr_carea' id='block_1_11' title="bbox 50 487 880 529">
    <p class='ocr_par' dir='ltr' id='par_1_11' title="bbox 50 487 880 529">
     <span class='ocr_line' id='line_1_11' title="bbox 50 487 880 529; baseline -0.005 -12"><span class='ocrx_word' id='word_1_71' title='bbox 50 500 107 527; x_wconf 83' lang='grc' dir='ltr'>τος,</span> <span class='ocrx_word' id='word_1_72' title='bbox 132 491 167 519; x_wconf 82' lang='grc' dir='ltr'><strong>Τὸ</strong></span> <span class='ocrx_word' id='word_1_73' title='bbox 188 490 310 529; x_wconf 86' lang='grc' dir='ltr'>ἀργύριον</span> <span class='ocrx_word' id='word_1_74' title='bbox 333 490 410 519; x_wconf 74' lang='grc' dir='ltr'>αὐτοῦ</span> <span class='ocrx_word' id='word_1_75' title='bbox 445 490 491 517; x_wconf 72' lang='grc' dir='ltr'><strong>οὒκ</strong></span> <span class='ocrx_word' id='word_1_76' title='bbox 512 487 608 516; x_wconf 74' lang='grc' dir='ltr'>ἔδωκεν</span> <span class='ocrx_word' id='word_1_77' title='bbox 637 487 680 515; x_wconf 76' lang='grc' dir='ltr'>ἐπὶ</span> <span class='ocrx_word' id='word_1_78' title='bbox 707 487 779 523; x_wconf 83' lang='grc' dir='ltr'>τόκῳ</span> <span class='ocrx_word' id='word_1_79' title='bbox 795 494 802 501; x_wconf 89' lang='grc'>·</span> <span class='ocrx_word' id='word_1_80' title='bbox 835 487 880 514; x_wconf 77' lang='grc' dir='ltr'>καὶ</span> 
     </span>
    </p>
   </div>
   <div class='ocr_carea' id='block_1_12' title="bbox 51 530 880 569">
    <p class='ocr_par' dir='ltr' id='par_1_12' title="bbox 51 530 880 569">
     <span class='ocr_line' id='line_1_12' title="bbox 51 530 880 569; baseline -0.005 -8"><span class='ocrx_word' id='word_1_81' title='bbox 51 533 209 569; x_wconf 69' lang='grc' dir='ltr'>δανείζοντες</span> <span class='ocrx_word' id='word_1_82' title='bbox 253 534 398 566; x_wconf 79' lang='grc' dir='ltr'>ἑκατοστὰς</span> <span class='ocrx_word' id='word_1_83' title='bbox 445 533 611 569; x_wconf 67' lang='grc' dir='ltr'><strong>ἀπαιτοῦσιν,</strong></span> <span class='ocrx_word' id='word_1_84' title='bbox 671 530 822 559; x_wconf 69' lang='grc' dir='ltr'>ἐδικαίωσεν</span> <span class='ocrx_word' id='word_1_85' title='bbox 862 531 880 564; x_wconf 78' lang='grc' dir='ltr'>ἡ</span> 
     </span>
    </p>
   </div>
   <div class='ocr_carea' id='block_1_13' title="bbox 52 575 881 618">
    <p class='ocr_par' dir='ltr' id='par_1_13' title="bbox 52 575 881 618">
     <span class='ocr_line' id='line_1_13' title="bbox 52 575 881 618; baseline -0.007 -11"><span class='ocrx_word' id='word_1_86' title='bbox 52 579 114 618; x_wconf 81' lang='grc' dir='ltr'>ἁγία</span> <span class='ocrx_word' id='word_1_87' title='bbox 129 580 172 607; x_wconf 88' lang='grc' dir='ltr'><strong>καὶ</strong></span> <span class='ocrx_word' id='word_1_88' title='bbox 194 579 298 618; x_wconf 82' lang='grc' dir='ltr'>μεγάλη</span> <span class='ocrx_word' id='word_1_89' title='bbox 327 578 443 618; x_wconf 69' lang='grc' dir='ltr'>σύνοδος,</span> <span class='ocrx_word' id='word_1_90' title='bbox 474 578 510 609; x_wconf 85' lang='grc' dir='ltr'>ὡς</span> <span class='ocrx_word' id='word_1_91' title='bbox 547 576 573 604; x_wconf 74' lang='grc' dir='ltr'>εἴ</span> <span class='ocrx_word' id='word_1_92' title='bbox 600 588 640 608; x_wconf 88' lang='grc' dir='ltr'><strong>τις</strong></span> <span class='ocrx_word' id='word_1_93' title='bbox 668 575 783 615; x_wconf 72' lang='grc' dir='ltr'>εὒρεθείη</span> <span class='ocrx_word' id='word_1_94' title='bbox 814 575 881 612; x_wconf 57' lang='lat' dir='ltr'><strong>una</strong></span> 
     </span>
    </p>
   </div>
   <div class='ocr_carea' id='block_1_14' title="bbox 51 620 880 663">
    <p class='ocr_par' dir='ltr' id='par_1_14' title="bbox 51 620 880 663">
     <span class='ocr_line' id='line_1_14' title="bbox 51 620 880 663; baseline -0.005 -12"><span class='ocrx_word' id='word_1_95' title='bbox 51 624 99 651; x_wconf 82' lang='grc' dir='ltr'>τὸν</span> <span class='ocrx_word' id='word_1_96' title='bbox 113 622 172 663; x_wconf 79' lang='grc' dir='ltr'>ὅρον</span> <span class='ocrx_word' id='word_1_97' title='bbox 187 627 280 652; x_wconf 82' lang='grc' dir='ltr'>τοῦτον</span> <span class='ocrx_word' id='word_1_98' title='bbox 294 624 387 654; x_wconf 78' lang='grc' dir='ltr'>τόκους</span> <span class='ocrx_word' id='word_1_99' title='bbox 422 621 564 660; x_wconf 76' lang='grc' dir='ltr'>λαμϐάνων</span> <span class='ocrx_word' id='word_1_100' title='bbox 593 621 623 649; x_wconf 79' lang='grc' dir='ltr'>ἐκ</span> <span class='ocrx_word' id='word_1_101' title='bbox 650 620 880 660; x_wconf 74' lang='grc' dir='ltr'>μετὰχειρήσεως,</span> 
     </span>
    </p>
   </div>
   <div class='ocr_carea' id='block_1_15' title="bbox 915 260 1745 302">
    <p class='ocr_par' dir='ltr' id='par_1_15' title="bbox 915 260 1745 302">
     <span class='ocr_line' id='line_1_15' title="bbox 915 260 1745 302; baseline 0.002 -12"><span class='ocrx_word' id='word_1_102' title='bbox 915 260 952 290; x_wconf 92' lang='lat' dir='ltr'><strong>iis</strong></span> <span class='ocrx_word' id='word_1_103' title='bbox 968 261 1100 299; x_wconf 82' lang='lat' dir='ltr'><strong>exigens,</strong></span> <span class='ocrx_word' id='word_1_104' title='bbox 1115 260 1224 301; x_wconf 89' lang='lat' dir='ltr'><strong>quibus</strong></span> <span class='ocrx_word' id='word_1_105' title='bbox 1240 265 1374 291; x_wconf 90' lang='lat' dir='ltr'><strong>mutuum</strong></span> <span class='ocrx_word' id='word_1_106' title='bbox 1388 260 1480 299; x_wconf 83' lang='lat' dir='ltr'><strong>dedit,</strong></span> <span class='ocrx_word' id='word_1_107' title='bbox 1498 261 1544 292; x_wconf 87' lang='lat' dir='ltr'><strong>vel</strong></span> <span class='ocrx_word' id='word_1_108' title='bbox 1561 261 1687 302; x_wconf 80' lang='lat' dir='ltr'><strong>desinat,</strong></span> <span class='ocrx_word' id='word_1_109' title='bbox 1698 261 1745 292; x_wconf 85' lang='lat' dir='ltr'><strong>vel</strong></span> 
     </span>
    </p>
   </div>
   <div class='ocr_carea' id='block_1_16' title="bbox 917 304 1741 345">
    <p class='ocr_par' dir='ltr' id='par_1_16' title="bbox 917 304 1741 345">
     <span class='ocr_line' id='line_1_16' title="bbox 917 304 1741 345; baseline 0.004 -11"><span class='ocrx_word' id='word_1_110' title='bbox 917 304 1091 344; x_wconf 80' lang='lat' dir='ltr'><strong>deponatur.</strong></span> <span class='ocrx_word' id='word_1_111' title='bbox 1112 307 1148 336; x_wconf 82' lang='lat' dir='ltr'><strong>Et</strong></span> <span class='ocrx_word' id='word_1_112' title='bbox 1177 306 1211 336; x_wconf 86' lang='grc'>17</span> <span class='ocrx_word' id='word_1_113' title='bbox 1227 315 1321 336; x_wconf 88' lang='lat' dir='ltr'><strong>canon</strong></span> <span class='ocrx_word' id='word_1_114' title='bbox 1337 310 1447 336; x_wconf 61' lang='lat' dir='ltr'><strong>sanctae</strong></span> <span class='ocrx_word' id='word_1_115' title='bbox 1477 306 1712 345; x_wconf 61' lang='lat' dir='ltr'><strong>etjaacumenicaa</strong></span> <span class='ocrx_word' id='word_1_116' title='bbox 1730 307 1741 337; x_wconf 84' lang='lat' dir='ltr'><strong>l</strong></span> 
     </span>
    </p>
   </div>
   <div class='ocr_carea' id='block_1_17' title="bbox 918 349 1744 390">
    <p class='ocr_par' dir='ltr' id='par_1_17' title="bbox 918 349 1744 390">
     <span class='ocr_line' id='line_1_17' title="bbox 918 349 1744 390; baseline 0.004 -11"><span class='ocrx_word' id='word_1_117' title='bbox 918 349 1021 389; x_wconf 77' lang='lat' dir='ltr'><strong>synodi</strong></span> <span class='ocrx_word' id='word_1_118' title='bbox 1038 349 1100 380; x_wconf 64' lang='lat' dir='ltr'><strong>haec</strong></span> <span class='ocrx_word' id='word_1_119' title='bbox 1114 359 1120 380; x_wconf 90' lang='lat'>:</span> <span class='ocrx_word' id='word_1_120' title='bbox 1135 349 1282 386; x_wconf 82' lang='lat' dir='ltr'><strong>Quoniam</strong></span> <span class='ocrx_word' id='word_1_121' title='bbox 1290 350 1386 387; x_wconf 87' lang='lat' dir='ltr'><strong>multi,</strong></span> <span class='ocrx_word' id='word_1_122' title='bbox 1403 350 1453 390; x_wconf 90' lang='lat' dir='ltr'><strong>qui</strong></span> <span class='ocrx_word' id='word_1_123' title='bbox 1468 350 1499 381; x_wconf 91' lang='lat' dir='ltr'><strong>in</strong></span> <span class='ocrx_word' id='word_1_124' title='bbox 1508 360 1621 381; x_wconf 86' lang='lat' dir='ltr'><strong>canone</strong></span> <span class='ocrx_word' id='word_1_125' title='bbox 1635 360 1744 382; x_wconf 91' lang='lat' dir='ltr'><strong>recen-</strong></span> 
     </span>
    </p>
   </div>
   <div class='ocr_carea' id='block_1_18' title="bbox 919 394 1746 436">
    <p class='ocr_par' dir='ltr' id='par_1_18' title="bbox 919 394 1746 436">
     <span class='ocr_line' id='line_1_18' title="bbox 919 394 1746 436; baseline 0.004 -13"><span class='ocrx_word' id='word_1_126' title='bbox 919 397 1032 431; x_wconf 87' lang='lat' dir='ltr'><strong>sentur,</strong></span> <span class='ocrx_word' id='word_1_127' title='bbox 1061 394 1148 434; x_wconf 88' lang='lat' dir='ltr'><strong>plura</strong></span> <span class='ocrx_word' id='word_1_128' title='bbox 1174 394 1302 425; x_wconf 84' lang='lat' dir='ltr'><strong>habendi</strong></span> <span class='ocrx_word' id='word_1_129' title='bbox 1330 394 1461 426; x_wconf 90' lang='lat' dir='ltr'><strong>studium</strong></span> <span class='ocrx_word' id='word_1_130' title='bbox 1483 401 1512 425; x_wconf 86' lang='lat' dir='ltr'><strong>et</strong></span> <span class='ocrx_word' id='word_1_131' title='bbox 1529 399 1614 436; x_wconf 88' lang='lat' dir='ltr'><strong>turpe</strong></span> <span class='ocrx_word' id='word_1_132' title='bbox 1629 396 1746 426; x_wconf 91' lang='lat' dir='ltr'><strong>lucrum</strong></span> 
     </span>
    </p>
   </div>
   <div class='ocr_carea' id='block_1_19' title="bbox 923 439 1747 481">
    <p class='ocr_par' dir='ltr' id='par_1_19' title="bbox 923 439 1747 481">
     <span class='ocr_line' id='line_1_19' title="bbox 923 439 1747 481; baseline 0.004 -13"><span class='ocrx_word' id='word_1_133' title='bbox 923 443 1146 478; x_wconf 76' lang='lat' dir='ltr'><strong>persequentes,</strong></span> <span class='ocrx_word' id='word_1_134' title='bbox 1175 439 1281 470; x_wconf 63' lang='lat' dir='ltr'><strong>divinae</strong></span> <span class='ocrx_word' id='word_1_135' title='bbox 1303 439 1463 479; x_wconf 59' lang='lat' dir='ltr'><strong>Scriptura;</strong></span> <span class='ocrx_word' id='word_1_136' title='bbox 1487 439 1570 470; x_wconf 83' lang='lat' dir='ltr'><strong>obliti</strong></span> <span class='ocrx_word' id='word_1_137' title='bbox 1585 445 1665 480; x_wconf 86' lang='lat' dir='ltr'><strong>sunt,</strong></span> <span class='ocrx_word' id='word_1_138' title='bbox 1681 449 1747 481; x_wconf 65' lang='lat' dir='ltr'><strong>qua;</strong></span> 
     </span>
    </p>
   </div>
   <div class='ocr_carea' id='block_1_20' title="bbox 924 482 1748 524">
    <p class='ocr_par' dir='ltr' id='par_1_20' title="bbox 924 482 1748 524">
     <span class='ocr_line' id='line_1_20' title="bbox 924 482 1748 524; baseline 0.001 -11"><span class='ocrx_word' id='word_1_139' title='bbox 924 482 995 513; x_wconf 90' lang='lat' dir='ltr'><strong>dicit</strong></span> <span class='ocrx_word' id='word_1_140' title='bbox 1011 492 1017 514; x_wconf 91' lang='lat'>:</span> <span class='ocrx_word' id='word_1_141' title='bbox 1035 486 1196 523; x_wconf 77' lang='lat' dir='ltr'><strong>Argentum</strong></span> <span class='ocrx_word' id='word_1_142' title='bbox 1212 494 1297 514; x_wconf 90' lang='lat' dir='ltr'><strong>suum</strong></span> <span class='ocrx_word' id='word_1_143' title='bbox 1323 493 1383 514; x_wconf 91' lang='lat' dir='ltr'><strong>non</strong></span> <span class='ocrx_word' id='word_1_144' title='bbox 1399 483 1532 524; x_wconf 60' lang='lat' dir='ltr'><strong>dedit.ad</strong></span> <span class='ocrx_word' id='word_1_145' title='bbox 1558 493 1679 515; x_wconf 83' lang='lat' dir='ltr'><strong>usuram</strong></span> <span class='ocrx_word' id='word_1_146' title='bbox 1693 495 1701 523; x_wconf 83' lang='lat'><strong>;</strong></span> <span class='ocrx_word' id='word_1_147' title='bbox 1718 487 1748 516; x_wconf 89' lang='lat' dir='ltr'><strong>et</strong></span> 
     </span>
    </p>
   </div>
   <div class='ocr_carea' id='block_1_21' title="bbox 923 526 1749 569">
    <p class='ocr_par' dir='ltr' id='par_1_21' title="bbox 923 526 1749 569">
     <span class='ocr_line' id='line_1_21' title="bbox 923 526 1749 569; baseline 0.004 -13"><span class='ocrx_word' id='word_1_148' title='bbox 923 526 1091 558; x_wconf 85' lang='lat' dir='ltr'><strong>fenerantes</strong></span> <span class='ocrx_word' id='word_1_149' title='bbox 1116 528 1293 559; x_wconf 87' lang='lat' dir='ltr'><strong>centesimas</strong></span> <span class='ocrx_word' id='word_1_150' title='bbox 1320 529 1463 568; x_wconf 82' lang='lat' dir='ltr'><strong>exigunt:</strong></span> <span class='ocrx_word' id='word_1_151' title='bbox 1488 537 1604 569; x_wconf 65' lang='lat' dir='ltr'><strong>aequum</strong></span> <span class='ocrx_word' id='word_1_152' title='bbox 1632 528 1749 560; x_wconf 87' lang='lat' dir='ltr'><strong>censuit</strong></span> 
     </span>
    </p>
   </div>
   <div class='ocr_carea' id='block_1_22' title="bbox 924 573 1747 614">
    <p class='ocr_par' dir='ltr' id='par_1_22' title="bbox 924 573 1747 614">
     <span class='ocr_line' id='line_1_22' title="bbox 924 573 1747 614; baseline 0.004 -13"><span class='ocrx_word' id='word_1_153' title='bbox 924 577 1024 602; x_wconf 90' lang='lat' dir='ltr'><strong>sancta</strong></span> <span class='ocrx_word' id='word_1_154' title='bbox 1040 579 1068 603; x_wconf 81' lang='lat' dir='ltr'><strong>et</strong></span> <span class='ocrx_word' id='word_1_155' title='bbox 1081 582 1185 612; x_wconf 84' lang='lat' dir='ltr'><strong>magna</strong></span> <span class='ocrx_word' id='word_1_156' title='bbox 1200 574 1342 612; x_wconf 88' lang='lat' dir='ltr'><strong>synodus,</strong></span> <span class='ocrx_word' id='word_1_157' title='bbox 1360 578 1391 603; x_wconf 90' lang='lat' dir='ltr'><strong>ut</strong></span> <span class='ocrx_word' id='word_1_158' title='bbox 1408 573 1432 604; x_wconf 91' lang='lat' dir='ltr'><strong>si</strong></span> <span class='ocrx_word' id='word_1_159' title='bbox 1447 573 1667 614; x_wconf 67' lang='lat' dir='ltr'><strong>quis&#39;;inventus</strong></span> <span class='ocrx_word' id='word_1_160' title='bbox 1680 573 1747 604; x_wconf 86' lang='lat' dir='ltr'><strong>fue-</strong></span> 
     </span>
    </p>
   </div>
   <div class='ocr_carea' id='block_1_23' title="bbox 926 616 1748 657">
    <p class='ocr_par' dir='ltr' id='par_1_23' title="bbox 926 616 1748 657">
     <span class='ocr_line' id='line_1_23' title="bbox 926 616 1748 657; baseline 0.004 -11"><span class='ocrx_word' id='word_1_161' title='bbox 926 616 963 646; x_wconf 88' lang='lat' dir='ltr'><strong>rit</strong></span> <span class='ocrx_word' id='word_1_162' title='bbox 976 621 1041 656; x_wconf 90' lang='lat' dir='ltr'><strong>post</strong></span> <span class='ocrx_word' id='word_1_163' title='bbox 1058 618 1113 648; x_wconf 90' lang='lat' dir='ltr'><strong>hoc</strong></span> <span class='ocrx_word' id='word_1_164' title='bbox 1142 622 1280 648; x_wconf 88' lang='lat' dir='ltr'><strong>statutum</strong></span> <span class='ocrx_word' id='word_1_165' title='bbox 1310 627 1412 649; x_wconf 91' lang='lat' dir='ltr'><strong>usuras</strong></span> <span class='ocrx_word' id='word_1_166' title='bbox 1440 623 1541 650; x_wconf 90' lang='lat' dir='ltr'><strong>mutuo</strong></span> <span class='ocrx_word' id='word_1_167' title='bbox 1557 627 1688 657; x_wconf 86' lang='lat' dir='ltr'><strong>sumere,</strong></span> <span class='ocrx_word' id='word_1_168' title='bbox 1703 618 1748 649; x_wconf 88' lang='lat' dir='ltr'><strong>vel</strong></span> 
     </span>
    </p>
   </div>
   <div class='ocr_carea' id='block_1_24' title="bbox 53 663 878 708">
    <p class='ocr_par' dir='ltr' id='par_1_24' title="bbox 53 664 878 708">
     <span class='ocr_line' id='line_1_24' title="bbox 53 664 878 708; baseline -0.008 -11"><span class='ocrx_word' id='word_1_169' title='bbox 53 668 70 702; x_wconf 76' lang='grc' dir='ltr'>ἢ</span> <span class='ocrx_word' id='word_1_170' title='bbox 88 667 177 700; x_wconf 72' lang='grc' dir='ltr'>ἄλλως</span> <span class='ocrx_word' id='word_1_171' title='bbox 190 669 371 708; x_wconf 70' lang='grc' dir='ltr'>ὶπερχόμενος</span> <span class='ocrx_word' id='word_1_172' title='bbox 396 668 427 695; x_wconf 82' lang='grc' dir='ltr'>τὸ</span> <span class='ocrx_word' id='word_1_173' title='bbox 454 669 573 706; x_wconf 82' lang='grc' dir='ltr'>πρᾶγμα,</span> <span class='ocrx_word' id='word_1_174' title='bbox 610 664 629 698; x_wconf 69' lang='grc' dir='ltr'>ἦ</span> <span class='ocrx_word' id='word_1_175' title='bbox 643 664 778 703; x_wconf 75' lang='grc' dir='ltr'>[ἡμιολίας</span> <span class='ocrx_word' id='word_1_176' title='bbox 808 664 878 691; x_wconf 82' lang='grc' dir='ltr'>ἀπαι-</span> 
     </span>
    </p>
   </div>
   <div class='ocr_carea' id='block_1_25' title="bbox 970 663 1748 708">
    <p class='ocr_par' dir='ltr' id='par_1_25' title="bbox 970 663 1748 704">
     <span class='ocr_line' id='line_1_25' title="bbox 970 663 1748 704; baseline 0.004 -13"><span class='ocrx_word' id='word_1_177' title='bbox 970 671 990 691; x_wconf 89' lang='lat' dir='ltr'><strong>n</strong></span> <span class='ocrx_word' id='word_1_178' title='bbox 1005 671 1067 692; x_wconf 88' lang='lat' dir='ltr'><strong>rem</strong></span> <span class='ocrx_word' id='word_1_179' title='bbox 1094 663 1179 693; x_wconf 83' lang='lat' dir='ltr'><strong>aliter</strong></span> <span class='ocrx_word' id='word_1_180' title='bbox 1209 663 1358 704; x_wconf 89' lang='lat' dir='ltr'><strong>persequi,</strong></span> <span class='ocrx_word' id='word_1_181' title='bbox 1388 664 1433 694; x_wconf 90' lang='lat' dir='ltr'><strong>vel</strong></span> <span class='ocrx_word' id='word_1_182' title='bbox 1449 664 1548 704; x_wconf 88' lang='lat' dir='ltr'><strong>sesqui</strong></span> <span class='ocrx_word' id='word_1_183' title='bbox 1562 663 1670 695; x_wconf 85' lang='lat' dir='ltr'><strong>alteras</strong></span> <span class='ocrx_word' id='word_1_184' title='bbox 1685 663 1748 695; x_wconf 84' lang='lat' dir='ltr'><strong>exi-</strong></span> 
     </span>
    </p>
   </div>
   <div class='ocr_carea' id='block_1_26' title="bbox 53 708 880 752">
    <p class='ocr_par' dir='ltr' id='par_1_26' title="bbox 53 708 880 752">
     <span class='ocr_line' id='line_1_26' title="bbox 53 708 880 752; baseline -0.007 -11"><span class='ocrx_word' id='word_1_185' title='bbox 53 716 119 750; x_wconf 83' lang='grc' dir='ltr'>τῶν,</span> <span class='ocrx_word' id='word_1_186' title='bbox 150 712 167 746; x_wconf 73' lang='grc' dir='ltr'><strong>ἢ</strong></span> <span class='ocrx_word' id='word_1_187' title='bbox 196 713 283 752; x_wconf 73' lang='grc' dir='ltr'>ἕτερόν</span> <span class='ocrx_word' id='word_1_188' title='bbox 329 724 354 740; x_wconf 91' lang='grc' dir='ltr'><strong>τι</strong></span> <span class='ocrx_word' id='word_1_189' title='bbox 394 711 506 740; x_wconf 73' lang='grc' dir='ltr'>ἐπινοῶν</span> <span class='ocrx_word' id='word_1_190' title='bbox 544 708 757 749; x_wconf 77' lang='grc' dir='ltr'>αἰσχροκερδείας</span> <span class='ocrx_word' id='word_1_191' title='bbox 793 708 880 743; x_wconf 75' lang='grc' dir='ltr'>ἕνεκα,</span> 
     </span>
    </p>
   </div>
   <div class='ocr_carea' id='block_1_27' title="bbox 53 753 880 796">
    <p class='ocr_par' dir='ltr' id='par_1_27' title="bbox 53 753 880 796">
     <span class='ocr_line' id='line_1_27' title="bbox 53 753 880 796; baseline -0.006 -11"><span class='ocrx_word' id='word_1_192' title='bbox 53 758 269 796; x_wconf 76' lang='grc' dir='ltr'>καθαιρεθήτεται</span> <span class='ocrx_word' id='word_1_193' title='bbox 294 760 340 785; x_wconf 85' lang='grc' dir='ltr'><strong>τοῦ</strong></span> <span class='ocrx_word' id='word_1_194' title='bbox 367 756 477 795; x_wconf 71' lang='grc' dir='ltr'>κλήρου,</span> <span class='ocrx_word' id='word_1_195' title='bbox 514 755 557 783; x_wconf 85' lang='grc' dir='ltr'><strong>καὶ</strong></span> <span class='ocrx_word' id='word_1_196' title='bbox 585 753 721 793; x_wconf 84' lang='grc' dir='ltr'>ἁλλοτρίος</span> <span class='ocrx_word' id='word_1_197' title='bbox 750 753 796 781; x_wconf 74' lang='grc' dir='ltr'><strong>τοῦ</strong></span> <span class='ocrx_word' id='word_1_198' title='bbox 830 763 880 780; x_wconf 70' lang='grc' dir='ltr'>και</span> 
     </span>
    </p>
   </div>
   <div class='ocr_carea' id='block_1_28' title="bbox 54 797 882 840">
    <p class='ocr_par' dir='ltr' id='par_1_28' title="bbox 54 797 882 840">
     <span class='ocr_line' id='line_1_28' title="bbox 54 797 882 840; baseline -0.008 -10"><span class='ocrx_word' id='word_1_199' title='bbox 54 802 129 834; x_wconf 86' lang='grc' dir='ltr'>νόνος</span> <span class='ocrx_word' id='word_1_200' title='bbox 157 802 242 833; x_wconf 77' lang='grc' dir='ltr'>ἔσται,</span> <span class='ocrx_word' id='word_1_201' title='bbox 265 802 302 830; x_wconf 85' lang='grc' dir='ltr'><strong>Τὰ</strong></span> <span class='ocrx_word' id='word_1_202' title='bbox 331 801 395 829; x_wconf 76' lang='grc' dir='ltr'>αὐτά</span> <span class='ocrx_word' id='word_1_203' title='bbox 423 811 487 840; x_wconf 71' lang='grc' dir='ltr'>φησι</span> <span class='ocrx_word' id='word_1_204' title='bbox 503 800 547 828; x_wconf 87' lang='grc' dir='ltr'><strong>καὶ</strong></span> <span class='ocrx_word' id='word_1_205' title='bbox 569 800 582 827; x_wconf 81' lang='grc' dir='ltr'>ὁ</span> <span class='ocrx_word' id='word_1_206' title='bbox 610 797 631 825; x_wconf 84' lang='grc' dir='ltr'><strong>δ’</strong></span> <span class='ocrx_word' id='word_1_207' title='bbox 668 798 754 826; x_wconf 84' lang='grc' dir='ltr'>κανὼν</span> <span class='ocrx_word' id='word_1_208' title='bbox 776 797 825 830; x_wconf 75' lang='grc' dir='ltr'>τῆς</span> <span class='ocrx_word' id='word_1_209' title='bbox 855 797 882 824; x_wconf 81' lang='grc' dir='ltr'>ὲν</span> 
     </span>
    </p>
   </div>
   <div class='ocr_carea' id='block_1_29' title="bbox 58 844 487 884">
    <p class='ocr_par' dir='ltr' id='par_1_29' title="bbox 58 844 487 884">
     <span class='ocr_line' id='line_1_29' title="bbox 58 844 487 884; baseline -0.002 -11"><span class='ocrx_word' id='word_1_210' title='bbox 58 845 197 881; x_wconf 78' lang='grc' dir='ltr'>Λαοδικείᾳ</span> <span class='ocrx_word' id='word_1_211' title='bbox 212 844 328 882; x_wconf 72' lang='grc' dir='ltr'>συνόδου,</span> <span class='ocrx_word' id='word_1_212' title='bbox 344 845 388 873; x_wconf 64' lang='lat' dir='ltr'><strong>moi</strong></span> <span class='ocrx_word' id='word_1_213' title='bbox 403 844 487 884; x_wconf 74' lang='grc' dir='ltr'>ἕτεροι</span> 
     </span>
    </p>
   </div>
   <div class='ocr_carea' id='block_1_30' title="bbox 97 885 883 930">
    <p class='ocr_par' dir='ltr' id='par_1_30' title="bbox 97 885 883 930">
     <span class='ocr_line' id='line_1_30' title="bbox 97 885 883 930; baseline -0.008 -11"><span class='ocrx_word' id='word_1_214' title='bbox 97 889 243 930; x_wconf 86' lang='grc' dir='ltr'>Ἐρώτησις</span> <span class='ocrx_word' id='word_1_215' title='bbox 273 885 306 920; x_wconf 77' lang='grc' dir='ltr'><strong>ε’.</strong></span> <span class='ocrx_word' id='word_1_216' title='bbox 337 889 485 918; x_wconf 76' lang='grc' dir='ltr'>Ἀκίνὸυνόν</span> <span class='ocrx_word' id='word_1_217' title='bbox 528 887 597 916; x_wconf 81' lang='grc' dir='ltr'>ἐστιν</span> <span class='ocrx_word' id='word_1_218' title='bbox 638 887 775 926; x_wconf 72' lang='grc' dir='ltr'>ἱερατεύειν</span> <span class='ocrx_word' id='word_1_219' title='bbox 811 887 883 926; x_wconf 85' lang='grc' dir='ltr'>ὀρθο-</span> 
     </span>
    </p>
   </div>
   <div class='ocr_carea' id='block_1_31' title="bbox 55 929 883 975">
    <p class='ocr_par' dir='ltr' id='par_1_31' title="bbox 55 929 883 975">
     <span class='ocr_line' id='line_1_31' title="bbox 55 929 883 975; baseline -0.007 -12"><span class='ocrx_word' id='word_1_220' title='bbox 55 934 156 972; x_wconf 73' lang='grc' dir='ltr'>δόξους,</span> <span class='ocrx_word' id='word_1_221' title='bbox 173 935 283 975; x_wconf 74' lang='grc' dir='ltr'>Σύρους,</span> <span class='ocrx_word' id='word_1_222' title='bbox 312 935 356 962; x_wconf 81' lang='grc' dir='ltr'><strong>καὶ</strong></span> <span class='ocrx_word' id='word_1_223' title='bbox 385 933 411 966; x_wconf 73' lang='grc' dir='ltr'><strong>ἐξ</strong></span> <span class='ocrx_word' id='word_1_224' title='bbox 442 932 597 973; x_wconf 74' lang='grc' dir='ltr'>’Λρμενίων,</span> <span class='ocrx_word' id='word_1_225' title='bbox 629 931 696 959; x_wconf 81' lang='grc' dir='ltr'>ἀλλὰ</span> <span class='ocrx_word' id='word_1_226' title='bbox 725 931 778 968; x_wconf 75' lang='grc' dir='ltr'>μὴν</span> <span class='ocrx_word' id='word_1_227' title='bbox 801 931 845 975; x_wconf 67' lang='grc' dir='ltr'><strong>καὶ</strong></span> <span class='ocrx_word' id='word_1_228' title='bbox 858 929 883 962; x_wconf 76' lang='grc' dir='ltr'><strong>ἐξ</strong></span> 
     </span>
    </p>
   </div>
   <div class='ocr_carea' id='block_1_32' title="bbox 55 974 882 1019">
    <p class='ocr_par' dir='ltr' id='par_1_32' title="bbox 55 974 882 1019">
     <span class='ocr_line' id='line_1_32' title="bbox 55 974 882 1019; baseline -0.007 -12"><span class='ocrx_word' id='word_1_229' title='bbox 55 979 152 1019; x_wconf 76' lang='grc' dir='ltr'>ἑτέρων</span> <span class='ocrx_word' id='word_1_230' title='bbox 168 974 363 1019; x_wconf 20' lang='grc' dir='ltr'>χωρῶνντινὰς</span> <span class='ocrx_word' id='word_1_231' title='bbox 386 979 506 1014; x_wconf 82' lang='grc' dir='ltr'>πιστοὺς,</span> <span class='ocrx_word' id='word_1_232' title='bbox 536 977 603 1005; x_wconf 79' lang='grc' dir='ltr'>κατὰ</span> <span class='ocrx_word' id='word_1_233' title='bbox 638 977 686 1009; x_wconf 76' lang='grc' dir='ltr'>τὴν</span> <span class='ocrx_word' id='word_1_234' title='bbox 716 976 811 1004; x_wconf 80' lang='grc' dir='ltr'>οἰκείαν</span> <span class='ocrx_word' id='word_1_235' title='bbox 826 974 882 1002; x_wconf 82' lang='grc' dir='ltr'>διά-</span> 
     </span>
    </p>
   </div>
   <div class='ocr_carea' id='block_1_33' title="bbox 56 1017 883 1061">
    <p class='ocr_par' dir='ltr' id='par_1_33' title="bbox 56 1017 883 1061">
     <span class='ocr_line' id='line_1_33' title="bbox 56 1017 883 1061; baseline -0.007 -9"><span class='ocrx_word' id='word_1_236' title='bbox 56 1017 151 1052; x_wconf 82' lang='grc' dir='ltr'>λεκτον</span> <span class='ocrx_word' id='word_1_237' title='bbox 166 1017 188 1041; x_wconf 37' lang='lat' dir='ltr'><strong>&#39;H</strong></span> <span class='ocrx_word' id='word_1_238' title='bbox 254 1024 385 1054; x_wconf 86' lang='grc' dir='ltr'>παντοίως</span> <span class='ocrx_word' id='word_1_239' title='bbox 414 1023 604 1061; x_wconf 74' lang='grc' dir='ltr'>ἀναγκάζονται</span> <span class='ocrx_word' id='word_1_240' title='bbox 636 1021 704 1058; x_wconf 76' lang='grc' dir='ltr'>μετὰ</span> <span class='ocrx_word' id='word_1_241' title='bbox 733 1017 883 1052; x_wconf 74' lang='grc' dir='ltr'>Ἑλληνίδος</span> 
     </span>
    </p>
   </div>
   <div class='ocr_carea' id='block_1_34' title="bbox 57 1069 824 1113">
    <p class='ocr_par' dir='ltr' id='par_1_34' title="bbox 57 1069 824 1113">
     <span class='ocr_line' id='line_1_34' title="bbox 57 1069 824 1113; baseline 0.038 -19"><span class='ocrx_word' id='word_1_242' title='bbox 57 1069 199 1113; x_wconf 73' lang='grc' dir='ltr'>ἱερατεύειν</span> <span class='ocrx_word' id='word_1_243' title='bbox 213 1071 341 1113; x_wconf 66' lang='grc' dir='ltr'>γραφῆςς</span> <span class='ocrx_word' id='word_1_244' title='bbox 413 1111 417 1113; x_wconf 93' lang='lat'><em>_</em></span> <span class='ocrx_word' id='word_1_245' title='bbox 487 1110 494 1113; x_wconf 32' lang='grc' dir='ltr'><strong>Α</strong></span> <span class='ocrx_word' id='word_1_246' title='bbox 530 1110 534 1113; x_wconf 33' lang='grc' dir='ltr'><em>Α</em></span> <span class='ocrx_word' id='word_1_247' title='bbox 587 1110 592 1113; x_wconf 93' lang='grc'>.</span> <span class='ocrx_word' id='word_1_248' title='bbox 695 1112 699 1113; x_wconf 49' lang='grc' dir='ltr'><em>ν</em></span> <span class='ocrx_word' id='word_1_249' title='bbox 736 1108 743 1113; x_wconf 86' lang='lat'><strong><em>-</em></strong></span> <span class='ocrx_word' id='word_1_250' title='bbox 818 1104 824 1113; x_wconf 87' lang='lat'><em>&#39;</em></span> 
     </span>
    </p>
   </div>
   <div class='ocr_carea' id='block_1_35' title="bbox 97 1108 884 1153">
    <p class='ocr_par' dir='ltr' id='par_1_35' title="bbox 97 1108 884 1153">
     <span class='ocr_line' id='line_1_35' title="bbox 97 1108 884 1153; baseline -0.008 -12"><span class='ocrx_word' id='word_1_251' title='bbox 97 1111 263 1153; x_wconf 82' lang='grc' dir='ltr'>Ἀπόκρισις,</span> <span class='ocrx_word' id='word_1_252' title='bbox 295 1108 322 1141; x_wconf 67' lang='grc' dir='ltr'><strong>Ὀ</strong></span> <span class='ocrx_word' id='word_1_253' title='bbox 358 1111 440 1150; x_wconf 74' lang='grc' dir='ltr'>μεγὲις</span> <span class='ocrx_word' id='word_1_254' title='bbox 475 1110 629 1153; x_wconf 50' lang='grc' dir='ltr'>’ἀπόστολος</span> <span class='ocrx_word' id='word_1_255' title='bbox 678 1108 780 1140; x_wconf 80' lang='grc' dir='ltr'>Παῦλος</span> <span class='ocrx_word' id='word_1_256' title='bbox 818 1108 884 1136; x_wconf 71' lang='grc' dir='ltr'><strong>Ῥω-</strong></span> 
     </span>
    </p>
   </div>
   <div class='ocr_carea' id='block_1_36' title="bbox 59 1149 881 1196">
    <p class='ocr_par' dir='ltr' id='par_1_36' title="bbox 59 1149 881 1196">
     <span class='ocr_line' id='line_1_36' title="bbox 59 1149 881 1196; baseline -0.006 -11"><span class='ocrx_word' id='word_1_257' title='bbox 59 1157 149 1195; x_wconf 86' lang='grc' dir='ltr'>μαίοις</span> <span class='ocrx_word' id='word_1_258' title='bbox 174 1149 334 1185; x_wconf 72' lang='grc' dir='ltr'>ἐπιστέλλων</span> <span class='ocrx_word' id='word_1_259' title='bbox 356 1149 434 1196; x_wconf 79' lang='grc' dir='ltr'>φησίν</span> <span class='ocrx_word' id='word_1_260' title='bbox 449 1163 455 1170; x_wconf 78' lang='grc'><strong><em>⁸</em></strong></span> <span class='ocrx_word' id='word_1_261' title='bbox 475 1149 507 1182; x_wconf 70' lang='grc' dir='ltr'><strong><em>Ἠ</em></strong></span> <span class='ocrx_word' id='word_1_262' title='bbox 523 1154 654 1184; x_wconf 79' lang='grc' dir='ltr'>Ἰουδαίων</span> <span class='ocrx_word' id='word_1_263' title='bbox 670 1156 758 1191; x_wconf 80' lang='grc' dir='ltr'>μόνων</span> <span class='ocrx_word' id='word_1_264' title='bbox 774 1153 860 1183; x_wconf 80' lang='grc' dir='ltr'>ὁΘεός</span> <span class='ocrx_word' id='word_1_265' title='bbox 874 1161 881 1191; x_wconf 82' lang='grc'><strong>;</strong></span> 
     </span>
    </p>
   </div>
   <div class='ocr_carea' id='block_1_37' title="bbox 57 1196 883 1242">
    <p class='ocr_par' dir='ltr' id='par_1_37' title="bbox 57 1196 883 1242">
     <span class='ocr_line' id='line_1_37' title="bbox 57 1196 883 1242; baseline -0.007 -12"><span class='ocrx_word' id='word_1_266' title='bbox 57 1203 120 1242; x_wconf 73' lang='grc' dir='ltr'>οὐχὶ</span> <span class='ocrx_word' id='word_1_267' title='bbox 135 1200 162 1229; x_wconf 77' lang='grc' dir='ltr'><strong>δὲ</strong></span> <span class='ocrx_word' id='word_1_268' title='bbox 183 1202 226 1229; x_wconf 86' lang='grc' dir='ltr'><strong>καὶ</strong></span> <span class='ocrx_word' id='word_1_269' title='bbox 247 1200 326 1230; x_wconf 76' lang='grc' dir='ltr'>ἐθνῶν</span> <span class='ocrx_word' id='word_1_270' title='bbox 343 1211 352 1240; x_wconf 66' lang='grc' dir='ltr'><strong>ς</strong></span> <span class='ocrx_word' id='word_1_271' title='bbox 381 1201 422 1228; x_wconf 91' lang='grc' dir='ltr'><strong>ναὶ</strong></span> <span class='ocrx_word' id='word_1_272' title='bbox 449 1200 493 1227; x_wconf 87' lang='grc' dir='ltr'><strong>καὶ</strong></span> <span class='ocrx_word' id='word_1_273' title='bbox 522 1198 612 1242; x_wconf 49' lang='grc' dir='ltr'>ἐθνῶν.</span> <span class='ocrx_word' id='word_1_274' title='bbox 642 1199 672 1227; x_wconf 78' lang='lat' dir='ltr'><strong>0i</strong></span> <span class='ocrx_word' id='word_1_275' title='bbox 701 1197 764 1237; x_wconf 76' lang='grc' dir='ltr'>γοῦν</span> <span class='ocrx_word' id='word_1_276' title='bbox 779 1196 883 1236; x_wconf 79' lang='grc' dir='ltr'>ὀρθοόο-</span> 
     </span>
    </p>
   </div>
   <div class='ocr_carea' id='block_1_38' title="bbox 57 1239 883 1283">
    <p class='ocr_par' dir='ltr' id='par_1_38' title="bbox 57 1239 883 1283">
     <span class='ocr_line' id='line_1_38' title="bbox 57 1239 883 1283; baseline -0.007 -9"><span class='ocrx_word' id='word_1_277' title='bbox 57 1239 161 1279; x_wconf 62' lang='grc' dir='ltr'>ξοῦντες</span> <span class='ocrx_word' id='word_1_278' title='bbox 176 1246 203 1273; x_wconf 75' lang='grc' dir='ltr'>ἐν</span> <span class='ocrx_word' id='word_1_279' title='bbox 217 1249 295 1283; x_wconf 71' lang='grc' dir='ltr'>πᾶσι,</span> <span class='ocrx_word' id='word_1_280' title='bbox 311 1239 359 1274; x_wconf 71' lang='grc' dir='ltr'><strong>κᾶν</strong></span> <span class='ocrx_word' id='word_1_281' title='bbox 379 1245 428 1273; x_wconf 80' lang='grc' dir='ltr'>ὦσι</span> <span class='ocrx_word' id='word_1_282' title='bbox 450 1245 499 1277; x_wconf 84' lang='grc' dir='ltr'>τῆς</span> <span class='ocrx_word' id='word_1_283' title='bbox 523 1239 674 1276; x_wconf 71' lang='grc' dir='ltr'>Ἑλληνίδος</span> <span class='ocrx_word' id='word_1_284' title='bbox 703 1244 793 1282; x_wconf 82' lang='grc' dir='ltr'>φωνῆς</span> <span class='ocrx_word' id='word_1_285' title='bbox 810 1241 883 1279; x_wconf 86' lang='grc' dir='ltr'>πάμ-</span> 
     </span>
    </p>
   </div>
   <div class='ocr_carea' id='block_1_39' title="bbox 59 1287 885 1330">
    <p class='ocr_par' dir='ltr' id='par_1_39' title="bbox 59 1287 885 1330">
     <span class='ocr_line' id='line_1_39' title="bbox 59 1287 885 1330; baseline -0.007 -11"><span class='ocrx_word' id='word_1_286' title='bbox 59 1302 110 1319; x_wconf 77' lang='grc' dir='ltr'><strong>παν</strong></span> <span class='ocrx_word' id='word_1_287' title='bbox 137 1290 280 1330; x_wconf 77' lang='grc' dir='ltr'>ἁμέτοχοι,</span> <span class='ocrx_word' id='word_1_288' title='bbox 318 1290 385 1328; x_wconf 82' lang='grc' dir='ltr'>μετὰ</span> <span class='ocrx_word' id='word_1_289' title='bbox 418 1291 467 1322; x_wconf 74' lang='grc' dir='ltr'>τῆς</span> <span class='ocrx_word' id='word_1_290' title='bbox 494 1287 559 1320; x_wconf 76' lang='grc' dir='ltr'>ἰδίας</span> <span class='ocrx_word' id='word_1_291' title='bbox 581 1287 716 1316; x_wconf 79' lang='grc' dir='ltr'>διαλέκτου</span> <span class='ocrx_word' id='word_1_292' title='bbox 745 1287 885 1326; x_wconf 75' lang='grc' dir='ltr'>ἱερουργή-</span> 
     </span>
    </p>
   </div>
   <div class='ocr_carea' id='block_1_40' title="bbox 63 1331 885 1375">
    <p class='ocr_par' dir='ltr' id='par_1_40' title="bbox 63 1331 885 1375">
     <span class='ocr_line' id='line_1_40' title="bbox 63 1331 885 1375; baseline -0.006 -12"><span class='ocrx_word' id='word_1_293' title='bbox 63 1346 164 1372; x_wconf 72' lang='grc' dir='ltr'>σουσιν,</span> <span class='ocrx_word' id='word_1_294' title='bbox 181 1335 330 1374; x_wconf 80' lang='grc' dir='ltr'>ἆντέγραφα</span> <span class='ocrx_word' id='word_1_295' title='bbox 344 1334 453 1375; x_wconf 75' lang='grc' dir='ltr'>ἔχοντες</span> <span class='ocrx_word' id='word_1_296' title='bbox 475 1336 524 1361; x_wconf 78' lang='grc' dir='ltr'>τῶν</span> <span class='ocrx_word' id='word_1_297' title='bbox 554 1333 671 1367; x_wconf 82' lang='grc' dir='ltr'>συνήθων</span> <span class='ocrx_word' id='word_1_298' title='bbox 701 1331 781 1370; x_wconf 81' lang='grc' dir='ltr'>ἁγίων</span> <span class='ocrx_word' id='word_1_299' title='bbox 799 1331 885 1375; x_wconf 69' lang='grc' dir='ltr'>εὖχρν</span> 
     </span>
    </p>
   </div>
   <div class='ocr_carea' id='block_1_41' title="bbox 60 1374 884 1419">
    <p class='ocr_par' dir='ltr' id='par_1_41' title="bbox 60 1374 884 1419">
     <span class='ocr_line' id='line_1_41' title="bbox 60 1374 884 1419; baseline -0.007 -12"><span class='ocrx_word' id='word_1_300' title='bbox 60 1378 262 1419; x_wconf 69' lang='grc' dir='ltr'>ἀπαράλλακτα,</span> <span class='ocrx_word' id='word_1_301' title='bbox 299 1380 335 1410; x_wconf 85' lang='grc' dir='ltr'>ὡς</span> <span class='ocrx_word' id='word_1_302' title='bbox 365 1377 564 1417; x_wconf 78' lang='grc' dir='ltr'>μεταγραφέντα</span> <span class='ocrx_word' id='word_1_303' title='bbox 585 1376 614 1404; x_wconf 75' lang='grc' dir='ltr'>ἐκ</span> <span class='ocrx_word' id='word_1_304' title='bbox 644 1375 787 1403; x_wconf 84' lang='grc' dir='ltr'>κοντακίων</span> <span class='ocrx_word' id='word_1_305' title='bbox 816 1374 884 1402; x_wconf 89' lang='grc' dir='ltr'>καλ-</span> 
     </span>
    </p>
   </div>
   <div class='ocr_carea' id='block_1_42' title="bbox 61 1420 704 1463">
    <p class='ocr_par' dir='ltr' id='par_1_42' title="bbox 61 1420 704 1463">
     <span class='ocr_line' id='line_1_42' title="bbox 61 1420 704 1463; baseline -0.005 -12"><span class='ocrx_word' id='word_1_306' title='bbox 61 1423 275 1463; x_wconf 78' lang='grc' dir='ltr'>λιγραφηθέντων</span> <span class='ocrx_word' id='word_1_307' title='bbox 289 1422 331 1450; x_wconf 77' lang='grc' dir='ltr'><strong>διὰ</strong></span> <span class='ocrx_word' id='word_1_308' title='bbox 346 1423 509 1462; x_wconf 76' lang='grc' dir='ltr'>γραμμάτων</span> <span class='ocrx_word' id='word_1_309' title='bbox 531 1420 704 1454; x_wconf 73' lang='grc' dir='ltr'>Ἑλληνικῶν.</span> 
     </span>
    </p>
   </div>
   <div class='ocr_carea' id='block_1_43' title="bbox 101 1463 884 1507">
    <p class='ocr_par' dir='ltr' id='par_1_43' title="bbox 101 1463 884 1507">
     <span class='ocr_line' id='line_1_43' title="bbox 101 1463 884 1507; baseline -0.006 -11"><span class='ocrx_word' id='word_1_310' title='bbox 101 1467 248 1507; x_wconf 82' lang='grc' dir='ltr'>Ἐρώτησις</span> <span class='ocrx_word' id='word_1_311' title='bbox 275 1463 326 1504; x_wconf 64' lang='grc' dir='ltr'><strong>ς’.</strong></span> <span class='ocrx_word' id='word_1_312' title='bbox 355 1465 565 1506; x_wconf 75' lang='grc' dir='ltr'>Ἢῤῥαϐωνίσατο</span> <span class='ocrx_word' id='word_1_313' title='bbox 607 1475 647 1496; x_wconf 84' lang='grc' dir='ltr'><strong>τις</strong></span> <span class='ocrx_word' id='word_1_314' title='bbox 684 1470 809 1502; x_wconf 67' lang='grc' dir='ltr'>γυναῖκα,</span> <span class='ocrx_word' id='word_1_315' title='bbox 841 1464 884 1492; x_wconf 90' lang='grc' dir='ltr'>καὶ</span> 
     </span>
    </p>
   </div>
   <div class='ocr_carea' id='block_1_44' title="bbox 926 707 1749 749">
    <p class='ocr_par' dir='ltr' id='par_1_44' title="bbox 926 707 1749 749">
     <span class='ocr_line' id='line_1_44' title="bbox 926 707 1749 749; baseline 0.005 -13"><span class='ocrx_word' id='word_1_316' title='bbox 926 715 1006 745; x_wconf 84' lang='lat' dir='ltr'><strong>gere,</strong></span> <span class='ocrx_word' id='word_1_317' title='bbox 1025 707 1070 738; x_wconf 90' lang='lat' dir='ltr'><strong>vel</strong></span> <span class='ocrx_word' id='word_1_318' title='bbox 1096 707 1206 747; x_wconf 87' lang='lat' dir='ltr'><strong>aliquid</strong></span> <span class='ocrx_word' id='word_1_319' title='bbox 1232 707 1307 739; x_wconf 88' lang='lat' dir='ltr'><strong>alius</strong></span> <span class='ocrx_word' id='word_1_320' title='bbox 1329 708 1497 748; x_wconf 81' lang='lat' dir='ltr'><strong>excogitare</strong></span> <span class='ocrx_word' id='word_1_321' title='bbox 1511 709 1605 749; x_wconf 89' lang='lat' dir='ltr'><strong>turpis</strong></span> <span class='ocrx_word' id='word_1_322' title='bbox 1619 713 1749 749; x_wconf 74' lang='lat' dir='ltr'><strong>quaestus</strong></span> 
     </span>
    </p>
   </div>
   <div class='ocr_carea' id='block_1_45' title="bbox 923 749 1749 792">
    <p class='ocr_par' dir='ltr' id='par_1_45' title="bbox 923 749 1749 792">
     <span class='ocr_line' id='line_1_45' title="bbox 923 749 1749 792; baseline 0.006 -12"><span class='ocrx_word' id='word_1_323' title='bbox 923 749 1026 789; x_wconf 85' lang='lat' dir='ltr'><strong>gratia,</strong></span> <span class='ocrx_word' id='word_1_324' title='bbox 1045 761 1061 782; x_wconf 91' lang='lat' dir='ltr'><strong>e</strong></span> <span class='ocrx_word' id='word_1_325' title='bbox 1089 752 1169 782; x_wconf 89' lang='lat' dir='ltr'><strong>clero</strong></span> <span class='ocrx_word' id='word_1_326' title='bbox 1199 752 1376 792; x_wconf 87' lang='lat' dir='ltr'><strong>deponatur,</strong></span> <span class='ocrx_word' id='word_1_327' title='bbox 1405 757 1433 784; x_wconf 89' lang='lat' dir='ltr'><strong>et</strong></span> <span class='ocrx_word' id='word_1_328' title='bbox 1457 754 1494 784; x_wconf 86' lang='lat' dir='ltr'><strong>sit</strong></span> <span class='ocrx_word' id='word_1_329' title='bbox 1522 753 1638 785; x_wconf 84' lang='lat' dir='ltr'><strong>alienus</strong></span> <span class='ocrx_word' id='word_1_330' title='bbox 1666 762 1749 786; x_wconf 88' lang='lat' dir='ltr'><strong>aca-</strong></span> 
     </span>
    </p>
   </div>
   <div class='ocr_carea' id='block_1_46' title="bbox 924 795 1751 870">
    <p class='ocr_par' dir='ltr' id='par_1_46' title="bbox 924 795 1751 870">
     <span class='ocr_line' id='line_1_46' title="bbox 924 795 1751 870; baseline 0.005 -44"><span class='ocrx_word' id='word_1_331' title='bbox 924 804 1012 870; x_wconf 72' lang='lat' dir='ltr'><strong>nlone.</strong></span> <span class='ocrx_word' id='word_1_332' title='bbox 1042 795 1152 827; x_wconf 89' lang='lat' dir='ltr'><strong>Eadem</strong></span> <span class='ocrx_word' id='word_1_333' title='bbox 1181 801 1209 827; x_wconf 90' lang='lat' dir='ltr'><strong>et</strong></span> <span class='ocrx_word' id='word_1_334' title='bbox 1235 799 1254 826; x_wconf 77' lang='grc'><strong>4</strong></span> <span class='ocrx_word' id='word_1_335' title='bbox 1286 807 1382 829; x_wconf 86' lang='lat' dir='ltr'><strong>canon</strong></span> <span class='ocrx_word' id='word_1_336' title='bbox 1396 798 1574 829; x_wconf 73' lang='lat' dir='ltr'><strong>Laodicenaa</strong></span> <span class='ocrx_word' id='word_1_337' title='bbox 1590 798 1705 839; x_wconf 80' lang='lat' dir='ltr'><strong>synodi,</strong></span> <span class='ocrx_word' id='word_1_338' title='bbox 1722 802 1751 829; x_wconf 90' lang='lat' dir='ltr'><strong>et</strong></span> 
     </span>
     <span class='ocr_line' id='line_1_47' title="bbox 924 849 984 870; baseline 0 0"><span class='ocrx_word' id='word_1_339' title='bbox 924 849 984 870; x_wconf 84' lang='lat' dir='ltr'><strong>an.</strong></span> 
     </span>
    </p>
   </div>
   <div class='ocr_carea' id='block_1_47' title="bbox 923 849 984 871">
    <p class='ocr_par' dir='ltr' id='par_1_47' title="bbox 923 849 984 871">
     <span class='ocr_line' id='line_1_48' title="bbox 923 849 984 871; baseline 0.016 -1"><span class='ocrx_word' id='word_1_340' title='bbox 923 849 984 871; x_wconf 75' lang='lat' dir='ltr'><strong>alii.</strong></span> 
     </span>
    </p>
   </div>
   <div class='ocr_carea' id='block_1_48' title="bbox 964 884 1747 928">
    <p class='ocr_par' dir='ltr' id='par_1_48' title="bbox 964 884 1747 928">
     <span class='ocr_line' id='line_1_49' title="bbox 964 884 1747 928; baseline 0.005 -14"><span class='ocrx_word' id='word_1_341' title='bbox 964 884 1059 917; x_wconf 81' lang='lat' dir='ltr'><strong>Inter.</strong></span> <span class='ocrx_word' id='word_1_342' title='bbox 1077 885 1105 916; x_wconf 85' lang='lat'><strong>5.</strong></span> <span class='ocrx_word' id='word_1_343' title='bbox 1134 886 1179 916; x_wconf 84' lang='lat' dir='ltr'><strong>An</strong></span> <span class='ocrx_word' id='word_1_344' title='bbox 1206 886 1364 917; x_wconf 84' lang='lat' dir='ltr'><strong>orthodoxi</strong></span> <span class='ocrx_word' id='word_1_345' title='bbox 1387 887 1453 927; x_wconf 77' lang='lat' dir='ltr'><strong>Syri</strong></span> <span class='ocrx_word' id='word_1_346' title='bbox 1480 891 1510 918; x_wconf 90' lang='lat' dir='ltr'><strong>et</strong></span> <span class='ocrx_word' id='word_1_347' title='bbox 1533 896 1570 918; x_wconf 73' lang='lat' dir='ltr'><strong>ex</strong></span> <span class='ocrx_word' id='word_1_348' title='bbox 1584 887 1747 928; x_wconf 84' lang='lat' dir='ltr'><strong>Armeniis,</strong></span> 
     </span>
    </p>
   </div>
   <div class='ocr_carea' id='block_1_49' title="bbox 925 930 1748 972">
    <p class='ocr_par' dir='ltr' id='par_1_49' title="bbox 925 930 1748 972">
     <span class='ocr_line' id='line_1_50' title="bbox 925 930 1748 972; baseline 0.004 -13"><span class='ocrx_word' id='word_1_349' title='bbox 925 937 1042 960; x_wconf 82' lang='lat' dir='ltr'><strong>necnon</strong></span> <span class='ocrx_word' id='word_1_350' title='bbox 1067 939 1103 960; x_wconf 74' lang='lat' dir='ltr'><strong>ex</strong></span> <span class='ocrx_word' id='word_1_351' title='bbox 1129 930 1195 960; x_wconf 87' lang='lat' dir='ltr'><strong>aliis</strong></span> <span class='ocrx_word' id='word_1_352' title='bbox 1208 930 1378 970; x_wconf 85' lang='lat' dir='ltr'><strong>regionibus</strong></span> <span class='ocrx_word' id='word_1_353' title='bbox 1404 932 1495 972; x_wconf 85' lang='lat' dir='ltr'><strong>aliqui</strong></span> <span class='ocrx_word' id='word_1_354' title='bbox 1510 931 1613 963; x_wconf 88' lang='lat' dir='ltr'><strong>fideles</strong></span> <span class='ocrx_word' id='word_1_355' title='bbox 1628 932 1748 972; x_wconf 86' lang='lat' dir='ltr'><strong>propria</strong></span> 
     </span>
    </p>
   </div>
   <div class='ocr_carea' id='block_1_50' title="bbox 926 972 1748 1014">
    <p class='ocr_par' dir='ltr' id='par_1_50' title="bbox 926 972 1748 1014">
     <span class='ocr_line' id='line_1_51' title="bbox 926 972 1748 1014; baseline 0.005 -10"><span class='ocrx_word' id='word_1_356' title='bbox 926 972 1025 1012; x_wconf 81' lang='lat' dir='ltr'><strong>lingua</strong></span> <span class='ocrx_word' id='word_1_357' title='bbox 1041 978 1122 1005; x_wconf 75' lang='lat' dir='ltr'><strong>extra</strong></span> <span class='ocrx_word' id='word_1_358' title='bbox 1152 975 1319 1014; x_wconf 83' lang='lat' dir='ltr'><strong>periculum</strong></span> <span class='ocrx_word' id='word_1_359' title='bbox 1343 985 1429 1006; x_wconf 88' lang='lat' dir='ltr'><strong>sacra</strong></span> <span class='ocrx_word' id='word_1_360' title='bbox 1443 976 1608 1014; x_wconf 86' lang='lat' dir='ltr'><strong>celebrent,</strong></span> <span class='ocrx_word' id='word_1_361' title='bbox 1625 986 1662 1008; x_wconf 88' lang='lat' dir='ltr'><strong>an</strong></span> <span class='ocrx_word' id='word_1_362' title='bbox 1678 986 1748 1008; x_wconf 84' lang='lat' dir='ltr'><strong>vero</strong></span> 
     </span>
    </p>
   </div>
   <div class='ocr_carea' id='block_1_51' title="bbox 924 1021 1748 1061">
    <p class='ocr_par' dir='ltr' id='par_1_51' title="bbox 924 1021 1748 1061">
     <span class='ocr_line' id='line_1_52' title="bbox 924 1021 1748 1061; baseline 0.006 -13"><span class='ocrx_word' id='word_1_363' title='bbox 924 1023 1068 1057; x_wconf 82' lang='lat' dir='ltr'><strong>cogantur</strong></span> <span class='ocrx_word' id='word_1_364' title='bbox 1082 1028 1205 1059; x_wconf 87' lang='lat' dir='ltr'><strong>prorsus</strong></span> <span class='ocrx_word' id='word_1_365' title='bbox 1220 1029 1287 1050; x_wconf 91' lang='lat' dir='ltr'><strong>cum</strong></span> <span class='ocrx_word' id='word_1_366' title='bbox 1306 1023 1407 1052; x_wconf 68' lang='lat' dir='ltr'><strong>brteca</strong></span> <span class='ocrx_word' id='word_1_367' title='bbox 1421 1021 1570 1061; x_wconf 84' lang='lat' dir='ltr'><strong>scriptura</strong></span> <span class='ocrx_word' id='word_1_368' title='bbox 1583 1021 1748 1053; x_wconf 88' lang='lat' dir='ltr'><strong>sacerdotio</strong></span> 
     </span>
    </p>
   </div>
   <div class='ocr_carea' id='block_1_52' title="bbox 924 1061 1027 1101">
    <p class='ocr_par' dir='ltr' id='par_1_52' title="bbox 924 1061 1027 1101">
     <span class='ocr_line' id='line_1_53' title="bbox 924 1061 1027 1101; baseline 0.01 -9"><span class='ocrx_word' id='word_1_369' title='bbox 924 1061 1005 1101; x_wconf 80' lang='lat' dir='ltr'><strong>fungi</strong></span> <span class='ocrx_word' id='word_1_370' title='bbox 1016 1064 1027 1093; x_wconf 83' lang='lat'><strong>?</strong></span> 
     </span>
    </p>
   </div>
   <div class='ocr_carea' id='block_1_53' title="bbox 966 1107 1750 1149">
    <p class='ocr_par' dir='ltr' id='par_1_53' title="bbox 966 1107 1750 1149">
     <span class='ocr_line' id='line_1_54' title="bbox 966 1107 1750 1149; baseline 0.005 -12"><span class='ocrx_word' id='word_1_371' title='bbox 966 1107 1035 1138; x_wconf 79' lang='lat' dir='ltr'><strong>Res.</strong></span> <span class='ocrx_word' id='word_1_372' title='bbox 1075 1107 1195 1148; x_wconf 86' lang='lat' dir='ltr'><strong>Magnus</strong></span> <span class='ocrx_word' id='word_1_373' title='bbox 1223 1109 1372 1149; x_wconf 89' lang='lat' dir='ltr'><strong>apostolus</strong></span> <span class='ocrx_word' id='word_1_374' title='bbox 1401 1110 1509 1141; x_wconf 86' lang='lat' dir='ltr'><strong>Paulus</strong></span> <span class='ocrx_word' id='word_1_375' title='bbox 1537 1110 1573 1141; x_wconf 90' lang='lat' dir='ltr'><strong>ad</strong></span> <span class='ocrx_word' id='word_1_376' title='bbox 1600 1111 1750 1142; x_wconf 80' lang='lat' dir='ltr'><strong>Romanos</strong></span> 
     </span>
    </p>
   </div>
   <div class='ocr_carea' id='block_1_54' title="bbox 926 1153 1749 1194">
    <p class='ocr_par' dir='ltr' id='par_1_54' title="bbox 926 1153 1749 1194">
     <span class='ocr_line' id='line_1_55' title="bbox 926 1153 1749 1194; baseline 0.005 -12"><span class='ocrx_word' id='word_1_377' title='bbox 926 1153 1061 1184; x_wconf 89' lang='lat' dir='ltr'><strong>scribens</strong></span> <span class='ocrx_word' id='word_1_378' title='bbox 1071 1153 1183 1194; x_wconf 92' lang='lat' dir='ltr'><strong>inquit:</strong></span> <span class='ocrx_word' id='word_1_379' title='bbox 1197 1155 1239 1186; x_wconf 78' lang='lat' dir='ltr'><strong>Ad</strong></span> <span class='ocrx_word' id='word_1_380' title='bbox 1251 1155 1420 1186; x_wconf 78' lang='lat' dir='ltr'><strong>Judaeorum</strong></span> <span class='ocrx_word' id='word_1_381' title='bbox 1436 1160 1547 1187; x_wconf 86' lang='lat' dir='ltr'><strong>taetum</strong></span> <span class='ocrx_word' id='word_1_382' title='bbox 1560 1156 1662 1188; x_wconf 83' lang='lat' dir='ltr'><strong>Deus?</strong></span> <span class='ocrx_word' id='word_1_383' title='bbox 1673 1156 1749 1187; x_wconf 92' lang='lat' dir='ltr'><strong>Num</strong></span> 
     </span>
    </p>
   </div>
   <div class='ocr_carea' id='block_1_55' title="bbox 927 1198 1749 1239">
    <p class='ocr_par' dir='ltr' id='par_1_55' title="bbox 927 1198 1749 1239">
     <span class='ocr_line' id='line_1_56' title="bbox 927 1198 1749 1239; baseline 0.006 -12"><span class='ocrx_word' id='word_1_384' title='bbox 927 1201 955 1227; x_wconf 89' lang='lat' dir='ltr'><strong>et</strong></span> <span class='ocrx_word' id='word_1_385' title='bbox 969 1198 1099 1236; x_wconf 87' lang='lat' dir='ltr'><strong>gentium</strong></span> <span class='ocrx_word' id='word_1_386' title='bbox 1113 1199 1127 1228; x_wconf 86' lang='lat'>?</span> <span class='ocrx_word' id='word_1_387' title='bbox 1142 1204 1222 1229; x_wconf 89' lang='lat' dir='ltr'><strong>certe</strong></span> <span class='ocrx_word' id='word_1_388' title='bbox 1238 1204 1267 1230; x_wconf 88' lang='lat' dir='ltr'><strong>et</strong></span> <span class='ocrx_word' id='word_1_389' title='bbox 1282 1200 1424 1239; x_wconf 86' lang='lat' dir='ltr'><strong>gentium.</strong></span> <span class='ocrx_word' id='word_1_390' title='bbox 1445 1200 1501 1236; x_wconf 90' lang='lat' dir='ltr'><strong>Qui</strong></span> <span class='ocrx_word' id='word_1_391' title='bbox 1519 1201 1610 1239; x_wconf 78' lang='lat' dir='ltr'><strong>igitur</strong></span> <span class='ocrx_word' id='word_1_392' title='bbox 1624 1206 1704 1232; x_wconf 87' lang='lat' dir='ltr'><strong>recte</strong></span> <span class='ocrx_word' id='word_1_393' title='bbox 1719 1201 1749 1232; x_wconf 91' lang='lat' dir='ltr'><strong>in</strong></span> 
     </span>
    </p>
   </div>
   <div class='ocr_carea' id='block_1_56' title="bbox 925 1242 1751 1286">
    <p class='ocr_par' dir='ltr' id='par_1_56' title="bbox 925 1242 1751 1286">
     <span class='ocr_line' id='line_1_57' title="bbox 925 1242 1751 1286; baseline 0.006 -14"><span class='ocrx_word' id='word_1_394' title='bbox 925 1242 1063 1273; x_wconf 89' lang='lat' dir='ltr'><strong>omnibus</strong></span> <span class='ocrx_word' id='word_1_395' title='bbox 1075 1243 1112 1274; x_wconf 89' lang='lat' dir='ltr'><strong>de</strong></span> <span class='ocrx_word' id='word_1_396' title='bbox 1125 1244 1181 1274; x_wconf 86' lang='lat' dir='ltr'><strong>fide</strong></span> <span class='ocrx_word' id='word_1_397' title='bbox 1198 1244 1341 1286; x_wconf 84' lang='lat' dir='ltr'><strong>sentiunt,</strong></span> <span class='ocrx_word' id='word_1_398' title='bbox 1360 1249 1388 1276; x_wconf 93' lang='lat' dir='ltr'><strong>et</strong></span> <span class='ocrx_word' id='word_1_399' title='bbox 1404 1245 1429 1276; x_wconf 92' lang='lat' dir='ltr'><strong>si</strong></span> <span class='ocrx_word' id='word_1_400' title='bbox 1446 1246 1504 1276; x_wconf 93' lang='lat' dir='ltr'><strong>sint</strong></span> <span class='ocrx_word' id='word_1_401' title='bbox 1519 1245 1627 1277; x_wconf 70' lang='lat' dir='ltr'><strong>Graeca:</strong></span> <span class='ocrx_word' id='word_1_402' title='bbox 1645 1246 1751 1285; x_wconf 73' lang='lat' dir='ltr'><strong>linguae</strong></span> 
     </span>
    </p>
   </div>
   <div class='ocr_carea' id='block_1_57' title="bbox 928 1286 1746 1330">
    <p class='ocr_par' dir='ltr' id='par_1_57' title="bbox 928 1286 1746 1330">
     <span class='ocr_line' id='line_1_58' title="bbox 928 1286 1746 1330; baseline 0.005 -14"><span class='ocrx_word' id='word_1_403' title='bbox 928 1286 1048 1317; x_wconf 90' lang='lat' dir='ltr'><strong>omnino</strong></span> <span class='ocrx_word' id='word_1_404' title='bbox 1065 1289 1334 1330; x_wconf 84' lang='lat' dir='ltr'><strong>expertes,pr0pria</strong></span> <span class='ocrx_word' id='word_1_405' title='bbox 1346 1289 1472 1320; x_wconf 87' lang='lat' dir='ltr'><strong>dialecto</strong></span> <span class='ocrx_word' id='word_1_406' title='bbox 1483 1299 1568 1321; x_wconf 90' lang='lat' dir='ltr'><strong>sacra</strong></span> <span class='ocrx_word' id='word_1_407' title='bbox 1576 1291 1746 1328; x_wconf 84' lang='lat' dir='ltr'><strong>conﬁcient,</strong></span> 
     </span>
    </p>
   </div>
   <div class='ocr_carea' id='block_1_58' title="bbox 928 1332 1750 1375">
    <p class='ocr_par' dir='ltr' id='par_1_58' title="bbox 928 1332 1750 1375">
     <span class='ocr_line' id='line_1_59' title="bbox 928 1332 1750 1375; baseline 0.006 -14"><span class='ocrx_word' id='word_1_408' title='bbox 928 1332 1108 1372; x_wconf 83' lang='lat' dir='ltr'><strong>exemplaria</strong></span> <span class='ocrx_word' id='word_1_409' title='bbox 1117 1338 1325 1364; x_wconf 88' lang='lat' dir='ltr'><strong>consuetarum</strong></span> <span class='ocrx_word' id='word_1_410' title='bbox 1337 1344 1484 1365; x_wconf 81' lang='lat' dir='ltr'><strong>sacrarum</strong></span> <span class='ocrx_word' id='word_1_411' title='bbox 1497 1344 1619 1375; x_wconf 87' lang='lat' dir='ltr'><strong>precum</strong></span> <span class='ocrx_word' id='word_1_412' title='bbox 1635 1335 1750 1366; x_wconf 91' lang='lat' dir='ltr'><strong>baben-</strong></span> 
     </span>
    </p>
   </div>
   <div class='ocr_carea' id='block_1_59' title="bbox 927 1377 1751 1420">
    <p class='ocr_par' dir='ltr' id='par_1_59' title="bbox 927 1377 1751 1420">
     <span class='ocr_line' id='line_1_60' title="bbox 927 1377 1751 1420; baseline 0.007 -15"><span class='ocrx_word' id='word_1_413' title='bbox 927 1379 971 1405; x_wconf 89' lang='lat' dir='ltr'><strong>tes</strong></span> <span class='ocrx_word' id='word_1_414' title='bbox 985 1386 1044 1407; x_wconf 92' lang='lat' dir='ltr'><strong>non</strong></span> <span class='ocrx_word' id='word_1_415' title='bbox 1061 1377 1233 1418; x_wconf 86' lang='lat' dir='ltr'><strong>evariantia,</strong></span> <span class='ocrx_word' id='word_1_416' title='bbox 1249 1382 1280 1409; x_wconf 87' lang='lat' dir='ltr'><strong>ut</strong></span> <span class='ocrx_word' id='word_1_417' title='bbox 1296 1380 1450 1419; x_wconf 77' lang='lat' dir='ltr'><strong>desumpta</strong></span> <span class='ocrx_word' id='word_1_418' title='bbox 1468 1390 1502 1411; x_wconf 80' lang='lat' dir='ltr'><strong>ex</strong></span> <span class='ocrx_word' id='word_1_419' title='bbox 1525 1381 1668 1412; x_wconf 82' lang='lat' dir='ltr'><strong>contaciis</strong></span> <span class='ocrx_word' id='word_1_420' title='bbox 1680 1389 1751 1420; x_wconf 70' lang='lat' dir='ltr'><strong>grae-</strong></span> 
     </span>
    </p>
   </div>
   <div class='ocr_carea' id='block_1_60' title="bbox 927 1420 1508 1465">
    <p class='ocr_par' dir='ltr' id='par_1_60' title="bbox 927 1420 1508 1465">
     <span class='ocr_line' id='line_1_61' title="bbox 927 1420 1508 1465; baseline 0.009 -15"><span class='ocrx_word' id='word_1_421' title='bbox 927 1420 1039 1451; x_wconf 88' lang='lat' dir='ltr'><strong>canicis</strong></span> <span class='ocrx_word' id='word_1_422' title='bbox 1056 1422 1163 1452; x_wconf 85' lang='lat' dir='ltr'><strong>litteris</strong></span> <span class='ocrx_word' id='word_1_423' title='bbox 1177 1423 1328 1462; x_wconf 84' lang='lat' dir='ltr'><strong>eleganter</strong></span> <span class='ocrx_word' id='word_1_424' title='bbox 1340 1424 1508 1465; x_wconf 88' lang='lat' dir='ltr'><strong>descriptis.</strong></span> 
     </span>
    </p>
   </div>
   <div class='ocr_carea' id='block_1_61' title="bbox 966 1466 1754 1509">
    <p class='ocr_par' dir='ltr' id='par_1_61' title="bbox 966 1466 1754 1509">
     <span class='ocr_line' id='line_1_62' title="bbox 966 1466 1754 1509; baseline 0.006 -13"><span class='ocrx_word' id='word_1_425' title='bbox 966 1466 1062 1498; x_wconf 81' lang='lat' dir='ltr'><strong>Inter.</strong></span> <span class='ocrx_word' id='word_1_426' title='bbox 1079 1468 1108 1498; x_wconf 88' lang='lat'><strong>6.</strong></span> <span class='ocrx_word' id='word_1_427' title='bbox 1141 1469 1335 1508; x_wconf 84' lang='lat' dir='ltr'><strong>Desponsavit</strong></span> <span class='ocrx_word' id='word_1_428' title='bbox 1363 1469 1430 1509; x_wconf 85' lang='lat' dir='ltr'><strong>quis</strong></span> <span class='ocrx_word' id='word_1_429' title='bbox 1458 1469 1514 1499; x_wconf 88' lang='lat' dir='ltr'><strong>sibi</strong></span> <span class='ocrx_word' id='word_1_430' title='bbox 1540 1470 1709 1508; x_wconf 81' lang='lat' dir='ltr'><strong>mulierem,</strong></span> <span class='ocrx_word' id='word_1_431' title='bbox 1724 1474 1754 1501; x_wconf 86' lang='lat' dir='ltr'><strong>et</strong></span> 
     </span>
    </p>
   </div>
   <div class='ocr_carea' id='block_1_62' title="bbox 62 1507 878 1552">
    <p class='ocr_par' dir='ltr' id='par_1_62' title="bbox 62 1507 878 1551">
     <span class='ocr_line' id='line_1_63' title="bbox 62 1507 878 1551; baseline -0.006 -11"><span class='ocrx_word' id='word_1_432' title='bbox 62 1511 218 1545; x_wconf 78' lang='grc' dir='ltr'>ἐτελεύτησε</span> <span class='ocrx_word' id='word_1_433' title='bbox 239 1513 289 1551; x_wconf 85' lang='grc' dir='ltr'>πρὸ</span> <span class='ocrx_word' id='word_1_434' title='bbox 324 1516 371 1541; x_wconf 84' lang='grc' dir='ltr'><strong>τοῦ</strong></span> <span class='ocrx_word' id='word_1_435' title='bbox 398 1510 598 1549; x_wconf 79' lang='grc' dir='ltr'>ἱερολογηθῆναι</span> <span class='ocrx_word' id='word_1_436' title='bbox 635 1507 693 1546; x_wconf 73' lang='grc' dir='ltr'>μετ’</span> <span class='ocrx_word' id='word_1_437' title='bbox 730 1508 824 1547; x_wconf 68' lang='grc' dir='ltr'>αὐτῆς,</span> <span class='ocrx_word' id='word_1_438' title='bbox 848 1509 878 1536; x_wconf 75' lang='grc' dir='ltr'>ὡς</span> 
     </span>
    </p>
   </div>
   <div class='ocr_carea' id='block_1_63' title="bbox 970 1507 1753 1552">
    <p class='ocr_par' dir='ltr' id='par_1_63' title="bbox 970 1507 1753 1552">
     <span class='ocr_line' id='line_1_64' title="bbox 970 1507 1753 1552; baseline 0.005 -12"><span class='ocrx_word' id='word_1_439' title='bbox 970 1510 1098 1551; x_wconf 69' lang='lat' dir='ltr'><strong>iusquam</strong></span> <span class='ocrx_word' id='word_1_440' title='bbox 1112 1521 1178 1541; x_wconf 89' lang='lat' dir='ltr'><strong>cum</strong></span> <span class='ocrx_word' id='word_1_441' title='bbox 1192 1507 1225 1542; x_wconf 87' lang='lat' dir='ltr'><strong>ea</strong></span> <span class='ocrx_word' id='word_1_442' title='bbox 1238 1522 1291 1552; x_wconf 89' lang='lat' dir='ltr'><strong>per</strong></span> <span class='ocrx_word' id='word_1_443' title='bbox 1303 1507 1634 1552; x_wconf 69' lang='lat' dir='ltr'><strong>benedictionem,sicut</strong></span> <span class='ocrx_word' id='word_1_444' title='bbox 1646 1514 1753 1545; x_wconf 83' lang='lat' dir='ltr'><strong>consti-</strong></span> 
     </span>
    </p>
   </div>
   <div class='ocr_carea' id='block_1_64' title="bbox 61 1551 884 1595">
    <p class='ocr_par' dir='ltr' id='par_1_64' title="bbox 61 1551 884 1595">
     <span class='ocr_line' id='line_1_65' title="bbox 61 1551 884 1595; baseline -0.005 -11"><span class='ocrx_word' id='word_1_445' title='bbox 61 1557 224 1594; x_wconf 76' lang='grc' dir='ltr'>νενόμισται,</span> <span class='ocrx_word' id='word_1_446' title='bbox 241 1557 284 1584; x_wconf 82' lang='grc' dir='ltr'>καὶ</span> <span class='ocrx_word' id='word_1_447' title='bbox 305 1557 355 1595; x_wconf 83' lang='grc' dir='ltr'><strong>πρὸ</strong></span> <span class='ocrx_word' id='word_1_448' title='bbox 389 1556 436 1583; x_wconf 73' lang='grc' dir='ltr'><strong>τοῦ</strong></span> <span class='ocrx_word' id='word_1_449' title='bbox 464 1556 623 1594; x_wconf 70' lang='grc' dir='ltr'>συναφθῆναι</span> <span class='ocrx_word' id='word_1_450' title='bbox 652 1554 728 1591; x_wconf 64' lang='grc' dir='ltr'>αὐτῇ,</span> <span class='ocrx_word' id='word_1_451' title='bbox 753 1551 884 1581; x_wconf 78' lang='grc' dir='ltr'>ἀκίνδυνόν</span> 
     </span>
    </p>
   </div>
   <div class='ocr_carea' id='block_1_65' title="bbox 62 1596 884 1637">
    <p class='ocr_par' dir='ltr' id='par_1_65' title="bbox 62 1596 884 1637">
     <span class='ocr_line' id='line_1_66' title="bbox 62 1596 884 1637; baseline -0.007 -8"><span class='ocrx_word' id='word_1_452' title='bbox 62 1601 117 1629; x_wconf 75' lang='grc' dir='ltr'>ἐστι</span> <span class='ocrx_word' id='word_1_453' title='bbox 153 1601 252 1634; x_wconf 80' lang='grc' dir='ltr'>ταύτην</span> <span class='ocrx_word' id='word_1_454' title='bbox 286 1599 378 1628; x_wconf 70' lang='grc' dir='ltr'>λαϐεῖν</span> <span class='ocrx_word' id='word_1_455' title='bbox 412 1600 456 1627; x_wconf 80' lang='grc' dir='ltr'><strong>τὸν</strong></span> <span class='ocrx_word' id='word_1_456' title='bbox 485 1599 578 1627; x_wconf 86' lang='grc' dir='ltr'>τούτου</span> <span class='ocrx_word' id='word_1_457' title='bbox 621 1596 765 1637; x_wconf 57' lang='grc' dir='ltr'>ἀδελφὸν,ᾓ</span> <span class='ocrx_word' id='word_1_458' title='bbox 779 1597 796 1630; x_wconf 75' lang='grc' dir='ltr'><strong>ἢ</strong></span> <span class='ocrx_word' id='word_1_459' title='bbox 832 1597 884 1636; x_wconf 61' lang='lat' dir='ltr'><strong>ob;</strong></span> 
     </span>
    </p>
   </div>
   <div class='ocr_carea' id='block_1_66' title="bbox 103 1698 888 1737">
    <p class='ocr_par' dir='ltr' id='par_1_66' title="bbox 103 1698 888 1737">
     <span class='ocr_line' id='line_1_67' title="bbox 103 1698 888 1737; baseline -0.008 -5"><span class='ocrx_word' id='word_1_460' title='bbox 103 1702 167 1732; x_wconf 73' lang='lat' dir='ltr'><strong>&#39;Arr.</strong></span> <span class='ocrx_word' id='word_1_461' title='bbox 185 1703 220 1731; x_wconf 80' lang='grc' dir='ltr'><strong>Τὸ</strong></span> <span class='ocrx_word' id='word_1_462' title='bbox 234 1701 314 1731; x_wconf 75' lang='grc' dir='ltr'>καλὸν</span> <span class='ocrx_word' id='word_1_463' title='bbox 338 1704 384 1730; x_wconf 77' lang='grc' dir='ltr'><strong>οὒκ</strong></span> <span class='ocrx_word' id='word_1_464' title='bbox 398 1701 453 1729; x_wconf 76' lang='grc' dir='ltr'>ἔστι</span> <span class='ocrx_word' id='word_1_465' title='bbox 478 1699 569 1737; x_wconf 80' lang='grc' dir='ltr'>καλὸν,</span> <span class='ocrx_word' id='word_1_466' title='bbox 600 1701 622 1727; x_wconf 78' lang='grc' dir='ltr'><strong>εἰ</strong></span> <span class='ocrx_word' id='word_1_467' title='bbox 658 1701 695 1737; x_wconf 64' lang='grc' dir='ltr'>μὴ</span> <span class='ocrx_word' id='word_1_468' title='bbox 723 1698 812 1730; x_wconf 73' lang='grc' dir='ltr'>καλῶς</span> <span class='ocrx_word' id='word_1_469' title='bbox 840 1698 888 1737; x_wconf 80' lang='grc' dir='ltr'><strong>γέ-</strong></span> 
     </span>
    </p>
   </div>
   <div class='ocr_carea' id='block_1_67' title="bbox 63 1742 889 1785">
    <p class='ocr_par' dir='ltr' id='par_1_67' title="bbox 63 1742 889 1785">
     <span class='ocr_line' id='line_1_68' title="bbox 63 1742 889 1785; baseline -0.007 -9"><span class='ocrx_word' id='word_1_470' title='bbox 63 1759 152 1782; x_wconf 87' lang='grc' dir='ltr'>νηται.</span> <span class='ocrx_word' id='word_1_471' title='bbox 172 1751 201 1775; x_wconf 89' lang='grc' dir='ltr'><strong>Ει</strong></span> <span class='ocrx_word' id='word_1_472' title='bbox 217 1752 279 1785; x_wconf 89' lang='grc' dir='ltr'>γοῦν</span> <span class='ocrx_word' id='word_1_473' title='bbox 295 1747 312 1780; x_wconf 81' lang='grc' dir='ltr'><strong>ἡ</strong></span> <span class='ocrx_word' id='word_1_474' title='bbox 329 1746 467 1784; x_wconf 80' lang='grc' dir='ltr'>μνηστεία,</span> <span class='ocrx_word' id='word_1_475' title='bbox 491 1745 549 1779; x_wconf 75' lang='grc' dir='ltr'>ἢτοι</span> <span class='ocrx_word' id='word_1_476' title='bbox 575 1745 588 1772; x_wconf 82' lang='grc' dir='ltr'>ὁ</span> <span class='ocrx_word' id='word_1_477' title='bbox 617 1743 746 1783; x_wconf 76' lang='grc' dir='ltr'><strong>ἆῤῥαϐὼν,</strong></span> <span class='ocrx_word' id='word_1_478' title='bbox 765 1742 889 1777; x_wconf 75' lang='grc' dir='ltr'>ἐτελέσθη</span> 
     </span>
    </p>
   </div>
   <div class='ocr_carea' id='block_1_68' title="bbox 64 1789 890 1828">
    <p class='ocr_par' dir='ltr' id='par_1_68' title="bbox 64 1789 890 1828">
     <span class='ocr_line' id='line_1_69' title="bbox 64 1789 890 1828; baseline -0.005 -8"><span class='ocrx_word' id='word_1_479' title='bbox 64 1793 132 1820; x_wconf 75' lang='grc' dir='ltr'>κατὰ</span> <span class='ocrx_word' id='word_1_480' title='bbox 166 1791 216 1825; x_wconf 75' lang='grc' dir='ltr'><strong>τὴν</strong></span> <span class='ocrx_word' id='word_1_481' title='bbox 245 1790 414 1818; x_wconf 80' lang='grc' dir='ltr'>ὑποτύπωσιν</span> <span class='ocrx_word' id='word_1_482' title='bbox 439 1793 488 1823; x_wconf 80' lang='grc' dir='ltr'>τῆς</span> <span class='ocrx_word' id='word_1_483' title='bbox 529 1792 621 1828; x_wconf 83' lang='grc' dir='ltr'>νεαρᾶς</span> <span class='ocrx_word' id='word_1_484' title='bbox 657 1789 809 1825; x_wconf 80' lang='grc' dir='ltr'>νομοθεσίας</span> <span class='ocrx_word' id='word_1_485' title='bbox 846 1792 890 1816; x_wconf 85' lang='grc' dir='ltr'><strong>τοῦ</strong></span> 
     </span>
    </p>
   </div>
   <div class='ocr_carea' id='block_1_69' title="bbox 63 1832 889 1874">
    <p class='ocr_par' dir='ltr' id='par_1_69' title="bbox 63 1832 889 1874">
     <span class='ocr_line' id='line_1_70' title="bbox 63 1832 889 1874; baseline -0.006 -10"><span class='ocrx_word' id='word_1_486' title='bbox 63 1835 184 1874; x_wconf 81' lang='grc' dir='ltr'>ἀοιδίμου</span> <span class='ocrx_word' id='word_1_487' title='bbox 219 1834 347 1873; x_wconf 80' lang='grc' dir='ltr'>βασιλέως</span> <span class='ocrx_word' id='word_1_488' title='bbox 388 1835 475 1874; x_wconf 85' lang='grc' dir='ltr'>κυρίου</span> <span class='ocrx_word' id='word_1_489' title='bbox 517 1832 634 1866; x_wconf 76' lang='grc' dir='ltr'>Ἀλεξίου</span> <span class='ocrx_word' id='word_1_490' title='bbox 662 1835 708 1860; x_wconf 80' lang='grc' dir='ltr'><strong>τοῦ</strong></span> <span class='ocrx_word' id='word_1_491' title='bbox 737 1834 889 1869; x_wconf 67' lang='grc' dir='ltr'>Κομνηνοῦ,</span> 
     </span>
    </p>
   </div>
   <div class='ocr_carea' id='block_1_70' title="bbox 64 1877 891 1918">
    <p class='ocr_par' dir='ltr' id='par_1_70' title="bbox 64 1877 891 1918">
     <span class='ocr_line' id='line_1_71' title="bbox 64 1877 891 1918; baseline -0.007 -10"><span class='ocrx_word' id='word_1_492' title='bbox 64 1881 133 1918; x_wconf 79' lang='grc' dir='ltr'>μετὰ</span> <span class='ocrx_word' id='word_1_493' title='bbox 153 1879 264 1913; x_wconf 74' lang='grc' dir='ltr'>τελετῆς</span> <span class='ocrx_word' id='word_1_494' title='bbox 277 1882 329 1908; x_wconf 83' lang='grc' dir='ltr'>τῶν</span> <span class='ocrx_word' id='word_1_495' title='bbox 366 1879 483 1913; x_wconf 74' lang='grc' dir='ltr'>συνήθων</span> <span class='ocrx_word' id='word_1_496' title='bbox 505 1878 586 1918; x_wconf 80' lang='grc' dir='ltr'>ἁγίων</span> <span class='ocrx_word' id='word_1_497' title='bbox 622 1877 709 1916; x_wconf 72' lang='grc' dir='ltr'>εὗχῶν</span> <span class='ocrx_word' id='word_1_498' title='bbox 728 1887 733 1892; x_wconf 93' lang='grc'><strong>·</strong></span> <span class='ocrx_word' id='word_1_499' title='bbox 763 1879 812 1909; x_wconf 83' lang='grc' dir='ltr'>τῆς</span> <span class='ocrx_word' id='word_1_500' title='bbox 841 1887 891 1915; x_wconf 89' lang='grc' dir='ltr'>γυ-</span> 
     </span>
    </p>
   </div>
   <div class='ocr_carea' id='block_1_71' title="bbox 63 1921 891 1960">
    <p class='ocr_par' dir='ltr' id='par_1_71' title="bbox 63 1921 891 1960">
     <span class='ocr_line' id='line_1_72' title="bbox 63 1921 891 1960; baseline -0.007 -7"><span class='ocrx_word' id='word_1_501' title='bbox 63 1926 154 1956; x_wconf 78' lang='grc' dir='ltr'>ναικὸς</span> <span class='ocrx_word' id='word_1_502' title='bbox 177 1924 255 1957; x_wconf 70' lang='grc' dir='ltr'>οὔσης</span> <span class='ocrx_word' id='word_1_503' title='bbox 286 1922 470 1960; x_wconf 66' lang='grc' dir='ltr'>διυδεκαετοῦς,</span> <span class='ocrx_word' id='word_1_504' title='bbox 488 1926 533 1950; x_wconf 84' lang='grc' dir='ltr'><strong>τοῦ</strong></span> <span class='ocrx_word' id='word_1_505' title='bbox 560 1921 586 1949; x_wconf 75' lang='grc' dir='ltr'><strong>δὲ</strong></span> <span class='ocrx_word' id='word_1_506' title='bbox 602 1921 692 1960; x_wconf 80' lang='grc' dir='ltr'>ἆνδρος</span> <span class='ocrx_word' id='word_1_507' title='bbox 721 1922 765 1948; x_wconf 82' lang='grc' dir='ltr'><strong>τὸν</strong></span> <span class='ocrx_word' id='word_1_508' title='bbox 794 1931 891 1948; x_wconf 83' lang='grc' dir='ltr'>τεσσα-</span> 
     </span>
    </p>
   </div>
   <div class='ocr_carea' id='block_1_72' title="bbox 64 1965 892 2010">
    <p class='ocr_par' dir='ltr' id='par_1_72' title="bbox 64 1965 892 2010">
     <span class='ocr_line' id='line_1_73' title="bbox 64 1965 892 2010; baseline -0.007 -12"><span class='ocrx_word' id='word_1_509' title='bbox 64 1968 265 2010; x_wconf 78' lang='grc' dir='ltr'>ρεσκαιδέκατον</span> <span class='ocrx_word' id='word_1_510' title='bbox 296 1968 393 2008; x_wconf 76' lang='grc' dir='ltr'>χρόνον</span> <span class='ocrx_word' id='word_1_511' title='bbox 422 1967 576 2010; x_wconf 72' lang='grc' dir='ltr'>ἀνύσαντος,</span> <span class='ocrx_word' id='word_1_512' title='bbox 599 1967 628 1994; x_wconf 73' lang='grc' dir='ltr'>οὔ</span> <span class='ocrx_word' id='word_1_513' title='bbox 656 1965 771 2003; x_wconf 71' lang='grc' dir='ltr'>λήψεται</span> <span class='ocrx_word' id='word_1_514' title='bbox 792 1965 892 1998; x_wconf 83' lang='grc' dir='ltr'>ταύτην</span> 
     </span>
    </p>
   </div>
   <div class='ocr_carea' id='block_1_73' title="bbox 63 2006 890 2053">
    <p class='ocr_par' dir='ltr' id='par_1_73' title="bbox 63 2006 890 2053">
     <span class='ocr_line' id='line_1_74' title="bbox 63 2006 890 2053; baseline -0.007 -11"><span class='ocrx_word' id='word_1_515' title='bbox 63 2006 99 2046; x_wconf 85' lang='grc' dir='ltr'><strong>εἰς</strong></span> <span class='ocrx_word' id='word_1_516' title='bbox 124 2014 212 2053; x_wconf 81' lang='grc' dir='ltr'>γάμον</span> <span class='ocrx_word' id='word_1_517' title='bbox 234 2015 247 2041; x_wconf 78' lang='grc' dir='ltr'>ὁ</span> <span class='ocrx_word' id='word_1_518' title='bbox 272 2006 383 2052; x_wconf 64' lang='grc' dir='ltr'>ἁδελφὸς</span> <span class='ocrx_word' id='word_1_519' title='bbox 406 2013 496 2041; x_wconf 71' lang='grc' dir='ltr'>αὑτοῦ.</span> <span class='ocrx_word' id='word_1_520' title='bbox 534 2006 562 2040; x_wconf 68' lang='grc' dir='ltr'><strong>ε0</strong></span> <span class='ocrx_word' id='word_1_521' title='bbox 591 2011 640 2049; x_wconf 82' lang='grc' dir='ltr'><strong>γὰρ</strong></span> <span class='ocrx_word' id='word_1_522' title='bbox 670 2009 738 2038; x_wconf 63' lang='grc' dir='ltr'>οὕτω</span> <span class='ocrx_word' id='word_1_523' title='bbox 760 2009 890 2053; x_wconf 61' lang='grc' dir='ltr'>τελεσθείς</span> 
     </span>
    </p>
   </div>
   <div class='ocr_carea' id='block_1_74' title="bbox 64 2052 891 2098">
    <p class='ocr_par' dir='ltr' id='par_1_74' title="bbox 64 2052 891 2098">
     <span class='ocr_line' id='line_1_75' title="bbox 64 2052 891 2098; baseline -0.008 -11"><span class='ocrx_word' id='word_1_524' title='bbox 64 2052 183 2098; x_wconf 67' lang='grc' dir='ltr'>άῤῥαϐὼν</span> <span class='ocrx_word' id='word_1_525' title='bbox 199 2058 225 2086; x_wconf 74' lang='grc' dir='ltr'>ἒν</span> <span class='ocrx_word' id='word_1_526' title='bbox 240 2060 304 2085; x_wconf 82' lang='grc' dir='ltr'>πᾶσι</span> <span class='ocrx_word' id='word_1_527' title='bbox 319 2060 357 2094; x_wconf 85' lang='grc' dir='ltr'>τῷ</span> <span class='ocrx_word' id='word_1_528' title='bbox 371 2067 477 2094; x_wconf 84' lang='grc' dir='ltr'>νομιμῳ</span> <span class='ocrx_word' id='word_1_529' title='bbox 498 2056 576 2095; x_wconf 79' lang='grc' dir='ltr'>γάμῳ</span> <span class='ocrx_word' id='word_1_530' title='bbox 611 2054 767 2089; x_wconf 81' lang='grc' dir='ltr'>ταυτίζεται.</span> <span class='ocrx_word' id='word_1_531' title='bbox 801 2054 830 2082; x_wconf 84' lang='grc' dir='ltr'><strong>Εἰ</strong></span> <span class='ocrx_word' id='word_1_532' title='bbox 864 2052 891 2080; x_wconf 73' lang='grc' dir='ltr'>δὲ</span> 
     </span>
    </p>
   </div>
   <div class='ocr_carea' id='block_1_75' title="bbox 64 2098 890 2140">
    <p class='ocr_par' dir='ltr' id='par_1_75' title="bbox 64 2098 890 2140">
     <span class='ocr_line' id='line_1_76' title="bbox 64 2098 890 2140; baseline -0.007 -9"><span class='ocrx_word' id='word_1_533' title='bbox 64 2104 132 2132; x_wconf 84' lang='grc' dir='ltr'>κατὰ</span> <span class='ocrx_word' id='word_1_534' title='bbox 146 2103 197 2136; x_wconf 82' lang='grc' dir='ltr'>τὴν</span> <span class='ocrx_word' id='word_1_535' title='bbox 212 2102 356 2140; x_wconf 77' lang='grc' dir='ltr'>κρατοῦσαν</span> <span class='ocrx_word' id='word_1_536' title='bbox 385 2102 533 2135; x_wconf 67' lang='grc' dir='ltr'>συνήθειαν.</span> <span class='ocrx_word' id='word_1_537' title='bbox 569 2101 605 2132; x_wconf 85' lang='grc' dir='ltr'>ὡς</span> <span class='ocrx_word' id='word_1_538' title='bbox 641 2098 816 2140; x_wconf 70' lang='grc' dir='ltr'>μανθάνομεν,</span> <span class='ocrx_word' id='word_1_539' title='bbox 854 2098 890 2130; x_wconf 82' lang='grc' dir='ltr'>εἷς</span> 
     </span>
    </p>
   </div>
   <div class='ocr_carea' id='block_1_76' title="bbox 928 1556 1750 1599">
    <p class='ocr_par' dir='ltr' id='par_1_76' title="bbox 928 1556 1750 1599">
     <span class='ocr_line' id='line_1_77' title="bbox 928 1556 1750 1599; baseline 0.005 -15"><span class='ocrx_word' id='word_1_540' title='bbox 928 1559 1021 1585; x_wconf 87' lang='lat' dir='ltr'><strong>tutum</strong></span> <span class='ocrx_word' id='word_1_541' title='bbox 1051 1560 1105 1593; x_wconf 93' lang='lat' dir='ltr'><strong>est,</strong></span> <span class='ocrx_word' id='word_1_542' title='bbox 1136 1556 1312 1594; x_wconf 90' lang='lat' dir='ltr'><strong>initiaretur,</strong></span> <span class='ocrx_word' id='word_1_543' title='bbox 1348 1561 1377 1588; x_wconf 91' lang='lat' dir='ltr'><strong>et</strong></span> <span class='ocrx_word' id='word_1_544' title='bbox 1402 1568 1470 1589; x_wconf 89' lang='lat' dir='ltr'><strong>cum</strong></span> <span class='ocrx_word' id='word_1_545' title='bbox 1502 1568 1536 1589; x_wconf 85' lang='lat' dir='ltr'><strong>ea</strong></span> <span class='ocrx_word' id='word_1_546' title='bbox 1551 1559 1750 1599; x_wconf 85' lang='lat' dir='ltr'><strong>copularetur,</strong></span> 
     </span>
    </p>
   </div>
   <div class='ocr_carea' id='block_1_77' title="bbox 929 1600 1752 1643">
    <p class='ocr_par' dir='ltr' id='par_1_77' title="bbox 929 1600 1752 1643">
     <span class='ocr_line' id='line_1_78' title="bbox 929 1600 1752 1643; baseline 0.002 -13"><span class='ocrx_word' id='word_1_547' title='bbox 929 1600 1058 1631; x_wconf 85' lang='lat' dir='ltr'><strong>decessit</strong></span> <span class='ocrx_word' id='word_1_548' title='bbox 1085 1610 1091 1632; x_wconf 91' lang='lat'><strong>:</strong></span> <span class='ocrx_word' id='word_1_549' title='bbox 1123 1610 1160 1632; x_wconf 85' lang='lat' dir='ltr'><strong>an</strong></span> <span class='ocrx_word' id='word_1_550' title='bbox 1188 1610 1222 1631; x_wconf 87' lang='lat' dir='ltr'><strong>ea</strong></span> <span class='ocrx_word' id='word_1_551' title='bbox 1251 1602 1372 1642; x_wconf 90' lang='lat' dir='ltr'><strong>impune</strong></span> <span class='ocrx_word' id='word_1_552' title='bbox 1401 1602 1491 1634; x_wconf 82' lang='lat' dir='ltr'><strong>nubet</strong></span> <span class='ocrx_word' id='word_1_553' title='bbox 1529 1604 1617 1643; x_wconf 88' lang='lat' dir='ltr'><strong>hujus</strong></span> <span class='ocrx_word' id='word_1_554' title='bbox 1657 1602 1752 1639; x_wconf 78' lang='lat' dir='ltr'><strong>fratri,</strong></span> 
     </span>
    </p>
   </div>
   <div class='ocr_carea' id='block_1_78' title="bbox 930 1645 1051 1676">
    <p class='ocr_par' dir='ltr' id='par_1_78' title="bbox 930 1645 1051 1676">
     <span class='ocr_line' id='line_1_79' title="bbox 930 1645 1051 1676; baseline 0 -1"><span class='ocrx_word' id='word_1_555' title='bbox 930 1645 1051 1676; x_wconf 82' lang='lat' dir='ltr'><strong>necne?</strong></span> 
     </span>
    </p>
   </div>
   <div class='ocr_carea' id='block_1_79' title="bbox 971 1689 1754 1733">
    <p class='ocr_par' dir='ltr' id='par_1_79' title="bbox 971 1689 1754 1733">
     <span class='ocr_line' id='line_1_80' title="bbox 971 1689 1754 1733; baseline 0.005 -14"><span class='ocrx_word' id='word_1_556' title='bbox 971 1690 1038 1720; x_wconf 72' lang='lat' dir='ltr'><strong>Hes.</strong></span> <span class='ocrx_word' id='word_1_557' title='bbox 1056 1689 1139 1725; x_wconf 87' lang='lat' dir='ltr'><strong>Quod</strong></span> <span class='ocrx_word' id='word_1_558' title='bbox 1168 1689 1290 1728; x_wconf 91' lang='lat' dir='ltr'><strong>bonum,</strong></span> <span class='ocrx_word' id='word_1_559' title='bbox 1321 1701 1379 1722; x_wconf 93' lang='lat' dir='ltr'><strong>non</strong></span> <span class='ocrx_word' id='word_1_560' title='bbox 1396 1691 1506 1722; x_wconf 91' lang='lat' dir='ltr'><strong>bonum</strong></span> <span class='ocrx_word' id='word_1_561' title='bbox 1523 1695 1580 1733; x_wconf 86' lang='lat' dir='ltr'><strong>est,</strong></span> <span class='ocrx_word' id='word_1_562' title='bbox 1595 1691 1653 1723; x_wconf 88' lang='lat' dir='ltr'><strong>nisi</strong></span> <span class='ocrx_word' id='word_1_563' title='bbox 1675 1691 1754 1723; x_wconf 85' lang='lat' dir='ltr'><strong>bene</strong></span> 
     </span>
    </p>
   </div>
   <div class='ocr_carea' id='block_1_80' title="bbox 932 1732 1754 1776">
    <p class='ocr_par' dir='ltr' id='par_1_80' title="bbox 932 1732 1754 1776">
     <span class='ocr_line' id='line_1_81' title="bbox 932 1732 1754 1776; baseline 0.004 -13"><span class='ocrx_word' id='word_1_564' title='bbox 932 1733 992 1764; x_wconf 78' lang='lat' dir='ltr'><strong>fuit.</strong></span> <span class='ocrx_word' id='word_1_565' title='bbox 1011 1732 1041 1764; x_wconf 79' lang='lat' dir='ltr'><strong>Si</strong></span> <span class='ocrx_word' id='word_1_566' title='bbox 1067 1734 1156 1773; x_wconf 73' lang='lat' dir='ltr'><strong>igitur</strong></span> <span class='ocrx_word' id='word_1_567' title='bbox 1181 1735 1330 1775; x_wconf 86' lang='lat' dir='ltr'><strong>sponsalia</strong></span> <span class='ocrx_word' id='word_1_568' title='bbox 1357 1740 1386 1766; x_wconf 86' lang='lat' dir='ltr'><strong>et</strong></span> <span class='ocrx_word' id='word_1_569' title='bbox 1415 1737 1590 1768; x_wconf 89' lang='lat' dir='ltr'><strong>arrhabonis</strong></span> <span class='ocrx_word' id='word_1_570' title='bbox 1606 1737 1684 1767; x_wconf 86' lang='lat' dir='ltr'><strong>datio</strong></span> <span class='ocrx_word' id='word_1_571' title='bbox 1701 1745 1754 1776; x_wconf 90' lang='lat' dir='ltr'><strong>per</strong></span> 
     </span>
    </p>
   </div>
   <div class='ocr_carea' id='block_1_81' title="bbox 931 1778 1751 1820">
    <p class='ocr_par' dir='ltr' id='par_1_81' title="bbox 931 1778 1751 1820">
     <span class='ocr_line' id='line_1_82' title="bbox 931 1778 1751 1820; baseline 0.005 -12"><span class='ocrx_word' id='word_1_572' title='bbox 931 1778 1009 1808; x_wconf 75' lang='lat' dir='ltr'><strong>facta</strong></span> <span class='ocrx_word' id='word_1_573' title='bbox 1026 1778 1178 1818; x_wconf 86' lang='lat' dir='ltr'><strong>sintjuxta</strong></span> <span class='ocrx_word' id='word_1_574' title='bbox 1193 1780 1416 1820; x_wconf 89' lang='lat' dir='ltr'><strong>dispositionem</strong></span> <span class='ocrx_word' id='word_1_575' title='bbox 1430 1782 1552 1812; x_wconf 68' lang='lat' dir='ltr'><strong>novella:</strong></span> <span class='ocrx_word' id='word_1_576' title='bbox 1563 1780 1751 1812; x_wconf 89' lang='lat' dir='ltr'><strong>constitutio—</strong></span> 
     </span>
    </p>
   </div>
   <div class='ocr_carea' id='block_1_82' title="bbox 933 1822 1752 1864">
    <p class='ocr_par' dir='ltr' id='par_1_82' title="bbox 933 1822 1752 1864">
     <span class='ocr_line' id='line_1_83' title="bbox 933 1822 1752 1864; baseline 0.004 -12"><span class='ocrx_word' id='word_1_577' title='bbox 933 1822 978 1852; x_wconf 90' lang='lat' dir='ltr'><strong>nis</strong></span> <span class='ocrx_word' id='word_1_578' title='bbox 1001 1822 1102 1863; x_wconf 76' lang='lat' dir='ltr'><strong>inclyti</strong></span> <span class='ocrx_word' id='word_1_579' title='bbox 1131 1825 1330 1864; x_wconf 85' lang='lat' dir='ltr'><strong>imperatoris,</strong></span> <span class='ocrx_word' id='word_1_580' title='bbox 1361 1825 1473 1856; x_wconf 90' lang='lat' dir='ltr'><strong>domini</strong></span> <span class='ocrx_word' id='word_1_581' title='bbox 1489 1826 1575 1857; x_wconf 78' lang='lat' dir='ltr'><strong>Alexi</strong></span> <span class='ocrx_word' id='word_1_582' title='bbox 1596 1825 1752 1862; x_wconf 85' lang='lat' dir='ltr'><strong>Comneni,</strong></span> 
     </span>
    </p>
   </div>
   <div class='ocr_carea' id='block_1_83' title="bbox 934 1869 1752 1911">
    <p class='ocr_par' dir='ltr' id='par_1_83' title="bbox 934 1869 1752 1911">
     <span class='ocr_line' id='line_1_84' title="bbox 934 1869 1752 1911; baseline 0.006 -15"><span class='ocrx_word' id='word_1_583' title='bbox 934 1875 1000 1897; x_wconf 89' lang='lat' dir='ltr'><strong>cum</strong></span> <span class='ocrx_word' id='word_1_584' title='bbox 1017 1869 1239 1899; x_wconf 88' lang='lat' dir='ltr'><strong>consecratione</strong></span> <span class='ocrx_word' id='word_1_585' title='bbox 1256 1870 1426 1900; x_wconf 64' lang='lat' dir='ltr'><strong>ﬁsolitarum</strong></span> <span class='ocrx_word' id='word_1_586' title='bbox 1438 1875 1605 1901; x_wconf 83' lang='lat' dir='ltr'><strong>sanctarum</strong></span> <span class='ocrx_word' id='word_1_587' title='bbox 1617 1879 1752 1911; x_wconf 88' lang='lat' dir='ltr'><strong>precum,</strong></span> 
     </span>
    </p>
   </div>
   <div class='ocr_carea' id='block_1_84' title="bbox 934 1911 1756 1952">
    <p class='ocr_par' dir='ltr' id='par_1_84' title="bbox 934 1911 1756 1952">
     <span class='ocr_line' id='line_1_85' title="bbox 934 1911 1756 1952; baseline 0.005 -11"><span class='ocrx_word' id='word_1_588' title='bbox 934 1911 1045 1942; x_wconf 83' lang='lat' dir='ltr'><strong>femina</strong></span> <span class='ocrx_word' id='word_1_589' title='bbox 1060 1913 1220 1944; x_wconf 89' lang='lat' dir='ltr'><strong>evcedente</strong></span> <span class='ocrx_word' id='word_1_590' title='bbox 1235 1924 1347 1945; x_wconf 80' lang='lat' dir='ltr'><strong>annum</strong></span> <span class='ocrx_word' id='word_1_591' title='bbox 1362 1915 1584 1952; x_wconf 89' lang='lat' dir='ltr'><strong>duodecimum,</strong></span> <span class='ocrx_word' id='word_1_592' title='bbox 1600 1915 1693 1945; x_wconf 90' lang='lat' dir='ltr'><strong>virum</strong></span> <span class='ocrx_word' id='word_1_593' title='bbox 1704 1924 1756 1945; x_wconf 86' lang='lat' dir='ltr'><strong>au-</strong></span> 
     </span>
    </p>
   </div>
   <div class='ocr_carea' id='block_1_85' title="bbox 935 1957 1755 1997">
    <p class='ocr_par' dir='ltr' id='par_1_85' title="bbox 935 1957 1755 1997">
     <span class='ocr_line' id='line_1_86' title="bbox 935 1957 1755 1997; baseline 0.006 -12"><span class='ocrx_word' id='word_1_594' title='bbox 935 1959 993 1986; x_wconf 87' lang='lat' dir='ltr'><strong>tem</strong></span> <span class='ocrx_word' id='word_1_595' title='bbox 1011 1957 1159 1987; x_wconf 89' lang='lat' dir='ltr'><strong>decimum</strong></span> <span class='ocrx_word' id='word_1_596' title='bbox 1188 1963 1334 1997; x_wconf 89' lang='lat' dir='ltr'><strong>quartum,</strong></span> <span class='ocrx_word' id='word_1_597' title='bbox 1367 1969 1427 1990; x_wconf 92' lang='lat' dir='ltr'><strong>non</strong></span> <span class='ocrx_word' id='word_1_598' title='bbox 1443 1959 1532 1990; x_wconf 84' lang='lat' dir='ltr'><strong>ducet</strong></span> <span class='ocrx_word' id='word_1_599' title='bbox 1552 1969 1616 1990; x_wconf 84' lang='lat' dir='ltr'><strong>eam</strong></span> <span class='ocrx_word' id='word_1_600' title='bbox 1634 1968 1755 1990; x_wconf 81' lang='lat' dir='ltr'><strong>uxorem</strong></span> 
     </span>
    </p>
   </div>
   <div class='ocr_carea' id='block_1_86' title="bbox 933 2000 1756 2043">
    <p class='ocr_par' dir='ltr' id='par_1_86' title="bbox 933 2000 1756 2043">
     <span class='ocr_line' id='line_1_87' title="bbox 933 2000 1756 2043; baseline 0.006 -14"><span class='ocrx_word' id='word_1_601' title='bbox 933 2000 1025 2031; x_wconf 81' lang='lat' dir='ltr'><strong>frater</strong></span> <span class='ocrx_word' id='word_1_602' title='bbox 1038 2001 1219 2042; x_wconf 84' lang='lat' dir='ltr'><strong>ejus.Itaque</strong></span> <span class='ocrx_word' id='word_1_603' title='bbox 1231 2003 1309 2033; x_wconf 91' lang='lat' dir='ltr'><strong>enim</strong></span> <span class='ocrx_word' id='word_1_604' title='bbox 1322 2004 1470 2043; x_wconf 88' lang='lat' dir='ltr'><strong>perfectus</strong></span> <span class='ocrx_word' id='word_1_605' title='bbox 1480 2003 1756 2043; x_wconf 85' lang='lat' dir='ltr'><strong>arrhabolegitimis</strong></span> 
     </span>
    </p>
   </div>
   <div class='ocr_carea' id='block_1_87' title="bbox 933 2045 1755 2088">
    <p class='ocr_par' dir='ltr' id='par_1_87' title="bbox 933 2045 1755 2088">
     <span class='ocr_line' id='line_1_88' title="bbox 933 2045 1755 2088; baseline 0.006 -14"><span class='ocrx_word' id='word_1_606' title='bbox 933 2045 1042 2084; x_wconf 89' lang='lat' dir='ltr'><strong>nuptiis</strong></span> <span class='ocrx_word' id='word_1_607' title='bbox 1058 2047 1087 2076; x_wconf 90' lang='lat' dir='ltr'><strong>in</strong></span> <span class='ocrx_word' id='word_1_608' title='bbox 1103 2046 1241 2076; x_wconf 89' lang='lat' dir='ltr'><strong>omnibus</strong></span> <span class='ocrx_word' id='word_1_609' title='bbox 1257 2048 1533 2084; x_wconf 86' lang='lat' dir='ltr'><strong>assimilatur.Quod</strong></span> <span class='ocrx_word' id='word_1_610' title='bbox 1549 2050 1573 2079; x_wconf 91' lang='lat' dir='ltr'><strong>si</strong></span> <span class='ocrx_word' id='word_1_611' title='bbox 1584 2048 1669 2088; x_wconf 85' lang='lat' dir='ltr'><strong>juxta</strong></span> <span class='ocrx_word' id='word_1_612' title='bbox 1683 2057 1755 2078; x_wconf 87' lang='lat' dir='ltr'><strong>cou-</strong></span> 
     </span>
    </p>
   </div>
   <div class='ocr_carea' id='block_1_88' title="bbox 932 2091 1757 2133">
    <p class='ocr_par' dir='ltr' id='par_1_88' title="bbox 932 2091 1757 2133">
     <span class='ocr_line' id='line_1_89' title="bbox 932 2091 1757 2133; baseline 0.002 -13"><span class='ocrx_word' id='word_1_613' title='bbox 932 2091 1197 2130; x_wconf 62' lang='lat' dir='ltr'><strong>suetudinem,qum</strong></span> <span class='ocrx_word' id='word_1_614' title='bbox 1210 2092 1253 2131; x_wconf 88' lang='lat' dir='ltr'><strong>(ut</strong></span> <span class='ocrx_word' id='word_1_615' title='bbox 1267 2092 1436 2133; x_wconf 88' lang='lat' dir='ltr'><strong>didicimus)</strong></span> <span class='ocrx_word' id='word_1_616' title='bbox 1446 2093 1559 2124; x_wconf 88' lang='lat' dir='ltr'><strong>obtinet</strong></span> <span class='ocrx_word' id='word_1_617' title='bbox 1573 2094 1603 2123; x_wconf 94' lang='lat' dir='ltr'><strong>in</strong></span> <span class='ocrx_word' id='word_1_618' title='bbox 1619 2092 1757 2124; x_wconf 83' lang='lat' dir='ltr'><strong>omnibus</strong></span> 
     </span>
    </p>
   </div>
   <div class='ocr_carea' id='block_1_89' title="bbox 65 2134 878 2186">
    <p class='ocr_par' dir='ltr' id='par_1_89' title="bbox 65 2134 875 2186">
     <span class='ocr_line' id='line_1_90' title="bbox 65 2134 875 2186; baseline -0.009 -10"><span class='ocrx_word' id='word_1_619' title='bbox 65 2148 152 2176; x_wconf 85' lang='grc' dir='ltr'>πάντα</span> <span class='ocrx_word' id='word_1_620' title='bbox 165 2134 261 2186; x_wconf 48' lang='lat' dir='ltr'><strong>exesi.»</strong></span> <span class='ocrx_word' id='word_1_621' title='bbox 275 2146 308 2173; x_wconf 80' lang='grc' dir='ltr'>τὰ</span> <span class='ocrx_word' id='word_1_622' title='bbox 323 2145 391 2183; x_wconf 82' lang='grc' dir='ltr'>μέρη</span> <span class='ocrx_word' id='word_1_623' title='bbox 406 2134 453 2174; x_wconf 83' lang='grc' dir='ltr'><strong>τοῦ</strong></span> <span class='ocrx_word' id='word_1_624' title='bbox 481 2141 564 2184; x_wconf 72' lang='grc' dir='ltr'>Νόρου</span> <span class='ocrx_word' id='word_1_625' title='bbox 585 2144 628 2172; x_wconf 76' lang='grc' dir='ltr'><strong>καὶ</strong></span> <span class='ocrx_word' id='word_1_626' title='bbox 642 2134 706 2176; x_wconf 58' lang='grc' dir='ltr'><strong>⁷τῆς</strong></span> <span class='ocrx_word' id='word_1_627' title='bbox 730 2134 875 2186; x_wconf 64' lang='grc' dir='ltr'>Ἀνατολῆς</span> 
     </span>
    </p>
   </div>
   <div class='ocr_carea' id='block_1_90' title="bbox 970 2134 1758 2186">
    <p class='ocr_par' dir='ltr' id='par_1_90' title="bbox 970 2134 1758 2186">
     <span class='ocr_line' id='line_1_91' title="bbox 970 2134 1758 2186; baseline 0.005 -22"><span class='ocrx_word' id='word_1_628' title='bbox 970 2143 994 2183; x_wconf 68' lang='grc' dir='ltr'><strong>ὀ</strong></span> <span class='ocrx_word' id='word_1_629' title='bbox 1002 2134 1100 2165; x_wconf 84' lang='lat' dir='ltr'><strong>Austri</strong></span> <span class='ocrx_word' id='word_1_630' title='bbox 1110 2140 1138 2184; x_wconf 79' lang='lat' dir='ltr'><strong>et</strong></span> <span class='ocrx_word' id='word_1_631' title='bbox 1148 2135 1276 2186; x_wconf 67' lang='lat' dir='ltr'><strong>Orientis</strong></span> <span class='ocrx_word' id='word_1_632' title='bbox 1288 2137 1431 2176; x_wconf 85' lang='lat' dir='ltr'><strong>partibus,</strong></span> <span class='ocrx_word' id='word_1_633' title='bbox 1456 2142 1651 2178; x_wconf 72' lang='lat' dir='ltr'><strong>praemortuus</strong></span> <span class='ocrx_word' id='word_1_634' title='bbox 1670 2138 1758 2170; x_wconf 87' lang='lat' dir='ltr'><strong>aliter</strong></span> 
     </span>
    </p>
   </div>
   <div class='ocr_carea' id='block_1_91' title="bbox 67 2185 892 2230">
    <p class='ocr_par' dir='ltr' id='par_1_91' title="bbox 67 2185 892 2230">
     <span class='ocr_line' id='line_1_92' title="bbox 67 2185 892 2230; baseline -0.007 -10"><span class='ocrx_word' id='word_1_635' title='bbox 67 2191 251 2230; x_wconf 80' lang='grc' dir='ltr'>ἀλλοτροπως,</span> <span class='ocrx_word' id='word_1_636' title='bbox 281 2191 296 2217; x_wconf 77' lang='grc' dir='ltr'>ὁ</span> <span class='ocrx_word' id='word_1_637' title='bbox 323 2190 408 2217; x_wconf 84' lang='grc' dir='ltr'>θανὼν</span> <span class='ocrx_word' id='word_1_638' title='bbox 442 2189 491 2222; x_wconf 79' lang='grc' dir='ltr'><strong>τὴν</strong></span> <span class='ocrx_word' id='word_1_639' title='bbox 519 2192 658 2228; x_wconf 80' lang='grc' dir='ltr'>περιοῦσαν</span> <span class='ocrx_word' id='word_1_640' title='bbox 686 2185 892 2227; x_wconf 62' lang='grc' dir='ltr'><strong>ὴρβιιιϐωνίιιιατο⁷</strong></span> 
     </span>
    </p>
   </div>
   <div class='ocr_carea' id='block_1_92' title="bbox 69 2230 772 2275">
    <p class='ocr_par' dir='ltr' id='par_1_92' title="bbox 69 2230 772 2275">
     <span class='ocr_line' id='line_1_93' title="bbox 69 2230 772 2275; baseline -0.007 -11"><span class='ocrx_word' id='word_1_641' title='bbox 69 2235 226 2275; x_wconf 82' lang='grc' dir='ltr'>συζευχθείη</span> <span class='ocrx_word' id='word_1_642' title='bbox 241 2234 360 2272; x_wconf 84' lang='grc' dir='ltr'>νομίμως</span> <span class='ocrx_word' id='word_1_643' title='bbox 379 2233 445 2272; x_wconf 73' lang='grc' dir='ltr'><strong>αὔτῇ</strong></span> <span class='ocrx_word' id='word_1_644' title='bbox 460 2234 474 2261; x_wconf 82' lang='grc' dir='ltr'>ὁ</span> <span class='ocrx_word' id='word_1_645' title='bbox 495 2233 587 2261; x_wconf 68' lang='grc' dir='ltr'>τούτου</span> <span class='ocrx_word' id='word_1_646' title='bbox 603 2230 772 2271; x_wconf 73' lang='grc' dir='ltr'>αὖτάδελφος.</span> 
     </span>
    </p>
   </div>
   <div class='ocr_carea' id='block_1_93' title="bbox 109 2274 893 2320">
    <p class='ocr_par' dir='ltr' id='par_1_93' title="bbox 109 2274 893 2320">
     <span class='ocr_line' id='line_1_94' title="bbox 109 2274 893 2320; baseline -0.011 -10"><span class='ocrx_word' id='word_1_647' title='bbox 109 2274 257 2320; x_wconf 79' lang='grc' dir='ltr'>Ἐρώτησις</span> <span class='ocrx_word' id='word_1_648' title='bbox 298 2282 333 2314; x_wconf 86' lang='grc' dir='ltr'><strong>ζ.</strong></span> <span class='ocrx_word' id='word_1_649' title='bbox 380 2277 638 2318; x_wconf 84' lang='grc' dir='ltr'>Ἀπροκριματίστως</span> <span class='ocrx_word' id='word_1_650' title='bbox 688 2275 836 2320; x_wconf 81' lang='grc' dir='ltr'>ὂιακονικοῦ</span> <span class='ocrx_word' id='word_1_651' title='bbox 875 2274 893 2309; x_wconf 75' lang='grc' dir='ltr'>ἢ</span> 
     </span>
    </p>
   </div>
   <div class='ocr_carea' id='block_1_94' title="bbox 69 2319 894 2364">
    <p class='ocr_par' dir='ltr' id='par_1_94' title="bbox 69 2319 894 2364">
     <span class='ocr_line' id='line_1_95' title="bbox 69 2319 894 2364; baseline -0.008 -11"><span class='ocrx_word' id='word_1_652' title='bbox 69 2326 201 2364; x_wconf 72' lang='grc' dir='ltr'>ἱερατικοῦ</span> <span class='ocrx_word' id='word_1_653' title='bbox 217 2324 318 2361; x_wconf 83' lang='grc' dir='ltr'>βσθμου</span> <span class='ocrx_word' id='word_1_654' title='bbox 353 2322 475 2355; x_wconf 77' lang='grc' dir='ltr'>ἀξιωθείη</span> <span class='ocrx_word' id='word_1_655' title='bbox 496 2323 511 2350; x_wconf 78' lang='grc' dir='ltr'>ὁ</span> <span class='ocrx_word' id='word_1_656' title='bbox 545 2321 586 2350; x_wconf 82' lang='grc' dir='ltr'>διὰ</span> <span class='ocrx_word' id='word_1_657' title='bbox 613 2322 643 2348; x_wconf 82' lang='grc' dir='ltr'>τὸ</span> <span class='ocrx_word' id='word_1_658' title='bbox 670 2319 825 2352; x_wconf 78' lang='grc' dir='ltr'>τελευτῆσαι</span> <span class='ocrx_word' id='word_1_659' title='bbox 845 2320 894 2364; x_wconf 75' lang='grc' dir='ltr'><strong>τὴν</strong></span> 
     </span>
    </p>
   </div>
   <div class='ocr_carea' id='block_1_95' title="bbox 69 2363 895 2407">
    <p class='ocr_par' dir='ltr' id='par_1_95' title="bbox 69 2363 895 2407">
     <span class='ocr_line' id='line_1_96' title="bbox 69 2363 895 2407; baseline -0.007 -10"><span class='ocrx_word' id='word_1_660' title='bbox 69 2363 279 2407; x_wconf 79' lang='grc' dir='ltr'>μνηστευθεῖσαν</span> <span class='ocrx_word' id='word_1_661' title='bbox 294 2368 377 2405; x_wconf 80' lang='grc' dir='ltr'>αὐτῷ,</span> <span class='ocrx_word' id='word_1_662' title='bbox 408 2366 497 2406; x_wconf 77' lang='grc' dir='ltr'>ἑτέραν</span> <span class='ocrx_word' id='word_1_663' title='bbox 524 2363 633 2404; x_wconf 79' lang='grc' dir='ltr'>σύμϐιον</span> <span class='ocrx_word' id='word_1_664' title='bbox 663 2364 841 2403; x_wconf 78' lang='grc' dir='ltr'>ἀγαγόμενος,</span> <span class='ocrx_word' id='word_1_665' title='bbox 877 2363 895 2397; x_wconf 73' lang='grc' dir='ltr'>ἣ</span> 
     </span>
    </p>
   </div>
   <div class='ocr_carea' id='block_1_96' title="bbox 69 2411 440 2452">
    <p class='ocr_par' dir='ltr' id='par_1_96' title="bbox 69 2411 440 2452">
     <span class='ocr_line' id='line_1_97' title="bbox 69 2411 440 2452; baseline -0.008 -10"><span class='ocrx_word' id='word_1_666' title='bbox 69 2415 104 2445; x_wconf 84' lang='grc' dir='ltr'>ὡς</span> <span class='ocrx_word' id='word_1_667' title='bbox 120 2413 232 2452; x_wconf 86' lang='grc' dir='ltr'>δίγαμος</span> <span class='ocrx_word' id='word_1_668' title='bbox 246 2411 440 2447; x_wconf 84' lang='grc' dir='ltr'>κωλυθήσεται,</span> 
     </span>
    </p>
   </div>
   <div class='ocr_carea' id='block_1_97' title="bbox 111 2452 894 2494">
    <p class='ocr_par' dir='ltr' id='par_1_97' title="bbox 111 2452 894 2494">
     <span class='ocr_line' id='line_1_98' title="bbox 111 2452 894 2494; baseline -0.01 -8"><span class='ocrx_word' id='word_1_669' title='bbox 111 2458 177 2486; x_wconf 76' lang='lat' dir='ltr'><strong>&#39;A-it.</strong></span> <span class='ocrx_word' id='word_1_670' title='bbox 193 2457 222 2486; x_wconf 85' lang='grc' dir='ltr'>Εἰ</span> <span class='ocrx_word' id='word_1_671' title='bbox 236 2456 284 2494; x_wconf 80' lang='grc' dir='ltr'>μὲν</span> <span class='ocrx_word' id='word_1_672' title='bbox 318 2457 386 2484; x_wconf 80' lang='grc' dir='ltr'>κατὰ</span> <span class='ocrx_word' id='word_1_673' title='bbox 412 2456 461 2489; x_wconf 77' lang='grc' dir='ltr'>τὴν</span> <span class='ocrx_word' id='word_1_674' title='bbox 491 2457 541 2488; x_wconf 78' lang='grc' dir='ltr'>τῆς</span> <span class='ocrx_word' id='word_1_675' title='bbox 569 2453 685 2493; x_wconf 79' lang='grc' dir='ltr'>ρεθείσης</span> <span class='ocrx_word' id='word_1_676' title='bbox 716 2455 808 2490; x_wconf 84' lang='grc' dir='ltr'>νεαρᾶς</span> <span class='ocrx_word' id='word_1_677' title='bbox 823 2452 894 2479; x_wconf 80' lang='grc' dir='ltr'>ἀπο-</span> 
     </span>
    </p>
   </div>
   <div class='ocr_carea' id='block_1_98' title="bbox 69 2496 892 2540">
    <p class='ocr_par' dir='ltr' id='par_1_98' title="bbox 69 2496 892 2540">
     <span class='ocr_line' id='line_1_99' title="bbox 69 2496 892 2540; baseline -0.01 -9"><span class='ocrx_word' id='word_1_678' title='bbox 69 2503 188 2531; x_wconf 80' lang='grc' dir='ltr'>τύπωσιν</span> <span class='ocrx_word' id='word_1_679' title='bbox 221 2499 416 2540; x_wconf 76' lang='grc' dir='ltr'>ἠρῥαὸωνίσατο</span> <span class='ocrx_word' id='word_1_680' title='bbox 458 2499 507 2533; x_wconf 74' lang='grc' dir='ltr'><strong>τὴν</strong></span> <span class='ocrx_word' id='word_1_681' title='bbox 546 2497 730 2538; x_wconf 67' lang='grc' dir='ltr'>ἀποιχομένην</span> <span class='ocrx_word' id='word_1_682' title='bbox 760 2496 892 2534; x_wconf 79' lang='grc' dir='ltr'>μνηστὴν,</span> 
     </span>
    </p>
   </div>
   <div class='ocr_carea' id='block_1_99' title="bbox 71 2540 894 2587">
    <p class='ocr_par' dir='ltr' id='par_1_99' title="bbox 71 2540 894 2587">
     <span class='ocr_line' id='line_1_100' title="bbox 71 2540 894 2587; baseline -0.01 -12"><span class='ocrx_word' id='word_1_683' title='bbox 71 2547 146 2587; x_wconf 76' lang='grc' dir='ltr'>ἑτέρᾳ</span> <span class='ocrx_word' id='word_1_684' title='bbox 161 2546 263 2586; x_wconf 83' lang='grc' dir='ltr'>γυναικὶ</span> <span class='ocrx_word' id='word_1_685' title='bbox 288 2545 355 2583; x_wconf 79' lang='grc' dir='ltr'>μετὰ</span> <span class='ocrx_word' id='word_1_686' title='bbox 377 2545 424 2572; x_wconf 85' lang='grc' dir='ltr'>τὸν</span> <span class='ocrx_word' id='word_1_687' title='bbox 452 2544 551 2576; x_wconf 86' lang='grc' dir='ltr'>ταύτης</span> <span class='ocrx_word' id='word_1_688' title='bbox 593 2544 704 2570; x_wconf 82' lang='grc' dir='ltr'>θανατον</span> <span class='ocrx_word' id='word_1_689' title='bbox 732 2540 894 2587; x_wconf 70' lang='grc' dir='ltr'><strong>συζευχθεὶς²</strong></span> 
     </span>
    </p>
   </div>
   <div class='ocr_carea' id='block_1_100' title="bbox 72 2585 898 2628">
    <p class='ocr_par' dir='ltr' id='par_1_100' title="bbox 72 2585 898 2628">
     <span class='ocr_line' id='line_1_101' title="bbox 72 2585 898 2628; baseline -0.011 -8"><span class='ocrx_word' id='word_1_690' title='bbox 72 2585 119 2620; x_wconf 71' lang='grc' dir='ltr'><strong>οὒκ</strong></span> <span class='ocrx_word' id='word_1_691' title='bbox 148 2590 270 2624; x_wconf 73' lang='grc' dir='ltr'>ἀξιωθείη</span> <span class='ocrx_word' id='word_1_692' title='bbox 298 2590 397 2628; x_wconf 82' lang='grc' dir='ltr'>βαθμοῦ</span> <span class='ocrx_word' id='word_1_693' title='bbox 424 2599 495 2620; x_wconf 85' lang='grc' dir='ltr'>τινος</span> <span class='ocrx_word' id='word_1_694' title='bbox 522 2588 575 2616; x_wconf 76' lang='grc' dir='ltr'>τῶν</span> <span class='ocrx_word' id='word_1_695' title='bbox 601 2590 646 2615; x_wconf 86' lang='grc' dir='ltr'><strong>τοῦ</strong></span> <span class='ocrx_word' id='word_1_696' title='bbox 669 2587 800 2624; x_wconf 78' lang='grc' dir='ltr'>βήματος.</span> <span class='ocrx_word' id='word_1_697' title='bbox 821 2585 898 2623; x_wconf 85' lang='grc' dir='ltr'>Δίγα-</span> 
     </span>
    </p>
   </div>
   <div class='ocr_carea' id='block_1_101' title="bbox 73 2628 898 2676">
    <p class='ocr_par' dir='ltr' id='par_1_101' title="bbox 73 2628 898 2676">
     <span class='ocr_line' id='line_1_102' title="bbox 73 2628 898 2676; baseline -0.011 -12"><span class='ocrx_word' id='word_1_698' title='bbox 73 2647 121 2675; x_wconf 90' lang='grc' dir='ltr'><strong>μος</strong></span> <span class='ocrx_word' id='word_1_699' title='bbox 135 2637 187 2676; x_wconf 77' lang='grc' dir='ltr'><strong>γὰρ</strong></span> <span class='ocrx_word' id='word_1_700' title='bbox 200 2634 344 2674; x_wconf 80' lang='grc' dir='ltr'>λογίζεται,</span> <span class='ocrx_word' id='word_1_701' title='bbox 364 2635 392 2662; x_wconf 82' lang='lat' dir='ltr'><strong>El</strong></span> <span class='ocrx_word' id='word_1_702' title='bbox 406 2633 433 2662; x_wconf 80' lang='grc' dir='ltr'><strong>δὲ</strong></span> <span class='ocrx_word' id='word_1_703' title='bbox 461 2633 533 2672; x_wconf 83' lang='grc' dir='ltr'>παρὰ</span> <span class='ocrx_word' id='word_1_704' title='bbox 561 2632 609 2665; x_wconf 80' lang='grc' dir='ltr'>τὴν</span> <span class='ocrx_word' id='word_1_705' title='bbox 630 2631 728 2663; x_wconf 81' lang='grc' dir='ltr'>ταύτης</span> <span class='ocrx_word' id='word_1_706' title='bbox 756 2628 898 2668; x_wconf 79' lang='grc' dir='ltr'>περίληψιν</span> 
     </span>
    </p>
   </div>
   <div class='ocr_carea' id='block_1_102' title="bbox 935 2177 1758 2222">
    <p class='ocr_par' dir='ltr' id='par_1_102' title="bbox 935 2177 1758 2222">
     <span class='ocr_line' id='line_1_103' title="bbox 935 2177 1758 2222; baseline 0.004 -14"><span class='ocrx_word' id='word_1_707' title='bbox 935 2177 991 2209; x_wconf 89' lang='lat' dir='ltr'><strong>sibi</strong></span> <span class='ocrx_word' id='word_1_708' title='bbox 1007 2180 1194 2218; x_wconf 84' lang='lat' dir='ltr'><strong>superstitem</strong></span> <span class='ocrx_word' id='word_1_709' title='bbox 1225 2177 1474 2220; x_wconf 20' lang='lat' dir='ltr'><strong>desponsaveratiz</strong></span> <span class='ocrx_word' id='word_1_710' title='bbox 1493 2182 1582 2222; x_wconf 87' lang='lat' dir='ltr'><strong>hujus</strong></span> <span class='ocrx_word' id='word_1_711' title='bbox 1600 2190 1758 2221; x_wconf 84' lang='lat' dir='ltr'><strong>germanus</strong></span> 
     </span>
    </p>
   </div>
   <div class='ocr_carea' id='block_1_103' title="bbox 936 2223 1656 2264">
    <p class='ocr_par' dir='ltr' id='par_1_103' title="bbox 936 2223 1656 2264">
     <span class='ocr_line' id='line_1_104' title="bbox 936 2223 1656 2264; baseline 0.007 -12"><span class='ocrx_word' id='word_1_712' title='bbox 936 2223 964 2253; x_wconf 91' lang='lat' dir='ltr'><strong>ei</strong></span> <span class='ocrx_word' id='word_1_713' title='bbox 978 2223 1108 2262; x_wconf 85' lang='lat' dir='ltr'><strong>legitime</strong></span> <span class='ocrx_word' id='word_1_714' title='bbox 1124 2225 1329 2264; x_wconf 81' lang='lat' dir='ltr'><strong>conjungatur.</strong></span> <span class='ocrx_word' id='word_1_715' title='bbox 1653 2258 1656 2262; x_wconf 66' lang='grc'>,</span> 
     </span>
    </p>
   </div>
   <div class='ocr_carea' id='block_1_104' title="bbox 976 2267 1758 2310">
    <p class='ocr_par' dir='ltr' id='par_1_104' title="bbox 976 2267 1758 2310">
     <span class='ocr_line' id='line_1_105' title="bbox 976 2267 1758 2310; baseline 0.005 -12"><span class='ocrx_word' id='word_1_716' title='bbox 976 2267 1068 2299; x_wconf 76' lang='lat' dir='ltr'><strong>Inter.</strong></span> <span class='ocrx_word' id='word_1_717' title='bbox 1085 2269 1111 2299; x_wconf 83' lang='lat'><strong>7.</strong></span> <span class='ocrx_word' id='word_1_718' title='bbox 1128 2269 1173 2299; x_wconf 88' lang='lat' dir='ltr'><strong>Au</strong></span> <span class='ocrx_word' id='word_1_719' title='bbox 1182 2270 1246 2299; x_wconf 86' lang='lat' dir='ltr'><strong>siue</strong></span> <span class='ocrx_word' id='word_1_720' title='bbox 1261 2270 1432 2310; x_wconf 61' lang='lat' dir='ltr'><strong>prazjudicio</strong></span> <span class='ocrx_word' id='word_1_721' title='bbox 1447 2270 1601 2302; x_wconf 89' lang='lat' dir='ltr'><strong>diaconico</strong></span> <span class='ocrx_word' id='word_1_722' title='bbox 1616 2275 1758 2302; x_wconf 83' lang='lat' dir='ltr'><strong>etsacer-</strong></span> 
     </span>
    </p>
   </div>
   <div class='ocr_carea' id='block_1_105' title="bbox 936 2312 1759 2356">
    <p class='ocr_par' dir='ltr' id='par_1_105' title="bbox 936 2312 1759 2356">
     <span class='ocr_line' id='line_1_106' title="bbox 936 2312 1759 2356; baseline 0.005 -14"><span class='ocrx_word' id='word_1_723' title='bbox 936 2312 1024 2343; x_wconf 90' lang='lat' dir='ltr'><strong>dotali</strong></span> <span class='ocrx_word' id='word_1_724' title='bbox 1050 2314 1142 2352; x_wconf 83' lang='lat' dir='ltr'><strong>gradu</strong></span> <span class='ocrx_word' id='word_1_725' title='bbox 1169 2314 1275 2354; x_wconf 75' lang='lat' dir='ltr'><strong>dignus</strong></span> <span class='ocrx_word' id='word_1_726' title='bbox 1291 2314 1459 2355; x_wconf 86' lang='lat' dir='ltr'><strong>habebitur,</strong></span> <span class='ocrx_word' id='word_1_727' title='bbox 1488 2316 1537 2356; x_wconf 87' lang='lat' dir='ltr'><strong>qui</strong></span> <span class='ocrx_word' id='word_1_728' title='bbox 1563 2325 1630 2346; x_wconf 88' lang='lat' dir='ltr'><strong>cum</strong></span> <span class='ocrx_word' id='word_1_729' title='bbox 1644 2320 1759 2346; x_wconf 86' lang='lat' dir='ltr'><strong>mortua</strong></span> 
     </span>
    </p>
   </div>
   <div class='ocr_carea' id='block_1_106' title="bbox 935 2357 1758 2401">
    <p class='ocr_par' dir='ltr' id='par_1_106' title="bbox 935 2357 1758 2401">
     <span class='ocr_line' id='line_1_107' title="bbox 935 2357 1758 2401; baseline 0.005 -14"><span class='ocrx_word' id='word_1_730' title='bbox 935 2357 1029 2397; x_wconf 88' lang='lat' dir='ltr'><strong>ipsius</strong></span> <span class='ocrx_word' id='word_1_731' title='bbox 1054 2362 1132 2389; x_wconf 89' lang='lat' dir='ltr'><strong>esset</strong></span> <span class='ocrx_word' id='word_1_732' title='bbox 1159 2368 1277 2398; x_wconf 85' lang='lat' dir='ltr'><strong>sponsa,</strong></span> <span class='ocrx_word' id='word_1_733' title='bbox 1308 2359 1397 2389; x_wconf 91' lang='lat' dir='ltr'><strong>alium</strong></span> <span class='ocrx_word' id='word_1_734' title='bbox 1422 2360 1578 2400; x_wconf 86' lang='lat' dir='ltr'><strong>conjugem</strong></span> <span class='ocrx_word' id='word_1_735' title='bbox 1602 2360 1695 2401; x_wconf 83' lang='lat' dir='ltr'><strong>duxit,</strong></span> <span class='ocrx_word' id='word_1_736' title='bbox 1721 2370 1758 2391; x_wconf 88' lang='lat' dir='ltr'><strong>an</strong></span> 
     </span>
    </p>
   </div>
   <div class='ocr_carea' id='block_1_107' title="bbox 936 2401 1405 2443">
    <p class='ocr_par' dir='ltr' id='par_1_107' title="bbox 936 2401 1405 2443">
     <span class='ocr_line' id='line_1_108' title="bbox 936 2401 1405 2443; baseline 0.002 -11"><span class='ocrx_word' id='word_1_737' title='bbox 936 2401 1017 2433; x_wconf 90' lang='lat' dir='ltr'><strong>velut</strong></span> <span class='ocrx_word' id='word_1_738' title='bbox 1031 2401 1160 2433; x_wconf 91' lang='lat' dir='ltr'><strong>binubus</strong></span> <span class='ocrx_word' id='word_1_739' title='bbox 1176 2403 1405 2443; x_wconf 86' lang='lat' dir='ltr'><strong>prohibebitur?</strong></span> 
     </span>
    </p>
   </div>
   <div class='ocr_carea' id='block_1_108' title="bbox 978 2446 1759 2488">
    <p class='ocr_par' dir='ltr' id='par_1_108' title="bbox 978 2446 1759 2488">
     <span class='ocr_line' id='line_1_109' title="bbox 978 2446 1759 2488; baseline 0.004 -11"><span class='ocrx_word' id='word_1_740' title='bbox 978 2448 1042 2478; x_wconf 77' lang='lat' dir='ltr'><strong>Res.</strong></span> <span class='ocrx_word' id='word_1_741' title='bbox 1061 2446 1092 2478; x_wconf 88' lang='lat' dir='ltr'><strong>Si</strong></span> <span class='ocrx_word' id='word_1_742' title='bbox 1107 2447 1226 2487; x_wconf 89' lang='lat' dir='ltr'><strong>quidem</strong></span> <span class='ocrx_word' id='word_1_743' title='bbox 1235 2448 1319 2487; x_wconf 83' lang='lat' dir='ltr'><strong>juxta</strong></span> <span class='ocrx_word' id='word_1_744' title='bbox 1335 2449 1480 2488; x_wconf 71' lang='lat' dir='ltr'><strong>praedictae</strong></span> <span class='ocrx_word' id='word_1_745' title='bbox 1499 2450 1623 2481; x_wconf 60' lang='lat' dir='ltr'><strong>novella</strong></span> <span class='ocrx_word' id='word_1_746' title='bbox 1635 2450 1759 2480; x_wconf 88' lang='lat' dir='ltr'><strong>formam</strong></span> 
     </span>
    </p>
   </div>
   <div class='ocr_carea' id='block_1_109' title="bbox 937 2491 1759 2535">
    <p class='ocr_par' dir='ltr' id='par_1_109' title="bbox 937 2491 1759 2535">
     <span class='ocr_line' id='line_1_110' title="bbox 937 2491 1759 2535; baseline 0.004 -13"><span class='ocrx_word' id='word_1_747' title='bbox 937 2491 1134 2531; x_wconf 83' lang='lat' dir='ltr'><strong>desponderat</strong></span> <span class='ocrx_word' id='word_1_748' title='bbox 1150 2492 1206 2522; x_wconf 90' lang='lat' dir='ltr'><strong>sibi</strong></span> <span class='ocrx_word' id='word_1_749' title='bbox 1223 2497 1365 2523; x_wconf 87' lang='lat' dir='ltr'><strong>mortuam</strong></span> <span class='ocrx_word' id='word_1_750' title='bbox 1378 2499 1596 2534; x_wconf 85' lang='lat' dir='ltr'><strong>sponsam,post</strong></span> <span class='ocrx_word' id='word_1_751' title='bbox 1605 2495 1668 2535; x_wconf 90' lang='lat' dir='ltr'><strong>ejus</strong></span> <span class='ocrx_word' id='word_1_752' title='bbox 1678 2503 1759 2525; x_wconf 90' lang='lat' dir='ltr'><strong>mor-</strong></span> 
     </span>
    </p>
   </div>
   <div class='ocr_carea' id='block_1_110' title="bbox 938 2536 1761 2579">
    <p class='ocr_par' dir='ltr' id='par_1_110' title="bbox 938 2536 1761 2579">
     <span class='ocr_line' id='line_1_111' title="bbox 938 2536 1761 2579; baseline 0.005 -13"><span class='ocrx_word' id='word_1_753' title='bbox 938 2541 997 2567; x_wconf 91' lang='lat' dir='ltr'><strong>tem</strong></span> <span class='ocrx_word' id='word_1_754' title='bbox 1013 2536 1062 2566; x_wconf 87' lang='lat' dir='ltr'><strong>alii</strong></span> <span class='ocrx_word' id='word_1_755' title='bbox 1080 2537 1165 2566; x_wconf 83' lang='lat' dir='ltr'><strong>uxori</strong></span> <span class='ocrx_word' id='word_1_756' title='bbox 1182 2537 1356 2576; x_wconf 83' lang='lat' dir='ltr'><strong>conjunctus</strong></span> <span class='ocrx_word' id='word_1_757' title='bbox 1374 2547 1433 2568; x_wconf 92' lang='lat' dir='ltr'><strong>non</strong></span> <span class='ocrx_word' id='word_1_758' title='bbox 1448 2543 1648 2579; x_wconf 79' lang='lat' dir='ltr'><strong>consequetur</strong></span> <span class='ocrx_word' id='word_1_759' title='bbox 1668 2539 1761 2569; x_wconf 92' lang='lat' dir='ltr'><strong>ullum</strong></span> 
     </span>
    </p>
   </div>
   <div class='ocr_carea' id='block_1_111' title="bbox 939 2581 1758 2620">
    <p class='ocr_par' dir='ltr' id='par_1_111' title="bbox 939 2581 1758 2620">
     <span class='ocr_line' id='line_1_112' title="bbox 939 2581 1758 2620; baseline 0.004 -9"><span class='ocrx_word' id='word_1_760' title='bbox 939 2581 1039 2611; x_wconf 83' lang='lat' dir='ltr'><strong>altaris</strong></span> <span class='ocrx_word' id='word_1_761' title='bbox 1050 2581 1171 2620; x_wconf 82' lang='lat' dir='ltr'><strong>gradum</strong></span> <span class='ocrx_word' id='word_1_762' title='bbox 1191 2591 1196 2610; x_wconf 93' lang='lat'>:</span> <span class='ocrx_word' id='word_1_763' title='bbox 1222 2581 1350 2612; x_wconf 91' lang='lat' dir='ltr'><strong>binubus</strong></span> <span class='ocrx_word' id='word_1_764' title='bbox 1377 2583 1455 2613; x_wconf 89' lang='lat' dir='ltr'><strong>enim</strong></span> <span class='ocrx_word' id='word_1_765' title='bbox 1472 2588 1620 2614; x_wconf 87' lang='lat' dir='ltr'><strong>censetur.</strong></span> <span class='ocrx_word' id='word_1_766' title='bbox 1639 2583 1690 2614; x_wconf 92' lang='lat' dir='ltr'><strong>Sin</strong></span> <span class='ocrx_word' id='word_1_767' title='bbox 1706 2593 1758 2614; x_wconf 85' lang='lat' dir='ltr'><strong>au-</strong></span> 
     </span>
    </p>
   </div>
   <div class='ocr_carea' id='block_1_112' title="bbox 941 2626 1764 2669">
    <p class='ocr_par' dir='ltr' id='par_1_112' title="bbox 941 2626 1764 2669">
     <span class='ocr_line' id='line_1_113' title="bbox 941 2626 1764 2669; baseline 0.005 -13"><span class='ocrx_word' id='word_1_768' title='bbox 941 2631 999 2657; x_wconf 91' lang='lat' dir='ltr'><strong>tem</strong></span> <span class='ocrx_word' id='word_1_769' title='bbox 1024 2632 1131 2666; x_wconf 65' lang='lat' dir='ltr'><strong>praeter</strong></span> <span class='ocrx_word' id='word_1_770' title='bbox 1157 2626 1222 2666; x_wconf 83' lang='lat' dir='ltr'><strong>ejus</strong></span> <span class='ocrx_word' id='word_1_771' title='bbox 1252 2630 1385 2657; x_wconf 88' lang='lat' dir='ltr'><strong>tenorem</strong></span> <span class='ocrx_word' id='word_1_772' title='bbox 1414 2636 1482 2658; x_wconf 90' lang='lat' dir='ltr'><strong>cum</strong></span> <span class='ocrx_word' id='word_1_773' title='bbox 1511 2632 1627 2659; x_wconf 87' lang='lat' dir='ltr'><strong>mortuo</strong></span> <span class='ocrx_word' id='word_1_774' title='bbox 1654 2637 1764 2669; x_wconf 79' lang='lat' dir='ltr'><strong>sponsa</strong></span> 
     </span>
    </p>
   </div>
   <div class='ocr_carea' id='block_1_113' title="bbox 743 2709 1109 2744">
    <p class='ocr_par' dir='ltr' id='par_1_113' title="bbox 743 2709 1109 2744">
     <span class='ocr_line' id='line_1_114' title="bbox 743 2709 1109 2744; baseline -0.005 0"><span class='ocrx_word' id='word_1_775' title='bbox 743 2712 870 2744; x_wconf 68' lang='lat' dir='ltr'><strong>VARIE</strong></span> <span class='ocrx_word' id='word_1_776' title='bbox 893 2709 1109 2744; x_wconf 84' lang='lat' dir='ltr'><strong>LECTIONES.</strong></span> 
     </span>
    </p>
   </div>
   <div class='ocr_carea' id='block_1_114' title="bbox 115 2787 331 2829">
    <p class='ocr_par' dir='ltr' id='par_1_114' title="bbox 115 2787 331 2829">
     <span class='ocr_line' id='line_1_115' title="bbox 115 2787 331 2829; baseline -0.009 -10"><span class='ocrx_word' id='word_1_777' title='bbox 115 2793 125 2810; x_wconf 76' lang='grc'>³</span> <span class='ocrx_word' id='word_1_778' title='bbox 144 2787 331 2829; x_wconf 78' lang='lat' dir='ltr'><strong>peractione.</strong></span> 
     </span>
    </p>
   </div>
  </div>
