1946 3080
51 149 141 183 1045
730 146 1067 182 θΒΛῦΟΟ-ΒΟΜΑΝΗΜ
1674 146 1752 179 1046

47 227 114 248 σεις
146 217 242 256 Πάσχα
266 217 350 256 Κυρίῳ
378 220 416 254 τῷ
438 221 496 254 Θεῷ
519 227 575 248 σου.
605 215 739 246 Ἐντεῦθεν
768 218 886 255 καθαρῶς

960 224 974 244 s
989 214 1142 246 Paschatis
1153 214 1278 245 Domino
1289 215 1350 246 Deo
1362 218 1423 246 tuo.
1438 215 1509 247 lnde
1529 215 1608 246 clare
1625 215 1754 247 innuens

49 261 243 298 αἰνιττόμενος
284 265 331 290 τοῦ
361 260 506 291 Ἰουδαῖκοῦ
543 261 638 301 Πάσχα
672 262 721 295 τὴν
744 301 750 309 ι
769 260 889 309 παντελῆ

959 258 1042 290 Idaici
1058 259 1210 309 Paschalis
1218 259 1335 299 plenam
1349 260 1546 298 vocationem,
1562 264 1685 301 propter
1695 259 1754 291 loci

48 305 202 344 ἀπραξίαν,
226 304 269 334 διὰ
296 307 328 334 τὸ
359 309 406 334 τοῦ
433 306 514 334 τόπου
550 306 712 341 μονώτατον.
744 301 772 334 ¹0
793 304 821 334 δὲ
851 307 878 334 νθ

49 350 152 378 κανὼν
168 352 217 383 τῆς
254 351 281 378 ἐν
306 353 345 387 τῷ
386 350 509 390 Τρούλλῳ
535 350 579 378 τοῦ
606 350 722 389 μεγάλου
763 349 888 378 παλατίου

50 395 197 428 συστάσης
218 395 294 434 ἁγίας
323 395 366 423 καὶ
387 395 567 433 οἶκοομενικῆς
595 394 712 432 συνόδου,
729 395 772 423 καὶ
802 396 816 422 6
845 393 887 422 ’κδ’

50 440 152 467 κανὼν
185 441 234 473 τῆς
263 439 290 467 ἐν
319 439 455 478 Καθαγένῃ
498 438 615 479 συνόδου,
645 439 793 476 καθαιρέσει
821 441 887 467 καθ-

50 482 239 513 υποϐάλλοοσι
253 484 299 512 τὸν
321 483 348 512 ἐν
363 484 493 524 εὖκτηρίῳ
516 484 585 520 οἴκιμ
610 485 683 512 θεῖον
716 483 888 512 ἐκτελέσαντα

53 527 215 566 βάπτισμα.
260 529 419 568 Διορίζονται
454 529 504 568 γὰρ
545 528 572 556 ἐν
606 527 760 559 καθολικατς
787 527 887 560 ἐκκλη-

53 573 134 605 σίαις
150 574 182 601 τὰ
195 574 363 611 βαπτίσματα
391 573 518 613 γίνεσθαι.
543 569 624 602 Ἀλλὰ
638 574 682 601 καὶ
703 575 718 601 6
738 568 783 601 λα’
803 574 889 601 κανὼν

52 617 110 651 τῆς
135 618 164 645 ἐν
185 621 224 655 τῷ
238 617 361 657 Τρούλλῳ
377 617 494 655 συνόδου,
521 619 565 647 καὶ
593 620 606 646 6
638 619 663 656 ιβ
688 619 775 646 κανὼν
791 621 839 651 τῆς
862 618 889 646 ἐν

53 666 101 700 τῷ
134 665 190 700 ναῷ
218 663 270 690 τῶν
300 663 381 701 ἁγίων
416 662 571 690 ἀποστόλων
605 663 738 696 συστάσης
768 662 887 702 συνόδου,

53 705 246 735 διατάττοντας.
275 707 342 744 μετὰ
371 707 548 746 ἐκχωρήσεως
584 707 758 740 ὲπισκοπικῆς
780 708 823 735 καὶ
852 708 887 739 εἷς

55 752 217 791 εὗκτηρίους
246 750 336 783 οἴκους
365 751 498 780 τελεῖσθαι
527 752 706 790 βαπτίσματα.
747 747 774 780 ’0
798 751 886 789 μέντοι

55 795 182 833 ἀοίδιμος
197 795 318 835 βασιλεὺς
343 796 429 836 κύριος
460 795 544 836 Λέων,
561 798 574 824 6
596 797 685 836 σοφὸς,
708 795 812 834 βλέπων
838 797 886 829 τὴν

56 840 199 880 ὀρθόδοξον
245 841 331 869 πίστιν
381 840 572 878 εὖθηνουμένην
616 842 652 872 ὡς
681 840 811 880 ἄμπελον,
847 838 891 868 καὶ

928 303 1174 342 singularitatem.
1188 303 1289 335 Canon
1299 308 1396 335 autem
1414 305 1451 336 59
1461 309 1570 336 sanctaa
1582 309 1610 336 et
1618 314 1753 336 (Boume-

929 348 1003 379 nica:
1014 348 1117 388 synodi
1139 352 1246 379 coactae
1256 348 1286 379 in
1299 348 1399 379 Trullo
1413 349 1511 389 magni
1529 350 1640 390 palatii.
1658 353 1687 381 et
1701 359 1752 381 ca-

931 401 989 422 non
1005 393 1042 423 84
1072 393 1176 432 synodi
1204 393 1459 432 Carthaginensis.
1488 393 1752 433 depositionisub-

925 436 1033 476 jiciunt
1076 446 1154 473 eum,
1197 437 1247 478 qui
1286 437 1318 468 in
1348 437 1476 468 oratoria
1504 438 1592 468 domo
1619 438 1753 469 divinum

931 481 1086 520 perﬁciunt
1101 481 1256 522 baptisma.
1275 481 1411 512 Statuunt
1437 482 1516 512 enim
1533 481 1708 522 baptismata
1722 482 1755 514 in

930 525 1084 556 catholicis
1103 525 1244 557 Ecclesiis
1269 525 1379 557 debere
1395 526 1470 557 ﬁeri.
1489 525 1547 557 Sed
1563 529 1593 556 et
1606 526 1638 558 31
1660 535 1755 558 canon

930 569 1033 610 synodi
1063 570 1093 600 in
1108 570 1223 608 Trullo,
1255 575 1284 601 et
1299 571 1336 601 12
1360 580 1454 602 canon
1480 570 1584 610 synodi
1601 575 1709 602 coacta
1723 571 1755 602 in

930 614 1038 654 templo
1055 619 1223 645 sanctorum
1240 615 1454 655 apostolorum,
1479 615 1663 645 constituunt
1678 619 1710 645 ut
1727 620 1756 646 et

928 658 958 688 in
971 659 1248 690 oratoriisdomibus
1260 659 1436 699 baptismata
1444 659 1516 690 ﬁant
1527 668 1594 690 cum
1607 659 1754 700 permissu

929 703 1073 743 episcopi.
1105 703 1233 744 Inclytus
1259 713 1331 734 sane
1352 704 1513 744 imperator
1539 704 1679 735 dominus
1694 704 1754 735 Leo

930 747 1136 787 philosophus,
1153 748 1256 778 videns
1270 749 1462 779 orthodoxam
1479 748 1568 779 ﬁdem
1584 748 1754 780 exuberan-

931 796 992 822 tem
1008 796 1041 823 ut
1057 792 1155 832 vitem,
1180 796 1208 823 et
1220 797 1404 824 crescentem
1425 798 1457 823 ut
1467 793 1608 824 olivarum
1621 793 1756 834 palmites

934 836 964 866 in
993 836 1117 867 circuitu
1150 847 1258 868 mensae
1293 837 1488 868 ecclesiarum
1519 838 1595 877 ejus,
1624 837 1757 868 deﬁnivit

59 886 244 924 αὐξανομένην
273 887 309 918 ὡς
339 887 450 926 νεόφυτα
486 885 591 922 ἐλαιῶν,
624 886 711 922 κύκλῳ
738 889 787 920 τῆς
823 898 888 925 τρα-

959 894 961 909 ι
977 881 1000 926 4,
1011 885 1040 911 et
1058 884 1093 912 15
1121 881 1249 918 Novella,
1279 891 1336 912 non
1356 886 1469 913 tantum
1485 882 1516 912 in
1532 876 1686 912 catholicis
1702 891 1754 912 ec-

58 930 150 966 πέζης
179 934 230 959 τῶν
266 931 364 964 ταύτης
386 929 545 970 ἐκκλησιῶν,
575 928 711 969 διωρίσατο
738 930 764 958 ἐν
794 930 816 958 δ’
846 932 889 958 καὶ

59 975 92 1003 ἐν
125 970 159 1002 ιε’
194 978 280 1014 Νεαρᾷ
308 974 463 1013 θεσμοθεσία
490 974 569 1003 αἱ)τοῦ
597 975 635 1012 μὴ
670 975 751 1012 μόνον
772 976 808 1006 εἷς
843 976 889 1006 τὰς

58 1019 208 1052 ἐκκλησίας
229 1018 298 1048 ἀλλὰ
339 1019 386 1048 καῖ
428 1020 463 1050 εἷς
512 1019 572 1050 τοὺς
619 1019 769 1057 εὖκτηρίους
798 1019 889 1051 οἴκους

60 1064 240 1096 ἀδιαστίκτως
279 1063 466 1104 ἱεροτελεστίας
493 1064 536 1092 καὶ
572 1064 740 1101 βαπτισμάτα
761 1065 886 1103 γίνεσθαι,

63 1109 115 1136 Διὸ
137 1109 204 1136 κατὰ
227 1109 274 1142 τὴν
309 1109 408 1137 τούτων
433 1107 586 1147 περίληψιν,
603 1109 616 1135 6
633 1108 699 1145 μετὰ
727 1108 888 1146 ἅντιμινσίου

59 1154 248 1193 ἱερουργήσας,
276 1153 294 1187 ἢ
325 1153 453 1191 βαπτίσας
489 1153 524 1183 εἷς
554 1153 690 1191 εὖκτήριον
724 1153 812 1192 οἷκον,
849 1153 888 1190 μὴ

59 1197 204 1237 ἱερωθέντα
232 1197 265 1225 δι’
290 1197 428 1237 ἒγκαινίων
463 1195 593 1233 ἀνοιξίων,
623 1197 666 1224 καὶ
694 1201 740 1226 τοῦ
761 1198 887 1231 συνήθους

61 1242 245 1282 ἐνθρονισμοῦ,
262 1243 306 1270 καὶ
334 1241 423 1279 μέντοι
451 1242 494 1269 καὶ
510 1239 552 1269 διὰ
582 1240 714 1278 λειψάνων
745 1242 826 1280 ἁγίων
841 1242 886 1270 ὲν-

60 1287 212 1326 σοριασμοῦ
240 1287 334 1325 (ταῦτα
360 1286 409 1325 γὰρ
432 1286 480 1313 εἶσι
508 1286 559 1313 τῶν
581 1284 727 1314 καθολικῶν
769 1285 887 1319 Ἐκκλη-

62 1335 132 1359 σιῶν
147 1331 397 1371 ἀποθησαυρίσματα
419 1329 466 1358 καί
498 1329 652 1368 ὑψώματα),
675 1328 736 1358 ἀλλ’
752 1331 788 1362 εἰς
803 1331 889 1370 εὐχὴν

62 1375 186 1408 obtundi-1
213 1374 383 1415 ἀφορισθέντα
411 1377 523 1411 πιστῶν,
549 1373 567 1408 ἢ
589 1375 626 1406 εἰς
654 1374 768 1403 οὶκίσκον
793 1374 888 1403 πλοια-

64 1421 122 1457 pio»
157 1420 227 1451 τινὸς
254 1418 477 1457 ἀποταμιευθέντα
507 1422 575 1455 Θεῷ,
612 1419 656 1446 καὶ
685 1419 770 1458 ἁγίαις
807 1419 888 1447 εἰκόσι

62 1464 259 1502 κοσμούμενον,
295 1466 325 1493 οὐ
368 1463 602 1503 προκριματισθείη
644 1464 680 1496 ὡς
736 1462 889 1503 παραϐάτης

64 1509 186 1537 κανόνων
213 1509 257 1537 καὶ
293 1507 443 1548 ἀδιάφορος.
460 1507 534 1536 Οὕτω
552 1507 601 1547 γὰρ
628 1508 672 1536 καὶ
706 1509 730 1536 οἱ
757 1518 824 1546 μετα
837 1510 890 1536 τῶν

66 1553 260 1593 αὖτοκρατόρον
309 1553 437 1591 ἑπόμενοι
497 1551 629 1591 κληρικοὶ,
677 1553 713 1584 εἷς

67 1598 184 1636 ἐρήμους
246 1599 390 1637 ἱερουργεῖν
450 1595 640 1634 δεδικαίωνται,
702 1598 770 1625 κατὰ
811 1598 891 1634 μόνον

67 1644 99 1671 τὸ
135 1643 171 1674 εἰς
218 1641 360 1676 ἐκκλησίαν
395 1640 533 1682 ἀφορισθὲν
573 1640 727 1679 βαμόίκινον
769 1642 891 1670 οἰκισκά-

70 1698 137 1726 ριον.

111 1731 256 1770 Ἐρώτητις
285 1726 328 1762 ιδ’.
363 1730 519 1763 Ἀκινδύνως
548 1731 708 1772 ἱερουργήσει
723 1742 762 1762 τις
785 1731 803 1765 ἢ
833 1742 890 1758 συν-

71 1777 169 1809 εύξεται
211 1777 278 1814 μετὰ
306 1776 454 1815 αἱρετικῶν,
504 1775 663 1805 ἰακωϐιτῶν
710 1775 811 1809 δηλαδὴ
847 1776 890 1803 καὶ

71 1824 262 1861 Νεστοριανῶν,
294 1822 330 1852 είς
358 1820 501 1854 ἐκκλησίαν
542 1822 639 1861 αὐτῶν,
681 1820 736 1848 εἴτε
767 1821 821 1858 μὴν
848 1821 891 1848 καὶ

70 1866 199 1906 ἡμετέραν
217 1875 224 1882 '
238 1865 256 1899 ἢ
271 1868 362 1898 κοινῆς
389 1864 446 1903 μετ’
475 1867 552 1894 αὐτοῦ
574 1865 698 1905 μετάσχῃ
733 1864 864 1904 τραπέζης
882 1874 889 1881 ο

71 1911 89 1945 ἢ
111 1911 217 1945 ποιήσει
258 1909 389 1950 ὰνάδοχον
416 1911 446 1938 ὲκ
472 1915 519 1939 τοῦ
548 1910 622 1949 ἁγίου
651 1909 831 1948 βαπτίσματος
849 1919 856 1926 '
873 1909 891 1943 ἢ

72 1955 273 1995 κατοιχομένων
314 1955 420 1989 ποιήσει
463 1954 616 1992 μνημοσύνα
641 1962 648 1969 ·

71 2004 124 2029 τῶν
151 1994 239 2028 νθείων
280 1999 451 2038 ἀγιασμάτων
491 2001 607 2038 αὖτοτςς
658 1994 688 2027 ’Π
730 1999 893 2037 στενοχωρία

71 2046 121 2085 γὰρ
140 2049 187 2074 τοῦ
213 2044 296 2073 τόπου
322 2043 410 2072 πολλὰ
436 2047 545 2072 τοιαῦτα
573 2050 658 2074 ποιεῖ.
689 2044 737 2073 Καὶ
766 2046 838 2078 ζητῶ
863 2044 893 2070 τὸ

71 2090 207 2123 ποιητέον.

113 2133 175 2164 ’Λπ.
199 2134 242 2167 Μὴ
264 2132 322 2162 δότε
356 2133 388 2161 τὰ
415 2132 478 2172 ἅγια
499 2139 558 2164 τοῖς
592 2133 664 2160 κυσὶν
699 2132 727 2171 (6
744 2132 835 2172 Κύριος
851 2133 895 2159 καὶ

74 2180 137 2211 Θεὸς
158 2179 235 2216 ἡμῶν
266 2176 398 2217 εἴρηκεν),
431 2176 498 2215 μηδὶ
524 2176 623 2215 βάλητε
657 2177 718 2208 τοὺς
733 2175 894 2215 μαργαρίτις

687 1954 705 1988 ἢ
748 1953 893 1991 μεταδώσει

931 925 1041 964 clesiis,
1054 926 1106 956 sed
1121 931 1150 956 οι
1166 927 1195 956 in
1212 927 1348 957 oratoriis
1363 926 1501 957 domibus
1517 926 1688 957 indistincte
1705 936 1756 957 sa-

931 978 982 1000 cra
1013 970 1188 1008 ministeria,
1217 975 1246 1001 et
1273 971 1450 1011 baptismata
1464 971 1540 1002 ﬁeri.
1557 970 1756 1007 Quamobrem

927 1014 1012 1053 juxta
1027 1015 1130 1044 harum
1147 1019 1293 1055 tenorem,
1318 1015 1369 1056 qui
1397 1025 1463 1047 cum
1479 1015 1657 1046 antimensio
1672 1024 1757 1046 sacra

930 1058 1043 1089 fecerit.
1062 1063 1111 1089 aut
1142 1059 1333 1099 baptisaverit
1356 1059 1387 1090 in
1416 1060 1543 1090 oratoria
1572 1060 1672 1097 domo,
1694 1069 1756 1090 non

930 1108 1102 1134 consecrata
1118 1113 1176 1144 per
1185 1104 1362 1135 initiatorias
1372 1104 1589 1142 dedicationes,
1601 1108 1630 1135 et
1644 1103 1752 1135 solem-

930 1156 998 1177 nem
1016 1148 1118 1178 throni
1134 1149 1402 1188 inaugurationem,
1417 1149 1488 1189 quin
1521 1154 1550 1180 et
1566 1158 1619 1188 per
1634 1152 1754 1179 sancta-

929 1201 995 1222 rum
1011 1192 1206 1232 reliquiarum
1236 1194 1382 1224 tumulum
1401 1194 1444 1234 (hi
1470 1194 1550 1224 enim
1565 1198 1633 1224 sunt
1648 1193 1753 1224 catho-

929 1237 1051 1268 licarum
1061 1237 1260 1269 Ecclesiarum
1275 1239 1405 1270 thesauri
1416 1243 1444 1270 et
1464 1239 1683 1279 exaltationes),
1700 1239 1753 1269 sed

929 1282 959 1312 in
975 1283 1167 1313 domesticam
1187 1284 1350 1314 orationem
1368 1284 1500 1315 ﬁdelium
1511 1287 1711 1324 separata,aut
1721 1283 1754 1314 in

930 1327 1037 1365 navigii
1053 1327 1178 1366 alicujus
1190 1328 1372 1359 domuncqu
1386 1328 1447 1360 Deo
1463 1328 1621 1364 destinata,
1638 1332 1667 1358 et
1682 1336 1754 1358 san-

931 1371 985 1401 ctis
1001 1371 1179 1411 imaginibus
1195 1378 1374 1410 ornata,non
1397 1373 1524 1413 patietur
1537 1372 1752 1413 praejudicium,

932 1415 1056 1456 perinde
1071 1425 1105 1446 ac
1118 1417 1142 1446 si
1154 1426 1301 1448 canonum
1313 1421 1515 1457 transgressor
1525 1421 1617 1455 esset,
1630 1417 1755 1448 nullam-

931 1469 989 1500 que
1004 1469 1104 1491 eorum
1123 1461 1268 1492 rationem
1285 1461 1500 1493 habuisset.Sic
1509 1461 1588 1492 enim
1600 1465 1628 1492 et
1638 1460 1752 1499 clerici,

931 1506 983 1545 qui
994 1509 1064 1536 sunt
1076 1507 1105 1536 in
1121 1505 1333 1547 imperatorum
1350 1508 1500 1538 comitatu.
1517 1506 1548 1536 in
1573 1506 1687 1546 campis
1702 1515 1752 1536 so-

768 1551 890 1585 πεδιάδας
901 1558 920 1583 c
934 1549 1039 1580 litariis
1055 1559 1139 1580 sacra
1150 1550 1208 1581 rite
1217 1551 1316 1582 facere
1331 1555 1501 1589 censentur,
1519 1551 1573 1582 sub
1588 1551 1652 1581 solo
1665 1550 1753 1581 bom-

933 1593 1048 1634 bycino,
1067 1594 1145 1635 quod
1161 1599 1206 1625 est
1220 1595 1355 1627 ecclesia
1369 1595 1560 1633 destinatum,
1579 1594 1718 1626 tentorio.

971 1729 1066 1760 Inter.
1088 1729 1133 1760 14.
1151 1729 1195 1760 An
1210 1730 1274 1760 sine
1287 1731 1420 1770 periculo
1431 1739 1515 1761 sacra
1525 1730 1569 1761 vel
1586 1734 1650 1761 vota
1666 1729 1755 1760 simul

933 1773 1023 1804 faciet
1038 1773 1143 1813 aliquis
1159 1783 1225 1804 cum
1243 1775 1401 1810 haereticis.
1419 1775 1560 1806 Jacobitis
1575 1774 1713 1805 videlicet
1727 1779 1757 1804 et

933 1818 1130 1858 Nestorianis,
1161 1819 1191 1849 in
1208 1828 1312 1850 eorum
1328 1820 1466 1856 ecelesia,
1484 1820 1528 1850 vel
1550 1819 1638 1850 etiam
1653 1819 1685 1849 in
1698 1828 1755 1849 no-

932 1866 1056 1902 stra,aut
1070 1872 1258 1893 communem
1272 1873 1338 1894 cum
1350 1864 1386 1894 iis
1405 1863 1592 1904 participabit
1607 1872 1755 1901 mensam,

934 1911 982 1936 aut
994 1907 1125 1937 facietcx
1144 1912 1247 1938 sancto
1260 1907 1375 1938 lavacro
1387 1913 1599 1948 susceptorem,
1618 1911 1668 1937 aut
1680 1916 1757 1938 mor-

934 1955 1050 1981 tuorum
1079 1952 1243 1982 celebrabit
1271 1953 1442 1989 memorias,
1468 1956 1518 1983 aut
1537 1952 1677 1991 largietur
1697 1951 1758 1982 illis

935 1995 1048 2026 divinas
1085 1996 1361 2027 sanctiﬁcationes?
1404 1999 1476 2029 Nam
1520 1997 1576 2028 loci
1614 1996 1758 2036 angustiae

935 2039 1028 2070 multa
1056 2040 1228 2080 hujusmodi
1254 2040 1376 2072 faciunt.
1409 2041 1512 2076 Quaero
1543 2039 1614 2081 quid
1644 2039 1756 2070 facien-

935 2084 1017 2114 dum.

974 2127 1041 2158 Res.
1060 2127 1102 2158 Ne
1118 2127 1194 2158 detis
1207 2133 1310 2159 sancta
1332 2129 1465 2167 canibus,
1478 2129 1597 2170 (inquit,
1614 2128 1758 2160 Dominus

936 2176 964 2202 et
975 2171 1054 2203 Deus
1065 2174 1178 2213 noster)
1190 2182 1245 2203 nec
1258 2174 1421 2213 projiciatis
1427 2176 1600 2214 margaritas
1610 2177 1678 2204 ante
1691 2181 1759 2213 por-

73 2227 125 2251 τῶν
139 2223 239 2263 χοίρων
267 2222 432 2262 ἐπίπροσθεν,
463 2222 512 2251 Διὰ
540 2233 581 2249 τοι
602 2224 678 2249 τοῦτο
704 2222 748 2249 καὶ
762 2222 775 2248 6
790 2217 828 2253 ξδ’
842 2231 892 2248 κα-

959 2226 997 2248 )s.
1013 2217 1076 2253 Qua
1100 2217 1137 2248 de
1162 2227 1251 2248 causa
1268 2221 1296 2248 et
1310 2219 1511 2257 sexagesimus
1527 2222 1647 2258 quartus
1662 2226 1758 2248 canon

75 2269 125 2296 νὼν
211 2267 378 2306 θεοκηρύκων
393 2266 474 2305 ἁγίων
501 2265 656 2294 ἀποστόλων
684 2266 773 2305 φησὶν,
798 2264 832 2293 Εἴ
853 2276 892 2296 τις

962 2261 988 2291 ei
1004 2270 1173 2300 prmconum
1185 2266 1354 2293 sanctorum
1366 2263 1566 2303 apostolorum
1579 2263 1639 2294 ait:
1651 2261 1758 2302 Siquis

74 2312 198 2351 κληρικὸς
226 2312 244 2346 ἢ
266 2305 361 2343 λαϊκὸς
387 2309 489 2348 εἰσέλθῃ
517 2311 553 2342 είς
575 2310 735 2349 συναγωγὴν
764 2309 892 2338 Ἰουδαίων

959 2306 1074 2346 lericus,
1092 2307 1371 2343 autlaicus,orandi
1396 2317 1484 2338 causa
1498 2308 1652 2348 ingressus
1667 2305 1758 2337 fuerit

76 2357 93 2391 ἢ
121 2358 256 2396 αἱρετικῶν
297 2354 497 2394 προσεύξασθαι,
548 2355 720 2394 καθαιρείσθω
758 2355 802 2382 καὶ
846 2354 894 2394 ὰφ-

77 2394 206 2441 οριζέσθω,
226 2401 273 2430 Καὶ
288 2401 301 2428 6
317 2394 462 2441 11'}:va
490 2399 538 2441 τῆς
567 2399 594 2427 ἐν
621 2397 758 2435 Λαοδικείᾳ
773 2397 891 2435 συνόδου,

76 2438 141 2475 ἀλλὰ
162 2446 215 2484 μὴν
229 2446 272 2473 καὶ
287 2446 301 2473 6
328 2438 369 2482 ς’
382 2444 430 2472 καί
458 2445 473 2472 6
497 2438 538 2471 λδ’
559 2443 640 2472 ταῦτα
674 2454 738 2482 φησι
768 2443 826 2482 περὶ
848 2447 892 2471 του

79 2496 225 2529 συγχωρεῖν
251 2495 310 2520 τοῖς
346 2489 489 2528 αἱρετικοτς
519 2487 624 2516 εἰσιέναι
653 2488 689 2519 εἷς
710 2488 786 2516 οἷκον
815 2491 890 2524 Θεου,

77 2524 222 2573 ἐπι-μένουσι
237 2537 271 2572 τῇ
288 2524 396 2573 αἱρέσει,
427 2532 467 2573 ὅτι
497 2533 534 2561 Οὔ
560 2531 601 2560 δεῖ
628 2532 751 2571 αἱρετικῷ
780 2531 797 2565 ἣ
826 2542 893 2571 σχι-

79 2583 194 2617 σμααικῷ
205 2572 393 2618 συνεύχεσθαι(
412 2572 454 2605 ι’τι
477 2578 507 2606 οὒ
535 2575 576 2605 δεῖ
606 2577 761 2615 Χριστιανὸν
776 2576 892 2615 ἐγκατα-

78 2624 172 2653 λειπειν
201 2624 331 2662 μάρτυρας
374 2626 498 2661 Χριστοῦ,
535 2622 578 2649 καὶ
605 2621 710 2649 ἀπιέναι
742 2622 807 2660 πρὸς
835 2622 894 2654 τοὺς

79 2668 285 2708 ψευδομάρτυρας
303 2676 311 2685 ⁰
333 2667 466 2695 τουτέστιν
489 2666 645 2706 αἲρετικοὺς,
667 2665 684 2699 ἢ
706 2665 799 2697 αὐτοὺς
833 2667 894 2698 τοὺς

79 2712 277 2754 προειρημένους
317 2711 458 2750 αἶρενικοὺς
501 2710 670 2754 γενομένους,
720 2711 796 2738 Οἶτοι
844 2711 893 2749 γὰρ

79 2749 205 2797 ἀλλότριοι
226 2759 272 2785 τοῦ
294 2759 359 2784 Θεοῦ
379 2754 565 2794 τυγχάνουσιν.
603 2749 746 2783 1Ἐστωσαν
767 2755 812 2782 οὖν
827 2754 892 2782 ἂνα-

81 2804 141 2840 θεμα
155 2803 179 2831 οἱ
207 2800 386 2840 ἀπερχόμενοι
407 2801 473 2840 πρὸς
499 2799 603 2831 αὐτοὺς.
636 2799 684 2828 Διά
698 2809 738 2827 τοι
754 2802 831 2828 τοῦτο
853 2800 894 2826 καὶ

934 2349 963 2380 in
977 2360 1151 2391 synagogam
1165 2351 1345 2392 .Iudaaorum,
1363 2352 1408 2382 vel
1422 2353 1644 2393 hereticorum,
1660 2352 1756 2392 depo-

934 2399 1021 2426 natur
1036 2400 1065 2426 et
1089 2395 1373 2427 excommunicetur.
1405 2396 1440 2427 Et
1466 2397 1636 2437 trigesimus
1652 2397 1756 2428 tertius

934 2449 1028 2471 cauon
1054 2441 1231 2472 Laodicenis
1254 2441 1370 2481 synodi,
1387 2441 1457 2472 item
1473 2446 1574 2473 sextus
1590 2449 1619 2472 et
1634 2441 1754 2481 trigesi-

935 2494 1000 2516 mus
1018 2485 1218 2526 quartus,haec
1237 2485 1278 2515 ait
1301 2485 1339 2515 de
1351 2486 1436 2516 venia
1451 2487 1548 2518 danda
1562 2487 1710 2518 hzereticis
1724 2486 1756 2517 in

935 2539 988 2560 sua
1003 2529 1109 2560 haeresi
1126 2529 1326 2569 perstantibus
1337 2530 1523 2570 ingrediendi
1539 2531 1659 2562 domum
1675 2531 1728 2561 Dei
1746 2539 1753 2560 :

935 2577 1013 2615 quod
1026 2582 1085 2606 non
1104 2578 1220 2614 oportet
1235 2583 1293 2604 una
1309 2583 1376 2605 cum
1392 2575 1532 2607 haeretica
1547 2577 1592 2607 vel
1609 2575 1757 2606 schisma-

936 2620 993 2649 tico
1008 2628 1094 2649 orare
1111 2628 1117 2648 :
1135 2618 1220 2654 Quod
1236 2628 1295 2649 non
1311 2624 1430 2658 oportet
1446 2621 1538 2651 ullum
1555 2620 1756 2652 Christianum

935 2662 1046 2694 Christi
1058 2667 1203 2702 martyras
1223 2663 1438 2703 relinquere,et
1450 2665 1485 2696 ad
1496 2665 1584 2696 falsos
1600 2668 1755 2706 martyras,

935 2707 991 2738 hoc
1002 2711 1047 2738 est
1058 2707 1226 2745 hareticos,
1239 2707 1332 2746 abire,
1351 2708 1395 2739 vel
1421 2718 1482 2747 eos,
1500 2709 1550 2749 qui
1565 2709 1648 2750 prius
1657 2709 1756 2740 haere-

936 2751 986 2782 tici
1002 2752 1096 2784 fuere.
1113 2751 1149 2782 Hi
1175 2751 1254 2782 enim
1269 2755 1338 2782 sunt
1358 2761 1376 2783 a
1403 2753 1464 2784 Deo
1479 2753 1581 2786 alieni.
1596 2753 1662 2785 Sint
1685 2762 1756 2794 ergo

936 2797 1104 2835 anathema,
1122 2796 1172 2837 qui
1184 2795 1220 2827 ad
1231 2805 1282 2827 eos
1301 2795 1423 2828 abeunt.
1441 2797 1512 2830 Eam
1528 2798 1565 2830 ob
1579 2807 1643 2830 rem
1659 2801 1689 2830 et
1703 2807 1756 2830 nos
