  <div class='ocr_page' id='page_1' title='image "/cluster/home/n/w/nwhite01/storage/ocr_20150623/119/njp.32101010943965/1176.png"; bbox 0 0 1946 3080; ppageno 0'>
   <div class='ocr_carea' id='block_1_1' title="bbox 89 148 175 182">
    <p class='ocr_par' dir='ltr' id='par_1_1' title="bbox 89 148 175 182">
     <span class='ocr_line' id='line_1_1' title="bbox 89 148 175 182; baseline 0.012 -1"><span class='ocrx_word' id='word_1_1' title='bbox 89 150 106 181; x_wconf 89' lang='grc'><strong>1</strong></span> <span class='ocrx_word' id='word_1_2' title='bbox 113 148 175 182; x_wconf 82' lang='grc'><strong>049</strong></span> 
     </span>
    </p>
   </div>
   <div class='ocr_carea' id='block_1_2' title="bbox 753 119 1106 182">
    <p class='ocr_par' dir='ltr' id='par_1_2' title="bbox 753 119 1106 182">
     <span class='ocr_line' id='line_1_2' title="bbox 753 119 1106 182; baseline -0.008 0"><span class='ocrx_word' id='word_1_3' title='bbox 753 119 1106 182; x_wconf 65' lang='lat' dir='ltr'><strong>GR/ECO-itOMANUM.</strong></span> 
     </span>
    </p>
   </div>
   <div class='ocr_carea' id='block_1_3' title="bbox 1700 149 1777 182">
    <p class='ocr_par' dir='ltr' id='par_1_3' title="bbox 1700 149 1777 182">
     <span class='ocr_line' id='line_1_3' title="bbox 1700 149 1777 182; baseline 0 0"><span class='ocrx_word' id='word_1_4' title='bbox 1700 149 1777 182; x_wconf 73' lang='grc'><strong>1080</strong></span> 
     </span>
    </p>
   </div>
   <div class='ocr_carea' id='block_1_4' title="bbox 84 215 910 259">
    <p class='ocr_par' dir='ltr' id='par_1_4' title="bbox 84 215 910 255">
     <span class='ocr_line' id='line_1_4' title="bbox 84 215 910 255; baseline 0.001 -10"><span class='ocrx_word' id='word_1_5' title='bbox 84 219 143 250; x_wconf 76' lang='grc' dir='ltr'>τῆς</span> <span class='ocrx_word' id='word_1_6' title='bbox 172 217 241 248; x_wconf 67' lang='grc' dir='ltr'>θείας</span> <span class='ocrx_word' id='word_1_7' title='bbox 283 215 484 255; x_wconf 75' lang='grc' dir='ltr'>ἱεροτελεστίας,</span> <span class='ocrx_word' id='word_1_8' title='bbox 523 219 568 246; x_wconf 83' lang='grc' dir='ltr'>καὶ</span> <span class='ocrx_word' id='word_1_9' title='bbox 602 221 650 252; x_wconf 76' lang='grc' dir='ltr'>τῆς</span> <span class='ocrx_word' id='word_1_10' title='bbox 685 217 835 250; x_wconf 69' lang='grc' dir='ltr'><strong>τελευταίας</strong></span> <span class='ocrx_word' id='word_1_11' title='bbox 869 220 910 246; x_wconf 85' lang='grc' dir='ltr'><strong>τοῐ</strong></span> 
     </span>
    </p>
   </div>
   <div class='ocr_carea' id='block_1_5' title="bbox 972 215 1777 259">
    <p class='ocr_par' dir='ltr' id='par_1_5' title="bbox 972 216 1777 259">
     <span class='ocr_line' id='line_1_5' title="bbox 972 216 1777 259; baseline 0.005 -13"><span class='ocrx_word' id='word_1_12' title='bbox 972 216 1068 247; x_wconf 73' lang='lat' dir='ltr'><strong>tltimae</strong></span> <span class='ocrx_word' id='word_1_13' title='bbox 1075 216 1270 248; x_wconf 84' lang='lat' dir='ltr'><strong>aacriﬁcantis</strong></span> <span class='ocrx_word' id='word_1_14' title='bbox 1282 217 1460 258; x_wconf 75' lang='lat' dir='ltr'><strong>precationis</strong></span> <span class='ocrx_word' id='word_1_15' title='bbox 1470 218 1777 259; x_wconf 81' lang='lat' dir='ltr'><strong>renumerationisque</strong></span> 
     </span>
    </p>
   </div>
   <div class='ocr_carea' id='block_1_6' title="bbox 83 262 915 303">
    <p class='ocr_par' dir='ltr' id='par_1_6' title="bbox 83 262 915 303">
     <span class='ocr_line' id='line_1_6' title="bbox 83 262 915 303; baseline 0 -13"><span class='ocrx_word' id='word_1_16' title='bbox 83 263 285 302; x_wconf 80' lang='grc' dir='ltr'>ἱερουργοῦντος</span> <span class='ocrx_word' id='word_1_17' title='bbox 323 262 417 301; x_wconf 77' lang='grc' dir='ltr'>εὐχῆς,</span> <span class='ocrx_word' id='word_1_18' title='bbox 453 263 496 290; x_wconf 87' lang='grc' dir='ltr'><strong>καὶ</strong></span> <span class='ocrx_word' id='word_1_19' title='bbox 524 267 570 292; x_wconf 86' lang='grc' dir='ltr'><strong>τοῦ</strong></span> <span class='ocrx_word' id='word_1_20' title='bbox 598 262 739 303; x_wconf 72' lang='grc' dir='ltr'>ἀντιδώρω</span> <span class='ocrx_word' id='word_1_21' title='bbox 759 263 806 297; x_wconf 73' lang='grc' dir='ltr'>τῆς</span> <span class='ocrx_word' id='word_1_22' title='bbox 835 273 915 300; x_wconf 85' lang='grc' dir='ltr'>μετα-</span> 
     </span>
    </p>
   </div>
   <div class='ocr_carea' id='block_1_7' title="bbox 81 306 913 346">
    <p class='ocr_par' dir='ltr' id='par_1_7' title="bbox 81 306 913 346">
     <span class='ocr_line' id='line_1_7' title="bbox 81 306 913 346; baseline 0.001 -12"><span class='ocrx_word' id='word_1_23' title='bbox 81 306 212 344; x_wconf 79' lang='grc' dir='ltr'>λήψεως,</span> <span class='ocrx_word' id='word_1_24' title='bbox 245 306 414 346; x_wconf 75' lang='grc' dir='ltr'>ψηφιζόμεθα</span> <span class='ocrx_word' id='word_1_25' title='bbox 431 315 438 323; x_wconf 78' lang='grc'><strong><em>⁸</em></strong></span> <span class='ocrx_word' id='word_1_26' title='bbox 475 307 519 335; x_wconf 81' lang='grc' dir='ltr'><strong>καὶ</strong></span> <span class='ocrx_word' id='word_1_27' title='bbox 553 314 613 339; x_wconf 74' lang='grc' dir='ltr'>τοῖς</span> <span class='ocrx_word' id='word_1_28' title='bbox 642 307 710 336; x_wconf 72' lang='grc' dir='ltr'>οὕτω</span> <span class='ocrx_word' id='word_1_29' title='bbox 744 308 783 345; x_wconf 76' lang='grc' dir='ltr'>μὴ</span> <span class='ocrx_word' id='word_1_30' title='bbox 810 311 913 336; x_wconf 79' lang='grc' dir='ltr'>ποιοῦσι</span> 
     </span>
    </p>
   </div>
   <div class='ocr_carea' id='block_1_8' title="bbox 78 351 913 391">
    <p class='ocr_par' dir='ltr' id='par_1_8' title="bbox 78 351 913 391">
     <span class='ocr_line' id='line_1_8' title="bbox 78 351 913 391; baseline 0.001 -12"><span class='ocrx_word' id='word_1_31' title='bbox 78 351 138 385; x_wconf 76' lang='grc' dir='ltr'><strong>τὴν</strong></span> <span class='ocrx_word' id='word_1_32' title='bbox 153 353 182 380; x_wconf 70' lang='grc' dir='ltr'>ὲκ</span> <span class='ocrx_word' id='word_1_33' title='bbox 207 355 253 380; x_wconf 81' lang='grc' dir='ltr'><strong>τοῦ</strong></span> <span class='ocrx_word' id='word_1_34' title='bbox 276 351 387 382; x_wconf 80' lang='grc' dir='ltr'>κανόνος</span> <span class='ocrx_word' id='word_1_35' title='bbox 414 351 565 390; x_wconf 69' lang='grc' dir='ltr'>ἓπισιίομεν</span> <span class='ocrx_word' id='word_1_36' title='bbox 594 352 784 391; x_wconf 77' lang='grc' dir='ltr'>ἀγανάκτησιν.</span> <span class='ocrx_word' id='word_1_37' title='bbox 823 355 913 380; x_wconf 78' lang='grc' dir='ltr'>Μετα-</span> 
     </span>
    </p>
   </div>
   <div class='ocr_carea' id='block_1_9' title="bbox 77 395 913 435">
    <p class='ocr_par' dir='ltr' id='par_1_9' title="bbox 77 395 913 435">
     <span class='ocr_line' id='line_1_9' title="bbox 77 395 913 435; baseline 0.002 -12"><span class='ocrx_word' id='word_1_38' title='bbox 77 395 232 434; x_wconf 79' lang='grc' dir='ltr'>λαμϐάνιιν</span> <span class='ocrx_word' id='word_1_39' title='bbox 247 395 275 424; x_wconf 80' lang='grc' dir='ltr'><strong>δὲ</strong></span> <span class='ocrx_word' id='word_1_40' title='bbox 297 395 391 425; x_wconf 74' lang='grc' dir='ltr'>αὐτοὺς</span> <span class='ocrx_word' id='word_1_41' title='bbox 419 396 467 423; x_wconf 70' lang='grc' dir='ltr'><strong>οὐκ</strong></span> <span class='ocrx_word' id='word_1_42' title='bbox 495 396 687 435; x_wconf 71' lang='grc' dir='ltr'><strong>ἀναγκάζομεν,</strong></span> <span class='ocrx_word' id='word_1_43' title='bbox 717 396 760 425; x_wconf 77' lang='grc' dir='ltr'>διὰ</span> <span class='ocrx_word' id='word_1_44' title='bbox 783 397 831 431; x_wconf 83' lang='grc' dir='ltr'><strong>τὴν</strong></span> <span class='ocrx_word' id='word_1_45' title='bbox 865 399 913 430; x_wconf 81' lang='grc' dir='ltr'>τῆς</span> 
     </span>
    </p>
   </div>
   <div class='ocr_carea' id='block_1_10' title="bbox 81 439 913 480">
    <p class='ocr_par' dir='ltr' id='par_1_10' title="bbox 81 439 913 480">
     <span class='ocr_line' id='line_1_10' title="bbox 81 439 913 480; baseline 0.002 -12"><span class='ocrx_word' id='word_1_46' title='bbox 81 439 266 475; x_wconf 77' lang='grc' dir='ltr'>συνειδήσεως</span> <span class='ocrx_word' id='word_1_47' title='bbox 287 440 412 478; x_wconf 84' lang='grc' dir='ltr'>βάσανον.</span> <span class='ocrx_word' id='word_1_48' title='bbox 436 441 598 480; x_wconf 80' lang='grc' dir='ltr'><strong>Προσεκτέον</strong></span> <span class='ocrx_word' id='word_1_49' title='bbox 614 442 669 478; x_wconf 83' lang='grc' dir='ltr'>οὖν,</span> <span class='ocrx_word' id='word_1_50' title='bbox 696 442 764 470; x_wconf 63' lang='grc' dir='ltr'>κατὰ</span> <span class='ocrx_word' id='word_1_51' title='bbox 790 442 840 476; x_wconf 84' lang='grc' dir='ltr'><strong>τὴν</strong></span> <span class='ocrx_word' id='word_1_52' title='bbox 867 445 913 470; x_wconf 82' lang='grc' dir='ltr'><strong>τοῦ</strong></span> 
     </span>
    </p>
   </div>
   <div class='ocr_carea' id='block_1_11' title="bbox 80 485 914 525">
    <p class='ocr_par' dir='ltr' id='par_1_11' title="bbox 80 485 914 525">
     <span class='ocr_line' id='line_1_11' title="bbox 80 485 914 525; baseline 0.001 -12"><span class='ocrx_word' id='word_1_53' title='bbox 80 485 214 524; x_wconf 74' lang='grc' dir='ltr'><strong>ῥηθέντος</strong></span> <span class='ocrx_word' id='word_1_54' title='bbox 256 485 367 516; x_wconf 79' lang='grc' dir='ltr'>κανόνος</span> <span class='ocrx_word' id='word_1_55' title='bbox 408 485 563 525; x_wconf 74' lang='grc' dir='ltr'><strong>περίληψιν,</strong></span> <span class='ocrx_word' id='word_1_56' title='bbox 608 487 647 523; x_wconf 80' lang='grc' dir='ltr'>μὴ</span> <span class='ocrx_word' id='word_1_57' title='bbox 688 486 855 518; x_wconf 78' lang='grc' dir='ltr'><strong>ἀσυντάκτως</strong></span> <span class='ocrx_word' id='word_1_58' title='bbox 884 486 914 514; x_wconf 82' lang='grc' dir='ltr'>ἐκ</span> 
     </span>
    </p>
   </div>
   <div class='ocr_carea' id='block_1_12' title="bbox 80 529 910 571">
    <p class='ocr_par' dir='ltr' id='par_1_12' title="bbox 80 529 910 571">
     <span class='ocr_line' id='line_1_12' title="bbox 80 529 910 571; baseline 0.002 -14"><span class='ocrx_word' id='word_1_59' title='bbox 80 532 140 563; x_wconf 74' lang='grc' dir='ltr'>τῆς</span> <span class='ocrx_word' id='word_1_60' title='bbox 184 529 327 569; x_wconf 77' lang='grc' dir='ltr'><strong>ἱερουργίας</strong></span> <span class='ocrx_word' id='word_1_61' title='bbox 367 532 520 571; x_wconf 68' lang='grc' dir='ltr'>ὑποχωρεῖν</span> <span class='ocrx_word' id='word_1_62' title='bbox 561 531 623 562; x_wconf 83' lang='grc' dir='ltr'>τοὺς</span> <span class='ocrx_word' id='word_1_63' title='bbox 664 530 886 567; x_wconf 68' lang='grc' dir='ltr'>Εκκλησιάζοντας</span> <span class='ocrx_word' id='word_1_64' title='bbox 904 539 910 546; x_wconf 93' lang='grc'><strong><em>“</em></strong></span> 
     </span>
    </p>
   </div>
   <div class='ocr_carea' id='block_1_13' title="bbox 82 573 914 610">
    <p class='ocr_par' dir='ltr' id='par_1_13' title="bbox 82 573 914 610">
     <span class='ocr_line' id='line_1_13' title="bbox 82 573 914 610; baseline 0.002 -8"><span class='ocrx_word' id='word_1_65' title='bbox 82 573 151 602; x_wconf 82' lang='grc' dir='ltr'>ἀλλ’</span> <span class='ocrx_word' id='word_1_66' title='bbox 166 575 223 602; x_wconf 79' lang='grc' dir='ltr'>ἐπεὶ</span> <span class='ocrx_word' id='word_1_67' title='bbox 238 574 305 607; x_wconf 76' lang='grc' dir='ltr'>αὕτη</span> <span class='ocrx_word' id='word_1_68' title='bbox 321 574 352 603; x_wconf 73' lang='grc' dir='ltr'>ἔκ</span> <span class='ocrx_word' id='word_1_69' title='bbox 371 587 400 604; x_wconf 86' lang='grc' dir='ltr'><strong>τε</strong></span> <span class='ocrx_word' id='word_1_70' title='bbox 424 578 473 608; x_wconf 79' lang='grc' dir='ltr'>τῆς</span> <span class='ocrx_word' id='word_1_71' title='bbox 495 574 612 606; x_wconf 87' lang='grc' dir='ltr'>Παλαιᾶς</span> <span class='ocrx_word' id='word_1_72' title='bbox 643 575 775 610; x_wconf 84' lang='grc' dir='ltr'>Διαθήκης</span> <span class='ocrx_word' id='word_1_73' title='bbox 795 576 839 604; x_wconf 79' lang='grc' dir='ltr'>καὶ</span> <span class='ocrx_word' id='word_1_74' title='bbox 864 578 914 610; x_wconf 81' lang='grc' dir='ltr'>τῆς</span> 
     </span>
    </p>
   </div>
   <div class='ocr_carea' id='block_1_14' title="bbox 82 618 912 660">
    <p class='ocr_par' dir='ltr' id='par_1_14' title="bbox 82 618 912 660">
     <span class='ocr_line' id='line_1_14' title="bbox 82 618 912 660; baseline 0.033 -14"><span class='ocrx_word' id='word_1_75' title='bbox 82 618 159 650; x_wconf 75' lang='grc' dir='ltr'>Νέας</span> <span class='ocrx_word' id='word_1_76' title='bbox 188 620 224 650; x_wconf 78' lang='grc' dir='ltr'><strong>εἰς</strong></span> <span class='ocrx_word' id='word_1_77' title='bbox 250 619 313 656; x_wconf 85' lang='grc' dir='ltr'>μίαν</span> <span class='ocrx_word' id='word_1_78' title='bbox 354 620 504 652; x_wconf 70' lang='grc' dir='ltr'>ταυτότητι</span> <span class='ocrx_word' id='word_1_79' title='bbox 545 619 732 659; x_wconf 49' lang='grc' dir='ltr'>μεγαλύνων</span> <span class='ocrx_word' id='word_1_80' title='bbox 761 621 804 648; x_wconf 53' lang='grc' dir='ltr'><strong>καὶ</strong></span> <span class='ocrx_word' id='word_1_81' title='bbox 832 619 912 660; x_wconf 53' lang='grc' dir='ltr'>μέχρι</span> 
     </span>
    </p>
   </div>
   <div class='ocr_carea' id='block_1_15' title="bbox 80 663 913 704">
    <p class='ocr_par' dir='ltr' id='par_1_15' title="bbox 80 663 913 704">
     <span class='ocr_line' id='line_1_15' title="bbox 80 663 913 704; baseline 0.002 -13"><span class='ocrx_word' id='word_1_82' title='bbox 80 663 138 700; x_wconf 82' lang='grc' dir='ltr'>μὲν</span> <span class='ocrx_word' id='word_1_83' title='bbox 165 666 215 697; x_wconf 81' lang='grc' dir='ltr'><strong>τῆς</strong></span> <span class='ocrx_word' id='word_1_84' title='bbox 249 667 302 692; x_wconf 86' lang='grc' dir='ltr'>τῶν</span> <span class='ocrx_word' id='word_1_85' title='bbox 331 664 412 703; x_wconf 78' lang='grc' dir='ltr'>ἁγίων</span> <span class='ocrx_word' id='word_1_86' title='bbox 441 664 607 703; x_wconf 75' lang='grc' dir='ltr'>Εὐαγγελίων</span> <span class='ocrx_word' id='word_1_87' title='bbox 640 663 834 704; x_wconf 77' lang='grc' dir='ltr'>ἀνακηρύξεως,</span> <span class='ocrx_word' id='word_1_88' title='bbox 863 666 913 698; x_wconf 72' lang='grc' dir='ltr'>τῆς</span> 
     </span>
    </p>
   </div>
   <div class='ocr_carea' id='block_1_16' title="bbox 84 707 913 749">
    <p class='ocr_par' dir='ltr' id='par_1_16' title="bbox 84 707 913 749">
     <span class='ocr_line' id='line_1_16' title="bbox 84 707 913 749; baseline 0.001 -14"><span class='ocrx_word' id='word_1_89' title='bbox 84 711 237 741; x_wconf 76' lang='grc' dir='ltr'>Δαυϊτικῆς</span> <span class='ocrx_word' id='word_1_90' title='bbox 261 709 366 748; x_wconf 79' lang='grc' dir='ltr'>κινύρας</span> <span class='ocrx_word' id='word_1_91' title='bbox 404 709 437 736; x_wconf 81' lang='grc' dir='ltr'><strong>τὰ</strong></span> <span class='ocrx_word' id='word_1_92' title='bbox 465 707 666 747; x_wconf 78' lang='grc' dir='ltr'>ψαλτῳδήματα</span> <span class='ocrx_word' id='word_1_93' title='bbox 694 713 740 738; x_wconf 87' lang='grc' dir='ltr'><strong>τοῦ</strong></span> <span class='ocrx_word' id='word_1_94' title='bbox 771 710 913 749; x_wconf 74' lang='grc' dir='ltr'>μυστηρίου</span> 
     </span>
    </p>
   </div>
   <div class='ocr_carea' id='block_1_17' title="bbox 80 752 912 791">
    <p class='ocr_par' dir='ltr' id='par_1_17' title="bbox 80 752 912 791">
     <span class='ocr_line' id='line_1_17' title="bbox 80 752 912 791; baseline 0.004 -12"><span class='ocrx_word' id='word_1_95' title='bbox 80 753 139 786; x_wconf 80' lang='grc' dir='ltr'><strong>τὴν</strong></span> <span class='ocrx_word' id='word_1_96' title='bbox 159 752 266 782; x_wconf 72' lang='grc' dir='ltr'>δύναμιν</span> <span class='ocrx_word' id='word_1_97' title='bbox 289 753 422 791; x_wconf 82' lang='grc' dir='ltr'>ἀγιάζουσι</span> <span class='ocrx_word' id='word_1_98' title='bbox 439 761 446 768; x_wconf 88' lang='grc'><strong><em>⁸</em></strong></span> <span class='ocrx_word' id='word_1_99' title='bbox 478 753 545 791; x_wconf 78' lang='grc' dir='ltr'>μετὰ</span> <span class='ocrx_word' id='word_1_100' title='bbox 575 753 601 780; x_wconf 72' lang='grc' dir='ltr'><strong>δὲ</strong></span> <span class='ocrx_word' id='word_1_101' title='bbox 633 754 730 787; x_wconf 83' lang='grc' dir='ltr'>ταύτην</span> <span class='ocrx_word' id='word_1_102' title='bbox 758 754 807 787; x_wconf 77' lang='grc' dir='ltr'>τῆς</span> <span class='ocrx_word' id='word_1_103' title='bbox 836 754 912 782; x_wconf 78' lang='grc' dir='ltr'>ἀναι-</span> 
     </span>
    </p>
   </div>
   <div class='ocr_carea' id='block_1_18' title="bbox 82 797 913 838">
    <p class='ocr_par' dir='ltr' id='par_1_18' title="bbox 82 797 913 838">
     <span class='ocr_line' id='line_1_18' title="bbox 82 797 913 838; baseline 0.001 -13"><span class='ocrx_word' id='word_1_104' title='bbox 82 797 191 834; x_wconf 84' lang='grc' dir='ltr'>μάκτου</span> <span class='ocrx_word' id='word_1_105' title='bbox 219 797 307 829; x_wconf 86' lang='grc' dir='ltr'>θυσίας</span> <span class='ocrx_word' id='word_1_106' title='bbox 334 797 486 836; x_wconf 81' lang='grc' dir='ltr'>ἀνοίγονται</span> <span class='ocrx_word' id='word_1_107' title='bbox 513 798 547 825; x_wconf 82' lang='grc' dir='ltr'><strong>τὰ</strong></span> <span class='ocrx_word' id='word_1_108' title='bbox 571 797 710 838; x_wconf 63' lang='grc' dir='ltr'><strong>προοιυλία⁷</strong></span> <span class='ocrx_word' id='word_1_109' title='bbox 739 798 913 838; x_wconf 77' lang='grc' dir='ltr'><strong>ἐπιτρέποντα</strong></span> 
     </span>
    </p>
   </div>
   <div class='ocr_carea' id='block_1_19' title="bbox 955 261 1776 302">
    <p class='ocr_par' dir='ltr' id='par_1_19' title="bbox 955 261 1776 302">
     <span class='ocr_line' id='line_1_19' title="bbox 955 261 1776 302; baseline 0.004 -11"><span class='ocrx_word' id='word_1_110' title='bbox 955 261 1200 302; x_wconf 81' lang='lat' dir='ltr'><strong>participationis,</strong></span> <span class='ocrx_word' id='word_1_111' title='bbox 1232 262 1377 293; x_wconf 79' lang='lat' dir='ltr'><strong>interesse</strong></span> <span class='ocrx_word' id='word_1_112' title='bbox 1401 263 1539 294; x_wconf 89' lang='lat' dir='ltr'><strong>concioni</strong></span> <span class='ocrx_word' id='word_1_113' title='bbox 1567 263 1677 294; x_wconf 86' lang='lat' dir='ltr'><strong>debere</strong></span> <span class='ocrx_word' id='word_1_114' title='bbox 1702 272 1776 294; x_wconf 92' lang='lat' dir='ltr'><strong>cen-</strong></span> 
     </span>
    </p>
   </div>
   <div class='ocr_carea' id='block_1_20' title="bbox 954 305 1777 347">
    <p class='ocr_par' dir='ltr' id='par_1_20' title="bbox 954 305 1777 347">
     <span class='ocr_line' id='line_1_20' title="bbox 954 305 1777 347; baseline 0.006 -13"><span class='ocrx_word' id='word_1_115' title='bbox 954 313 1064 336; x_wconf 89' lang='lat' dir='ltr'><strong>semus.</strong></span> <span class='ocrx_word' id='word_1_116' title='bbox 1083 305 1116 335; x_wconf 84' lang='lat' dir='ltr'><strong>Et</strong></span> <span class='ocrx_word' id='word_1_117' title='bbox 1131 305 1178 345; x_wconf 90' lang='lat' dir='ltr'><strong>iis,</strong></span> <span class='ocrx_word' id='word_1_118' title='bbox 1210 306 1261 346; x_wconf 92' lang='lat' dir='ltr'><strong>qui</strong></span> <span class='ocrx_word' id='word_1_119' title='bbox 1285 306 1328 336; x_wconf 90' lang='lat' dir='ltr'><strong>sic</strong></span> <span class='ocrx_word' id='word_1_120' title='bbox 1352 316 1410 337; x_wconf 91' lang='lat' dir='ltr'><strong>non</strong></span> <span class='ocrx_word' id='word_1_121' title='bbox 1441 307 1565 347; x_wconf 83' lang='lat' dir='ltr'><strong>faciunt,</strong></span> <span class='ocrx_word' id='word_1_122' title='bbox 1590 307 1712 338; x_wconf 81' lang='lat' dir='ltr'><strong>canonis</strong></span> <span class='ocrx_word' id='word_1_123' title='bbox 1727 307 1777 338; x_wconf 93' lang='lat' dir='ltr'><strong>in-</strong></span> 
     </span>
    </p>
   </div>
   <div class='ocr_carea' id='block_1_21' title="bbox 954 348 1777 391">
    <p class='ocr_par' dir='ltr' id='par_1_21' title="bbox 954 348 1777 391">
     <span class='ocr_line' id='line_1_21' title="bbox 954 348 1777 391; baseline 0.006 -13"><span class='ocrx_word' id='word_1_124' title='bbox 954 348 1155 388; x_wconf 75' lang='lat' dir='ltr'><strong>dignationem</strong></span> <span class='ocrx_word' id='word_1_125' title='bbox 1185 349 1358 381; x_wconf 85' lang='lat' dir='ltr'><strong>vibramus:</strong></span> <span class='ocrx_word' id='word_1_126' title='bbox 1392 351 1570 391; x_wconf 79' lang='lat' dir='ltr'><strong>participare</strong></span> <span class='ocrx_word' id='word_1_127' title='bbox 1599 356 1697 383; x_wconf 90' lang='lat' dir='ltr'><strong>autem</strong></span> <span class='ocrx_word' id='word_1_128' title='bbox 1726 361 1777 383; x_wconf 87' lang='lat' dir='ltr'><strong>eos</strong></span> 
     </span>
    </p>
   </div>
   <div class='ocr_carea' id='block_1_22' title="bbox 955 394 1775 433">
    <p class='ocr_par' dir='ltr' id='par_1_22' title="bbox 955 394 1775 433">
     <span class='ocr_line' id='line_1_22' title="bbox 955 394 1775 433; baseline 0.005 -10"><span class='ocrx_word' id='word_1_129' title='bbox 955 402 1014 423; x_wconf 89' lang='lat' dir='ltr'><strong>non</strong></span> <span class='ocrx_word' id='word_1_130' title='bbox 1031 394 1175 433; x_wconf 83' lang='lat' dir='ltr'><strong>cogimus,</strong></span> <span class='ocrx_word' id='word_1_131' title='bbox 1189 394 1226 425; x_wconf 91' lang='lat' dir='ltr'><strong>ob</strong></span> <span class='ocrx_word' id='word_1_132' title='bbox 1248 395 1438 427; x_wconf 75' lang='lat' dir='ltr'><strong>conscientiae</strong></span> <span class='ocrx_word' id='word_1_133' title='bbox 1461 400 1651 427; x_wconf 91' lang='lat' dir='ltr'><strong>tormentum.</strong></span> <span class='ocrx_word' id='word_1_134' title='bbox 1668 396 1775 427; x_wconf 78' lang='lat' dir='ltr'><strong>Anim-</strong></span> 
     </span>
    </p>
   </div>
   <div class='ocr_carea' id='block_1_23' title="bbox 955 437 1774 480">
    <p class='ocr_par' dir='ltr' id='par_1_23' title="bbox 955 437 1774 480">
     <span class='ocr_line' id='line_1_23' title="bbox 955 437 1774 480; baseline 0.005 -12"><span class='ocrx_word' id='word_1_135' title='bbox 955 437 1167 470; x_wconf 75' lang='lat' dir='ltr'><strong>advertendum</strong></span> <span class='ocrx_word' id='word_1_136' title='bbox 1185 439 1286 477; x_wconf 78' lang='lat' dir='ltr'><strong>igitur,</strong></span> <span class='ocrx_word' id='word_1_137' title='bbox 1301 440 1384 479; x_wconf 82' lang='lat' dir='ltr'><strong>juxta</strong></span> <span class='ocrx_word' id='word_1_138' title='bbox 1405 440 1535 480; x_wconf 64' lang='lat' dir='ltr'><strong>praedicti</strong></span> <span class='ocrx_word' id='word_1_139' title='bbox 1552 441 1674 471; x_wconf 84' lang='lat' dir='ltr'><strong>canonis</strong></span> <span class='ocrx_word' id='word_1_140' title='bbox 1689 445 1774 472; x_wconf 87' lang='lat' dir='ltr'><strong>teno-</strong></span> 
     </span>
    </p>
   </div>
   <div class='ocr_carea' id='block_1_24' title="bbox 954 483 1777 523">
    <p class='ocr_par' dir='ltr' id='par_1_24' title="bbox 954 483 1777 523">
     <span class='ocr_line' id='line_1_24' title="bbox 954 483 1777 523; baseline 0.005 -11"><span class='ocrx_word' id='word_1_141' title='bbox 954 491 1030 518; x_wconf 88' lang='lat' dir='ltr'><strong>rem,</strong></span> <span class='ocrx_word' id='word_1_142' title='bbox 1058 492 1095 514; x_wconf 90' lang='lat' dir='ltr'><strong>ne</strong></span> <span class='ocrx_word' id='word_1_143' title='bbox 1125 483 1175 523; x_wconf 87' lang='lat' dir='ltr'><strong>qui</strong></span> <span class='ocrx_word' id='word_1_144' title='bbox 1201 484 1359 515; x_wconf 90' lang='lat' dir='ltr'><strong>conventui</strong></span> <span class='ocrx_word' id='word_1_145' title='bbox 1387 484 1547 519; x_wconf 81' lang='lat' dir='ltr'><strong>intersunt,</strong></span> <span class='ocrx_word' id='word_1_146' title='bbox 1578 485 1777 516; x_wconf 86' lang='lat' dir='ltr'><strong>inordinatea</strong></span> 
     </span>
    </p>
   </div>
   <div class='ocr_carea' id='block_1_25' title="bbox 954 527 1777 569">
    <p class='ocr_par' dir='ltr' id='par_1_25' title="bbox 954 527 1777 569">
     <span class='ocr_line' id='line_1_25' title="bbox 954 527 1777 569; baseline 0.002 -12"><span class='ocrx_word' id='word_1_147' title='bbox 954 527 1100 558; x_wconf 86' lang='lat' dir='ltr'><strong>sacriﬁcio</strong></span> <span class='ocrx_word' id='word_1_148' title='bbox 1118 532 1316 559; x_wconf 89' lang='lat' dir='ltr'><strong>revertantur.</strong></span> <span class='ocrx_word' id='word_1_149' title='bbox 1333 528 1392 560; x_wconf 87' lang='lat' dir='ltr'><strong>Sed</strong></span> <span class='ocrx_word' id='word_1_150' title='bbox 1420 538 1486 560; x_wconf 88' lang='lat' dir='ltr'><strong>cum</strong></span> <span class='ocrx_word' id='word_1_151' title='bbox 1511 528 1606 569; x_wconf 84' lang='lat' dir='ltr'><strong>ipsum</strong></span> <span class='ocrx_word' id='word_1_152' title='bbox 1623 538 1659 560; x_wconf 83' lang='lat' dir='ltr'><strong>ex</strong></span> <span class='ocrx_word' id='word_1_153' title='bbox 1674 530 1777 560; x_wconf 79' lang='lat' dir='ltr'><strong>Veteri</strong></span> 
     </span>
    </p>
   </div>
   <div class='ocr_carea' id='block_1_26' title="bbox 953 570 1778 613">
    <p class='ocr_par' dir='ltr' id='par_1_26' title="bbox 953 570 1778 613">
     <span class='ocr_line' id='line_1_26' title="bbox 953 570 1778 613; baseline 0.002 -11"><span class='ocrx_word' id='word_1_154' title='bbox 953 570 1093 612; x_wconf 83' lang='lat' dir='ltr'><strong>Novoque</strong></span> <span class='ocrx_word' id='word_1_155' title='bbox 1107 571 1296 603; x_wconf 90' lang='lat' dir='ltr'><strong>Testamento</strong></span> <span class='ocrx_word' id='word_1_156' title='bbox 1313 573 1376 613; x_wconf 81' lang='lat' dir='ltr'><strong>pari</strong></span> <span class='ocrx_word' id='word_1_157' title='bbox 1403 573 1489 604; x_wconf 80' lang='lat' dir='ltr'><strong>modo</strong></span> <span class='ocrx_word' id='word_1_158' title='bbox 1516 573 1731 613; x_wconf 82' lang='lat' dir='ltr'><strong>magniﬁcetur,</strong></span> <span class='ocrx_word' id='word_1_159' title='bbox 1749 577 1778 604; x_wconf 89' lang='lat' dir='ltr'><strong>et</strong></span> 
     </span>
    </p>
   </div>
   <div class='ocr_carea' id='block_1_27' title="bbox 954 615 1776 658">
    <p class='ocr_par' dir='ltr' id='par_1_27' title="bbox 954 615 1776 658">
     <span class='ocr_line' id='line_1_27' title="bbox 954 615 1776 658; baseline 0.005 -13"><span class='ocrx_word' id='word_1_160' title='bbox 954 616 989 646; x_wconf 91' lang='lat' dir='ltr'><strong>ad</strong></span> <span class='ocrx_word' id='word_1_161' title='bbox 1005 615 1209 648; x_wconf 84' lang='lat' dir='ltr'><strong>recitationem</strong></span> <span class='ocrx_word' id='word_1_162' title='bbox 1221 617 1340 657; x_wconf 89' lang='lat' dir='ltr'><strong>quidem</strong></span> <span class='ocrx_word' id='word_1_163' title='bbox 1355 626 1448 658; x_wconf 87' lang='lat' dir='ltr'><strong>usque</strong></span> <span class='ocrx_word' id='word_1_164' title='bbox 1461 622 1630 648; x_wconf 82' lang='lat' dir='ltr'><strong>sanctorum</strong></span> <span class='ocrx_word' id='word_1_165' title='bbox 1647 618 1776 657; x_wconf 71' lang='lat' dir='ltr'><strong>Evange-</strong></span> 
     </span>
    </p>
   </div>
   <div class='ocr_carea' id='block_1_28' title="bbox 955 659 1775 697">
    <p class='ocr_par' dir='ltr' id='par_1_28' title="bbox 955 659 1775 697">
     <span class='ocr_line' id='line_1_28' title="bbox 955 659 1775 697; baseline 0.004 -7"><span class='ocrx_word' id='word_1_166' title='bbox 955 659 1074 697; x_wconf 89' lang='lat' dir='ltr'><strong>liorum,</strong></span> <span class='ocrx_word' id='word_1_167' title='bbox 1086 661 1231 692; x_wconf 66' lang='lat' dir='ltr'><strong>Davidicm</strong></span> <span class='ocrx_word' id='word_1_168' title='bbox 1247 662 1368 692; x_wconf 72' lang='lat' dir='ltr'><strong>citharae</strong></span> <span class='ocrx_word' id='word_1_169' title='bbox 1383 662 1514 692; x_wconf 84' lang='lat' dir='ltr'><strong>carmina</strong></span> <span class='ocrx_word' id='word_1_170' title='bbox 1530 662 1708 693; x_wconf 89' lang='lat' dir='ltr'><strong>sacramenti</strong></span> <span class='ocrx_word' id='word_1_171' title='bbox 1723 671 1775 693; x_wconf 89' lang='lat' dir='ltr'><strong>ce-</strong></span> 
     </span>
    </p>
   </div>
   <div class='ocr_carea' id='block_1_29' title="bbox 955 704 1777 746">
    <p class='ocr_par' dir='ltr' id='par_1_29' title="bbox 955 704 1777 746">
     <span class='ocr_line' id='line_1_29' title="bbox 955 704 1777 746; baseline 0.002 -12"><span class='ocrx_word' id='word_1_172' title='bbox 955 704 1071 735; x_wconf 88' lang='lat' dir='ltr'><strong>lebrent</strong></span> <span class='ocrx_word' id='word_1_173' title='bbox 1083 710 1255 746; x_wconf 87' lang='lat' dir='ltr'><strong>potestatem</strong></span> <span class='ocrx_word' id='word_1_174' title='bbox 1268 715 1275 737; x_wconf 90' lang='lat'>:</span> <span class='ocrx_word' id='word_1_175' title='bbox 1289 710 1390 746; x_wconf 85' lang='lat' dir='ltr'><strong>postea</strong></span> <span class='ocrx_word' id='word_1_176' title='bbox 1399 711 1498 737; x_wconf 86' lang='lat' dir='ltr'><strong>autem</strong></span> <span class='ocrx_word' id='word_1_177' title='bbox 1508 706 1777 738; x_wconf 65' lang='lat' dir='ltr'><strong>incruentteltostiaa</strong></span> 
     </span>
    </p>
   </div>
   <div class='ocr_carea' id='block_1_30' title="bbox 955 750 1776 791">
    <p class='ocr_par' dir='ltr' id='par_1_30' title="bbox 955 750 1776 791">
     <span class='ocr_line' id='line_1_30' title="bbox 955 750 1776 791; baseline 0.001 -11"><span class='ocrx_word' id='word_1_178' title='bbox 955 750 1124 790; x_wconf 85' lang='lat' dir='ltr'><strong>aperiantur</strong></span> <span class='ocrx_word' id='word_1_179' title='bbox 1140 751 1293 790; x_wconf 86' lang='lat' dir='ltr'><strong>vestibula,</strong></span> <span class='ocrx_word' id='word_1_180' title='bbox 1311 751 1491 782; x_wconf 86' lang='lat' dir='ltr'><strong>antistitibus</strong></span> <span class='ocrx_word' id='word_1_181' title='bbox 1509 751 1709 791; x_wconf 88' lang='lat' dir='ltr'><strong>permittentia</strong></span> <span class='ocrx_word' id='word_1_182' title='bbox 1724 761 1776 781; x_wconf 89' lang='lat' dir='ltr'><strong>su-</strong></span> 
     </span>
    </p>
   </div>
   <div class='ocr_carea' id='block_1_31' title="bbox 955 795 1777 836">
    <p class='ocr_par' dir='ltr' id='par_1_31' title="bbox 955 795 1777 836">
     <span class='ocr_line' id='line_1_31' title="bbox 955 795 1777 836; baseline 0.001 -10"><span class='ocrx_word' id='word_1_183' title='bbox 955 795 1195 835; x_wconf 79' lang='lat' dir='ltr'><strong>pethumeralem</strong></span> <span class='ocrx_word' id='word_1_184' title='bbox 1211 796 1351 826; x_wconf 89' lang='lat' dir='ltr'><strong>amictum</strong></span> <span class='ocrx_word' id='word_1_185' title='bbox 1367 795 1530 836; x_wconf 82' lang='lat' dir='ltr'><strong>deponere.</strong></span> <span class='ocrx_word' id='word_1_186' title='bbox 1542 795 1593 835; x_wconf 89' lang='lat' dir='ltr'><strong>qui</strong></span> <span class='ocrx_word' id='word_1_187' title='bbox 1606 796 1672 836; x_wconf 78' lang='lat' dir='ltr'><strong>agni</strong></span> <span class='ocrx_word' id='word_1_188' title='bbox 1685 796 1777 836; x_wconf 80' lang='lat' dir='ltr'><strong>ﬁgura</strong></span> 
     </span>
    </p>
   </div>
   <div class='ocr_carea' id='block_1_32' title="bbox 80 840 910 883">
    <p class='ocr_par' dir='ltr' id='par_1_32' title="bbox 80 841 910 883">
     <span class='ocr_line' id='line_1_32' title="bbox 80 841 910 883; baseline 0.002 -14"><span class='ocrx_word' id='word_1_189' title='bbox 80 842 132 869; x_wconf 77' lang='grc' dir='ltr'><strong>καὶ</strong></span> <span class='ocrx_word' id='word_1_190' title='bbox 145 848 204 874; x_wconf 68' lang='grc' dir='ltr'>τοῖς</span> <span class='ocrx_word' id='word_1_191' title='bbox 233 842 386 882; x_wconf 82' lang='grc' dir='ltr'><strong>ἀρχιερεῦσι</strong></span> <span class='ocrx_word' id='word_1_192' title='bbox 408 843 439 870; x_wconf 80' lang='grc' dir='ltr'>τὸ</span> <span class='ocrx_word' id='word_1_193' title='bbox 459 842 507 880; x_wconf 74' lang='grc' dir='ltr'>μὲν</span> <span class='ocrx_word' id='word_1_194' title='bbox 536 841 690 879; x_wconf 82' lang='grc' dir='ltr'>ἐπωμάδιον</span> <span class='ocrx_word' id='word_1_195' title='bbox 712 843 855 883; x_wconf 78' lang='grc' dir='ltr'>ὁμοφόριον</span> <span class='ocrx_word' id='word_1_196' title='bbox 882 844 910 871; x_wconf 74' lang='grc' dir='ltr'>τὸ</span> 
     </span>
    </p>
   </div>
   <div class='ocr_carea' id='block_1_33' title="bbox 972 840 1776 883">
    <p class='ocr_par' dir='ltr' id='par_1_33' title="bbox 973 840 1776 881">
     <span class='ocr_line' id='line_1_33' title="bbox 973 840 1776 881; baseline 0.001 -10"><span class='ocrx_word' id='word_1_197' title='bbox 973 840 1106 879; x_wconf 76' lang='lat' dir='ltr'><strong>leganter</strong></span> <span class='ocrx_word' id='word_1_198' title='bbox 1119 840 1278 871; x_wconf 86' lang='lat' dir='ltr'><strong>fabricatus</strong></span> <span class='ocrx_word' id='word_1_199' title='bbox 1294 844 1351 877; x_wconf 79' lang='lat' dir='ltr'><strong>est,</strong></span> <span class='ocrx_word' id='word_1_200' title='bbox 1364 844 1393 871; x_wconf 93' lang='lat' dir='ltr'><strong>et</strong></span> <span class='ocrx_word' id='word_1_201' title='bbox 1403 844 1528 871; x_wconf 88' lang='lat' dir='ltr'><strong>tractare</strong></span> <span class='ocrx_word' id='word_1_202' title='bbox 1540 841 1600 871; x_wconf 90' lang='lat' dir='ltr'><strong>veri</strong></span> <span class='ocrx_word' id='word_1_203' title='bbox 1611 841 1776 881; x_wconf 89' lang='lat' dir='ltr'><strong>viviﬁeique</strong></span> 
     </span>
    </p>
   </div>
   <div class='ocr_carea' id='block_1_34' title="bbox 82 885 911 926">
    <p class='ocr_par' dir='ltr' id='par_1_34' title="bbox 82 885 911 926">
     <span class='ocr_line' id='line_1_34' title="bbox 82 885 911 926; baseline 0.002 -12"><span class='ocrx_word' id='word_1_204' title='bbox 82 887 125 918; x_wconf 79' lang='grc' dir='ltr'><strong>εἰς</strong></span> <span class='ocrx_word' id='word_1_205' title='bbox 159 887 239 914; x_wconf 80' lang='grc' dir='ltr'>τύπον</span> <span class='ocrx_word' id='word_1_206' title='bbox 274 889 322 914; x_wconf 82' lang='grc' dir='ltr'><strong>τοῦ</strong></span> <span class='ocrx_word' id='word_1_207' title='bbox 363 886 446 924; x_wconf 81' lang='grc' dir='ltr'>ἀμνοῦ</span> <span class='ocrx_word' id='word_1_208' title='bbox 487 885 696 926; x_wconf 69' lang='grc' dir='ltr'>καλλιτεχνηθὲν</span> <span class='ocrx_word' id='word_1_209' title='bbox 735 887 911 924; x_wconf 79' lang='grc' dir='ltr'>ἀποτίθεσθαι,</span> 
     </span>
    </p>
   </div>
   <div class='ocr_carea' id='block_1_35' title="bbox 82 930 913 970">
    <p class='ocr_par' dir='ltr' id='par_1_35' title="bbox 82 930 913 970">
     <span class='ocr_line' id='line_1_35' title="bbox 82 930 913 970; baseline 0.002 -12"><span class='ocrx_word' id='word_1_210' title='bbox 82 931 322 970; x_wconf 75' lang='grc' dir='ltr'>μεταχειρίζεσθαι</span> <span class='ocrx_word' id='word_1_211' title='bbox 338 930 365 958; x_wconf 74' lang='grc' dir='ltr'><strong>δὲ</strong></span> <span class='ocrx_word' id='word_1_212' title='bbox 379 935 425 959; x_wconf 86' lang='grc' dir='ltr'><strong>τοῦ</strong></span> <span class='ocrx_word' id='word_1_213' title='bbox 440 930 551 964; x_wconf 79' lang='grc' dir='ltr'><strong>ἀληθοῦς</strong></span> <span class='ocrx_word' id='word_1_214' title='bbox 571 932 614 959; x_wconf 82' lang='grc' dir='ltr'>καὶ</span> <span class='ocrx_word' id='word_1_215' title='bbox 628 934 757 966; x_wconf 81' lang='grc' dir='ltr'>ζωοποιοῦ</span> <span class='ocrx_word' id='word_1_216' title='bbox 771 931 870 969; x_wconf 80' lang='grc' dir='ltr'>Ἀμνοῦ</span> <span class='ocrx_word' id='word_1_217' title='bbox 883 933 913 960; x_wconf 84' lang='grc' dir='ltr'>τὸ</span> 
     </span>
    </p>
   </div>
   <div class='ocr_carea' id='block_1_36' title="bbox 82 975 914 1015">
    <p class='ocr_par' dir='ltr' id='par_1_36' title="bbox 82 975 914 1015">
     <span class='ocr_line' id='line_1_36' title="bbox 82 975 914 1015; baseline 0 -11"><span class='ocrx_word' id='word_1_218' title='bbox 82 976 233 1014; x_wconf 79' lang='grc' dir='ltr'>μυστήριον</span> <span class='ocrx_word' id='word_1_219' title='bbox 246 985 253 992; x_wconf 89' lang='grc'><strong>·</strong></span> <span class='ocrx_word' id='word_1_220' title='bbox 270 976 350 1012; x_wconf 78' lang='grc' dir='ltr'>εἰμὲν</span> <span class='ocrx_word' id='word_1_221' title='bbox 365 977 388 1003; x_wconf 81' lang='grc' dir='ltr'>οἱ</span> <span class='ocrx_word' id='word_1_222' title='bbox 404 975 622 1010; x_wconf 78' lang='grc' dir='ltr'>ἐκκλησιάζοντες</span> <span class='ocrx_word' id='word_1_223' title='bbox 636 976 706 1007; x_wconf 69' lang='grc' dir='ltr'>εὐθὺς</span> <span class='ocrx_word' id='word_1_224' title='bbox 724 976 791 1013; x_wconf 80' lang='grc' dir='ltr'>μετὰ</span> <span class='ocrx_word' id='word_1_225' title='bbox 805 977 837 1004; x_wconf 78' lang='grc' dir='ltr'><strong>τὰ</strong></span> <span class='ocrx_word' id='word_1_226' title='bbox 851 976 914 1015; x_wconf 72' lang='grc' dir='ltr'>ἅγια</span> 
     </span>
    </p>
   </div>
   <div class='ocr_carea' id='block_1_37' title="bbox 82 1019 913 1060">
    <p class='ocr_par' dir='ltr' id='par_1_37' title="bbox 82 1019 913 1060">
     <span class='ocr_line' id='line_1_37' title="bbox 82 1019 913 1060; baseline -0.002 -12"><span class='ocrx_word' id='word_1_227' title='bbox 82 1019 247 1058; x_wconf 76' lang='grc' dir='ltr'>Εὖαγγέλια,</span> <span class='ocrx_word' id='word_1_228' title='bbox 265 1019 422 1058; x_wconf 72' lang='grc' dir='ltr'>αὐθαιρέτως</span> <span class='ocrx_word' id='word_1_229' title='bbox 437 1020 670 1060; x_wconf 62' lang='grc' dir='ltr'>ὑποχωρήσουσιν,</span> <span class='ocrx_word' id='word_1_230' title='bbox 680 1022 727 1049; x_wconf 75' lang='grc' dir='ltr'>οὐκ</span> <span class='ocrx_word' id='word_1_231' title='bbox 742 1020 913 1055; x_wconf 78' lang='grc' dir='ltr'>αἰτιαθήσον-</span> 
     </span>
    </p>
   </div>
   <div class='ocr_carea' id='block_1_38' title="bbox 79 1063 912 1104">
    <p class='ocr_par' dir='ltr' id='par_1_38' title="bbox 79 1063 912 1104">
     <span class='ocr_line' id='line_1_38' title="bbox 79 1063 912 1104; baseline 0 -12"><span class='ocrx_word' id='word_1_232' title='bbox 79 1075 132 1092; x_wconf 79' lang='grc' dir='ltr'><strong>ται</strong></span> <span class='ocrx_word' id='word_1_233' title='bbox 149 1074 157 1080; x_wconf 87' lang='grc'>·</span> <span class='ocrx_word' id='word_1_234' title='bbox 187 1065 209 1092; x_wconf 77' lang='grc' dir='ltr'>εἰ</span> <span class='ocrx_word' id='word_1_235' title='bbox 230 1063 256 1092; x_wconf 80' lang='grc' dir='ltr'><em>δὲ</em></span> <span class='ocrx_word' id='word_1_236' title='bbox 277 1064 345 1101; x_wconf 80' lang='grc' dir='ltr'>μετὰ</span> <span class='ocrx_word' id='word_1_237' title='bbox 365 1064 413 1097; x_wconf 78' lang='grc' dir='ltr'>τὴν</span> <span class='ocrx_word' id='word_1_238' title='bbox 428 1064 566 1104; x_wconf 73' lang='grc' dir='ltr'>καταρχὴν</span> <span class='ocrx_word' id='word_1_239' title='bbox 581 1067 631 1097; x_wconf 85' lang='grc' dir='ltr'>τῆς</span> <span class='ocrx_word' id='word_1_240' title='bbox 646 1064 812 1102; x_wconf 81' lang='grc' dir='ltr'>ἀναιμάκτου</span> <span class='ocrx_word' id='word_1_241' title='bbox 825 1065 912 1097; x_wconf 80' lang='grc' dir='ltr'>θυσίας</span> 
     </span>
    </p>
   </div>
   <div class='ocr_carea' id='block_1_39' title="bbox 79 1108 912 1146">
    <p class='ocr_par' dir='ltr' id='par_1_39' title="bbox 79 1108 912 1146">
     <span class='ocr_line' id='line_1_39' title="bbox 79 1108 912 1146; baseline 0.001 -10"><span class='ocrx_word' id='word_1_242' title='bbox 79 1110 130 1137; x_wconf 78' lang='grc' dir='ltr'>καὶ</span> <span class='ocrx_word' id='word_1_243' title='bbox 151 1110 295 1146; x_wconf 77' lang='grc' dir='ltr'>μυστικῆς,</span> <span class='ocrx_word' id='word_1_244' title='bbox 324 1109 361 1140; x_wconf 87' lang='grc' dir='ltr'>ὡς</span> <span class='ocrx_word' id='word_1_245' title='bbox 388 1108 495 1137; x_wconf 73' lang='grc' dir='ltr'>ἄτακτοι</span> <span class='ocrx_word' id='word_1_246' title='bbox 524 1109 567 1136; x_wconf 84' lang='grc' dir='ltr'>καὶ</span> <span class='ocrx_word' id='word_1_247' title='bbox 597 1108 783 1137; x_wconf 79' lang='grc' dir='ltr'>σκανδαλισταὶ</span> <span class='ocrx_word' id='word_1_248' title='bbox 807 1108 912 1141; x_wconf 79' lang='grc' dir='ltr'>δικαίως</span> 
     </span>
    </p>
   </div>
   <div class='ocr_carea' id='block_1_40' title="bbox 79 1153 320 1192">
    <p class='ocr_par' dir='ltr' id='par_1_40' title="bbox 79 1153 320 1192">
     <span class='ocr_line' id='line_1_40' title="bbox 79 1153 320 1192; baseline 0.004 -12"><span class='ocrx_word' id='word_1_249' title='bbox 79 1153 295 1192; x_wconf 76' lang='grc' dir='ltr'>ἀφορισθήσοντα</span> <span class='ocrx_word' id='word_1_250' title='bbox 300 1164 307 1180; x_wconf 95' lang='grc' dir='ltr'><strong>ι</strong></span> <span class='ocrx_word' id='word_1_251' title='bbox 313 1175 320 1182; x_wconf 91' lang='grc'><strong>.</strong></span> 
     </span>
    </p>
   </div>
   <div class='ocr_carea' id='block_1_41' title="bbox 127 1191 912 1238">
    <p class='ocr_par' dir='ltr' id='par_1_41' title="bbox 127 1191 912 1238">
     <span class='ocr_line' id='line_1_41' title="bbox 127 1191 912 1238; baseline 0.003 -13"><span class='ocrx_word' id='word_1_252' title='bbox 127 1191 275 1237; x_wconf 78' lang='grc' dir='ltr'>Ἐρώτησις</span> <span class='ocrx_word' id='word_1_253' title='bbox 298 1191 342 1232; x_wconf 85' lang='grc' dir='ltr'>ιζ’,</span> <span class='ocrx_word' id='word_1_254' title='bbox 373 1198 403 1225; x_wconf 73' lang='grc' dir='ltr'><strong>ΟΣ</strong></span> <span class='ocrx_word' id='word_1_255' title='bbox 431 1197 498 1234; x_wconf 83' lang='grc' dir='ltr'>μετὰ</span> <span class='ocrx_word' id='word_1_256' title='bbox 525 1201 572 1226; x_wconf 85' lang='grc' dir='ltr'><strong>τοῦ</strong></span> <span class='ocrx_word' id='word_1_257' title='bbox 593 1197 738 1238; x_wconf 72' lang='grc' dir='ltr'>ἀρχιερέως</span> <span class='ocrx_word' id='word_1_258' title='bbox 751 1197 852 1237; x_wconf 60' lang='grc' dir='ltr'>ἣξμετὰ</span> <span class='ocrx_word' id='word_1_259' title='bbox 866 1203 912 1228; x_wconf 84' lang='grc' dir='ltr'><strong>τοῦ</strong></span> 
     </span>
    </p>
   </div>
   <div class='ocr_carea' id='block_1_42' title="bbox 80 1241 910 1282">
    <p class='ocr_par' dir='ltr' id='par_1_42' title="bbox 80 1241 910 1282">
     <span class='ocr_line' id='line_1_42' title="bbox 80 1241 910 1282; baseline 0.001 -12"><span class='ocrx_word' id='word_1_260' title='bbox 80 1241 176 1281; x_wconf 79' lang='grc' dir='ltr'>ἱερέως</span> <span class='ocrx_word' id='word_1_261' title='bbox 191 1241 450 1281; x_wconf 84' lang='grc' dir='ltr'>συλλειτουργοῦντες</span> <span class='ocrx_word' id='word_1_262' title='bbox 472 1241 600 1280; x_wconf 80' lang='grc' dir='ltr'>διάκονοι,</span> <span class='ocrx_word' id='word_1_263' title='bbox 623 1243 809 1282; x_wconf 82' lang='grc' dir='ltr'>ἀπαραιτήτως</span> <span class='ocrx_word' id='word_1_264' title='bbox 826 1253 910 1281; x_wconf 79' lang='grc' dir='ltr'>μετα-</span> 
     </span>
    </p>
   </div>
   <div class='ocr_carea' id='block_1_43' title="bbox 82 1285 509 1327">
    <p class='ocr_par' dir='ltr' id='par_1_43' title="bbox 82 1285 509 1327">
     <span class='ocr_line' id='line_1_43' title="bbox 82 1285 509 1327; baseline 0.002 -13"><span class='ocrx_word' id='word_1_265' title='bbox 82 1285 233 1323; x_wconf 71' lang='grc' dir='ltr'>λαμϐἀδειν</span> <span class='ocrx_word' id='word_1_266' title='bbox 248 1286 405 1326; x_wconf 78' lang='grc' dir='ltr'>ὀφείλουσιν,</span> <span class='ocrx_word' id='word_1_267' title='bbox 421 1286 439 1320; x_wconf 72' lang='grc' dir='ltr'><strong>ἢ</strong></span> <span class='ocrx_word' id='word_1_268' title='bbox 455 1286 484 1315; x_wconf 76' lang='grc' dir='ltr'>οὕ</span> <span class='ocrx_word' id='word_1_269' title='bbox 501 1297 509 1327; x_wconf 84' lang='grc'>;</span> 
     </span>
    </p>
   </div>
   <div class='ocr_carea' id='block_1_44' title="bbox 128 1326 910 1372">
    <p class='ocr_par' dir='ltr' id='par_1_44' title="bbox 128 1326 910 1372">
     <span class='ocr_line' id='line_1_44' title="bbox 128 1326 910 1372; baseline 0.001 -13"><span class='ocrx_word' id='word_1_270' title='bbox 128 1329 193 1362; x_wconf 81' lang='grc' dir='ltr'>Ἀπ.</span> <span class='ocrx_word' id='word_1_271' title='bbox 212 1327 240 1360; x_wconf 74' lang='grc' dir='ltr'><strong>Ὀ</strong></span> <span class='ocrx_word' id='word_1_272' title='bbox 261 1326 389 1364; x_wconf 82' lang='grc' dir='ltr'>η’κανὼν</span> <span class='ocrx_word' id='word_1_273' title='bbox 402 1333 454 1359; x_wconf 84' lang='grc' dir='ltr'>τῶν</span> <span class='ocrx_word' id='word_1_274' title='bbox 477 1332 557 1370; x_wconf 77' lang='grc' dir='ltr'>ἁγίων</span> <span class='ocrx_word' id='word_1_275' title='bbox 576 1331 732 1359; x_wconf 82' lang='grc' dir='ltr'>ἀποστόλων</span> <span class='ocrx_word' id='word_1_276' title='bbox 759 1331 828 1360; x_wconf 79' lang='grc' dir='ltr'>οὕτω</span> <span class='ocrx_word' id='word_1_277' title='bbox 855 1344 910 1372; x_wconf 77' lang='grc' dir='ltr'><strong>φη-</strong></span> 
     </span>
    </p>
   </div>
   <div class='ocr_carea' id='block_1_45' title="bbox 80 1375 909 1416">
    <p class='ocr_par' dir='ltr' id='par_1_45' title="bbox 80 1375 909 1416">
     <span class='ocr_line' id='line_1_45' title="bbox 80 1375 909 1416; baseline 0.001 -13"><span class='ocrx_word' id='word_1_278' title='bbox 80 1376 136 1412; x_wconf 87' lang='grc' dir='ltr'>σὶν,</span> <span class='ocrx_word' id='word_1_279' title='bbox 169 1375 203 1404; x_wconf 76' lang='grc' dir='ltr'>Εἴ</span> <span class='ocrx_word' id='word_1_280' title='bbox 224 1386 267 1407; x_wconf 90' lang='grc' dir='ltr'><strong>τις</strong></span> <span class='ocrx_word' id='word_1_281' title='bbox 294 1376 449 1411; x_wconf 74' lang='grc' dir='ltr'>ἐπίσκοπος,</span> <span class='ocrx_word' id='word_1_282' title='bbox 477 1376 496 1410; x_wconf 77' lang='grc' dir='ltr'><strong>ἢ</strong></span> <span class='ocrx_word' id='word_1_283' title='bbox 518 1375 700 1415; x_wconf 74' lang='grc' dir='ltr'>πρεσϐύτερος,</span> <span class='ocrx_word' id='word_1_284' title='bbox 735 1376 752 1410; x_wconf 81' lang='grc' dir='ltr'>ἣ</span> <span class='ocrx_word' id='word_1_285' title='bbox 774 1375 909 1416; x_wconf 77' lang='grc' dir='ltr'>διάκονος,</span> 
     </span>
    </p>
   </div>
   <div class='ocr_carea' id='block_1_46' title="bbox 80 1420 910 1461">
    <p class='ocr_par' dir='ltr' id='par_1_46' title="bbox 80 1420 910 1461">
     <span class='ocr_line' id='line_1_46' title="bbox 80 1420 910 1461; baseline 0.002 -13"><span class='ocrx_word' id='word_1_286' title='bbox 80 1420 100 1454; x_wconf 74' lang='grc' dir='ltr'><strong>ἢ</strong></span> <span class='ocrx_word' id='word_1_287' title='bbox 139 1424 185 1448; x_wconf 85' lang='grc' dir='ltr'><strong>τοῦ</strong></span> <span class='ocrx_word' id='word_1_288' title='bbox 213 1420 361 1459; x_wconf 78' lang='grc' dir='ltr'>καταλόγου</span> <span class='ocrx_word' id='word_1_289' title='bbox 391 1425 435 1450; x_wconf 85' lang='grc' dir='ltr'><strong>τοῦ</strong></span> <span class='ocrx_word' id='word_1_290' title='bbox 473 1422 613 1460; x_wconf 73' lang='grc' dir='ltr'>ἱερατικοῦ,</span> <span class='ocrx_word' id='word_1_291' title='bbox 652 1424 801 1461; x_wconf 69' lang='grc' dir='ltr'>προσφορᾶς</span> <span class='ocrx_word' id='word_1_292' title='bbox 836 1433 910 1459; x_wconf 90' lang='grc' dir='ltr'>γινο-</span> 
     </span>
    </p>
   </div>
   <div class='ocr_carea' id='block_1_47' title="bbox 78 1463 909 1503">
    <p class='ocr_par' dir='ltr' id='par_1_47' title="bbox 78 1463 909 1503">
     <span class='ocr_line' id='line_1_47' title="bbox 78 1463 909 1503; baseline 0.001 -11"><span class='ocrx_word' id='word_1_293' title='bbox 78 1464 167 1502; x_wconf 74' lang='grc' dir='ltr'>μέιης</span> <span class='ocrx_word' id='word_1_294' title='bbox 183 1465 222 1503; x_wconf 81' lang='grc' dir='ltr'><strong>μὴ</strong></span> <span class='ocrx_word' id='word_1_295' title='bbox 238 1463 386 1503; x_wconf 70' lang='grc' dir='ltr'>μεταλάϐῃ,</span> <span class='ocrx_word' id='word_1_296' title='bbox 412 1466 460 1498; x_wconf 78' lang='grc' dir='ltr'><strong>τὴν</strong></span> <span class='ocrx_word' id='word_1_297' title='bbox 488 1466 571 1494; x_wconf 79' lang='grc' dir='ltr'>αἰτίαν</span> <span class='ocrx_word' id='word_1_298' title='bbox 599 1465 710 1494; x_wconf 81' lang='grc' dir='ltr'>εἰπάτω.</span> <span class='ocrx_word' id='word_1_299' title='bbox 741 1466 790 1494; x_wconf 80' lang='grc' dir='ltr'>Καὶ</span> <span class='ocrx_word' id='word_1_300' title='bbox 818 1465 863 1493; x_wconf 74' lang='grc' dir='ltr'><strong>ἐὰν</strong></span> <span class='ocrx_word' id='word_1_301' title='bbox 891 1467 909 1503; x_wconf 77' lang='grc' dir='ltr'>ᾗ</span> 
     </span>
    </p>
   </div>
   <div class='ocr_carea' id='block_1_48' title="bbox 78 1508 937 1551">
    <p class='ocr_par' dir='ltr' id='par_1_48' title="bbox 78 1508 937 1551">
     <span class='ocr_line' id='line_1_48' title="bbox 78 1508 937 1551; baseline 0.001 -15"><span class='ocrx_word' id='word_1_302' title='bbox 78 1508 203 1548; x_wconf 67' lang='grc' dir='ltr'>εὔλογος,</span> <span class='ocrx_word' id='word_1_303' title='bbox 233 1509 394 1548; x_wconf 81' lang='grc' dir='ltr'>συγγνώμης</span> <span class='ocrx_word' id='word_1_304' title='bbox 431 1509 598 1549; x_wconf 83' lang='grc' dir='ltr'>τυγχανέτω.</span> <span class='ocrx_word' id='word_1_305' title='bbox 636 1510 664 1538; x_wconf 76' lang='grc' dir='ltr'><strong>Εἰ</strong></span> <span class='ocrx_word' id='word_1_306' title='bbox 692 1508 720 1537; x_wconf 80' lang='grc' dir='ltr'><strong>δὲ</strong></span> <span class='ocrx_word' id='word_1_307' title='bbox 757 1510 794 1547; x_wconf 81' lang='grc' dir='ltr'>μὴ</span> <span class='ocrx_word' id='word_1_308' title='bbox 822 1509 937 1551; x_wconf 68' lang='grc' dir='ltr'>λέγει,ο</span> 
     </span>
    </p>
   </div>
   <div class='ocr_carea' id='block_1_49' title="bbox 77 1553 905 1594">
    <p class='ocr_par' dir='ltr' id='par_1_49' title="bbox 77 1553 905 1594">
     <span class='ocr_line' id='line_1_49' title="bbox 77 1553 905 1594; baseline 0 -12"><span class='ocrx_word' id='word_1_309' title='bbox 77 1554 256 1594; x_wconf 67' lang='grc' dir='ltr'>ἀφοριζέσθω,</span> <span class='ocrx_word' id='word_1_310' title='bbox 286 1554 322 1585; x_wconf 86' lang='grc' dir='ltr'>ὡς</span> <span class='ocrx_word' id='word_1_311' title='bbox 351 1553 434 1586; x_wconf 73' lang='grc' dir='ltr'>οἵτιος</span> <span class='ocrx_word' id='word_1_312' title='bbox 464 1553 566 1592; x_wconf 74' lang='grc' dir='ltr'>βλάϐης</span> <span class='ocrx_word' id='word_1_313' title='bbox 595 1555 733 1593; x_wconf 83' lang='grc' dir='ltr'>γινόμενος</span> <span class='ocrx_word' id='word_1_314' title='bbox 761 1557 799 1590; x_wconf 86' lang='grc' dir='ltr'>τῷ</span> <span class='ocrx_word' id='word_1_315' title='bbox 841 1557 905 1591; x_wconf 76' lang='grc' dir='ltr'>λαῷ,</span> 
     </span>
    </p>
   </div>
   <div class='ocr_carea' id='block_1_50' title="bbox 78 1598 907 1638">
    <p class='ocr_par' dir='ltr' id='par_1_50' title="bbox 78 1598 907 1638">
     <span class='ocr_line' id='line_1_50' title="bbox 78 1598 907 1638; baseline 0.001 -12"><span class='ocrx_word' id='word_1_316' title='bbox 78 1598 127 1626; x_wconf 83' lang='grc' dir='ltr'>καὶ</span> <span class='ocrx_word' id='word_1_317' title='bbox 165 1598 294 1627; x_wconf 81' lang='grc' dir='ltr'>ὑπόνοιαν</span> <span class='ocrx_word' id='word_1_318' title='bbox 331 1599 446 1633; x_wconf 81' lang='grc' dir='ltr'>ποιήσας</span> <span class='ocrx_word' id='word_1_319' title='bbox 485 1599 553 1626; x_wconf 78' lang='grc' dir='ltr'>κατὰ</span> <span class='ocrx_word' id='word_1_320' title='bbox 597 1602 643 1627; x_wconf 82' lang='grc' dir='ltr'><strong>τοῦ</strong></span> <span class='ocrx_word' id='word_1_321' title='bbox 684 1598 907 1638; x_wconf 76' lang='grc' dir='ltr'>προσενέγκαντος</span> 
     </span>
    </p>
   </div>
   <div class='ocr_carea' id='block_1_51' title="bbox 78 1643 909 1682">
    <p class='ocr_par' dir='ltr' id='par_1_51' title="bbox 78 1643 909 1682">
     <span class='ocr_line' id='line_1_51' title="bbox 78 1643 909 1682; baseline 0 -12"><span class='ocrx_word' id='word_1_322' title='bbox 78 1644 118 1674; x_wconf 85' lang='grc' dir='ltr'><strong>ὡς</strong></span> <span class='ocrx_word' id='word_1_323' title='bbox 161 1643 199 1681; x_wconf 80' lang='grc' dir='ltr'>μὴ</span> <span class='ocrx_word' id='word_1_324' title='bbox 236 1643 316 1681; x_wconf 70' lang='grc' dir='ltr'>ὃγιῶς</span> <span class='ocrx_word' id='word_1_325' title='bbox 352 1643 583 1682; x_wconf 84' lang='grc' dir='ltr'>προσενεγκόντος.</span> <span class='ocrx_word' id='word_1_326' title='bbox 623 1643 825 1682; x_wconf 84' lang='grc' dir='ltr'>Παρατηρητέον</span> <span class='ocrx_word' id='word_1_327' title='bbox 865 1643 909 1671; x_wconf 82' lang='grc' dir='ltr'>οὖν</span> 
     </span>
    </p>
   </div>
   <div class='ocr_carea' id='block_1_52' title="bbox 80 1685 908 1725">
    <p class='ocr_par' dir='ltr' id='par_1_52' title="bbox 80 1685 908 1725">
     <span class='ocr_line' id='line_1_52' title="bbox 80 1685 908 1725; baseline -0.001 -9"><span class='ocrx_word' id='word_1_328' title='bbox 80 1687 144 1716; x_wconf 80' lang='grc' dir='ltr'>τοὺς</span> <span class='ocrx_word' id='word_1_329' title='bbox 167 1685 353 1718; x_wconf 79' lang='grc' dir='ltr'>ὖποδιακόνους</span> <span class='ocrx_word' id='word_1_330' title='bbox 380 1688 424 1715; x_wconf 88' lang='grc' dir='ltr'><strong>καὶ</strong></span> <span class='ocrx_word' id='word_1_331' title='bbox 451 1688 511 1719; x_wconf 81' lang='grc' dir='ltr'>τοὺς</span> <span class='ocrx_word' id='word_1_332' title='bbox 543 1686 690 1723; x_wconf 75' lang='grc' dir='ltr'>διακόνους,</span> <span class='ocrx_word' id='word_1_333' title='bbox 723 1688 766 1715; x_wconf 71' lang='grc' dir='ltr'><strong>καὶ</strong></span> <span class='ocrx_word' id='word_1_334' title='bbox 807 1687 908 1725; x_wconf 75' lang='grc' dir='ltr'>μᾶλλον</span> 
     </span>
    </p>
   </div>
   <div class='ocr_carea' id='block_1_53' title="bbox 80 1731 910 1772">
    <p class='ocr_par' dir='ltr' id='par_1_53' title="bbox 80 1731 910 1772">
     <span class='ocr_line' id='line_1_53' title="bbox 80 1731 910 1772; baseline 0 -13"><span class='ocrx_word' id='word_1_335' title='bbox 80 1733 145 1764; x_wconf 68' lang='grc' dir='ltr'>τοὺς</span> <span class='ocrx_word' id='word_1_336' title='bbox 187 1733 419 1772; x_wconf 75' lang='grc' dir='ltr'>χειρατπήσαντας</span> <span class='ocrx_word' id='word_1_337' title='bbox 471 1731 682 1770; x_wconf 74' lang='grc' dir='ltr'>μεταλαμϐάνειν</span> <span class='ocrx_word' id='word_1_338' title='bbox 733 1735 784 1760; x_wconf 82' lang='grc' dir='ltr'>τῶν</span> <span class='ocrx_word' id='word_1_339' title='bbox 835 1733 910 1761; x_wconf 74' lang='grc' dir='ltr'>θείων</span> 
     </span>
    </p>
   </div>
   <div class='ocr_carea' id='block_1_54' title="bbox 81 1776 910 1816">
    <p class='ocr_par' dir='ltr' id='par_1_54' title="bbox 81 1776 910 1816">
     <span class='ocr_line' id='line_1_54' title="bbox 81 1776 910 1816; baseline 0.002 -12"><span class='ocrx_word' id='word_1_340' title='bbox 81 1777 258 1815; x_wconf 76' lang='grc' dir='ltr'>ἁγιασμάτων</span> <span class='ocrx_word' id='word_1_341' title='bbox 275 1783 283 1795; x_wconf 88' lang='grc'>⁶</span> <span class='ocrx_word' id='word_1_342' title='bbox 320 1777 338 1810; x_wconf 76' lang='grc' dir='ltr'>ἢ</span> <span class='ocrx_word' id='word_1_343' title='bbox 367 1777 421 1814; x_wconf 82' lang='grc' dir='ltr'><strong>μὴν</strong></span> <span class='ocrx_word' id='word_1_344' title='bbox 449 1777 498 1808; x_wconf 77' lang='grc' dir='ltr'>τὴν</span> <span class='ocrx_word' id='word_1_345' title='bbox 526 1777 609 1805; x_wconf 84' lang='grc' dir='ltr'>αἰτίαν</span> <span class='ocrx_word' id='word_1_346' title='bbox 635 1776 722 1816; x_wconf 84' lang='grc' dir='ltr'>λέγειν</span> <span class='ocrx_word' id='word_1_347' title='bbox 745 1776 781 1804; x_wconf 81' lang='grc' dir='ltr'>δι’</span> <span class='ocrx_word' id='word_1_348' title='bbox 810 1777 843 1810; x_wconf 71' lang='grc' dir='ltr'><strong>ἢν</strong></span> <span class='ocrx_word' id='word_1_349' title='bbox 864 1782 910 1806; x_wconf 85' lang='grc' dir='ltr'><strong>τοῦ</strong></span> 
     </span>
    </p>
   </div>
   <div class='ocr_carea' id='block_1_55' title="bbox 82 1820 906 1861">
    <p class='ocr_par' dir='ltr' id='par_1_55' title="bbox 82 1820 906 1861">
     <span class='ocr_line' id='line_1_55' title="bbox 82 1820 906 1861; baseline 0 -12"><span class='ocrx_word' id='word_1_350' title='bbox 82 1821 184 1860; x_wconf 72' lang='grc' dir='ltr'>ἀγαθοῦ</span> <span class='ocrx_word' id='word_1_351' title='bbox 199 1821 289 1849; x_wconf 84' lang='grc' dir='ltr'>τούτου</span> <span class='ocrx_word' id='word_1_352' title='bbox 317 1820 479 1854; x_wconf 71' lang='grc' dir='ltr'>ἀπέστησαν.</span> <span class='ocrx_word' id='word_1_353' title='bbox 505 1825 585 1850; x_wconf 87' lang='grc' dir='ltr'>Τοῦτο</span> <span class='ocrx_word' id='word_1_354' title='bbox 613 1822 662 1861; x_wconf 81' lang='grc' dir='ltr'><strong>γὰρ</strong></span> <span class='ocrx_word' id='word_1_355' title='bbox 693 1821 732 1859; x_wconf 81' lang='grc' dir='ltr'><strong>μὴ</strong></span> <span class='ocrx_word' id='word_1_356' title='bbox 760 1826 906 1858; x_wconf 83' lang='grc' dir='ltr'>ποιοῦντες,</span> 
     </span>
    </p>
   </div>
   <div class='ocr_carea' id='block_1_56' title="bbox 81 1865 908 1905">
    <p class='ocr_par' dir='ltr' id='par_1_56' title="bbox 81 1865 908 1905">
     <span class='ocr_line' id='line_1_56' title="bbox 81 1865 908 1905; baseline 0.001 -12"><span class='ocrx_word' id='word_1_357' title='bbox 81 1865 304 1905; x_wconf 67' lang='grc' dir='ltr'>ἆφορισθήσονται</span> <span class='ocrx_word' id='word_1_358' title='bbox 350 1865 418 1893; x_wconf 80' lang='grc' dir='ltr'>κατὰ</span> <span class='ocrx_word' id='word_1_359' title='bbox 467 1865 515 1899; x_wconf 74' lang='grc' dir='ltr'><strong>τὴν</strong></span> <span class='ocrx_word' id='word_1_360' title='bbox 557 1869 602 1893; x_wconf 82' lang='grc' dir='ltr'><strong>τοῦ</strong></span> <span class='ocrx_word' id='word_1_361' title='bbox 642 1865 764 1905; x_wconf 82' lang='grc' dir='ltr'>ρηθέντος</span> <span class='ocrx_word' id='word_1_362' title='bbox 799 1866 908 1898; x_wconf 78' lang='grc' dir='ltr'>κανόνος</span> 
     </span>
    </p>
   </div>
   <div class='ocr_carea' id='block_1_57' title="bbox 80 1910 239 1951">
    <p class='ocr_par' dir='ltr' id='par_1_57' title="bbox 80 1910 239 1951">
     <span class='ocr_line' id='line_1_57' title="bbox 80 1910 239 1951; baseline 0.006 -13"><span class='ocrx_word' id='word_1_363' title='bbox 80 1910 239 1951; x_wconf 78' lang='grc' dir='ltr'>περίληψιν.</span> 
     </span>
    </p>
   </div>
   <div class='ocr_carea' id='block_1_58' title="bbox 123 1950 908 1995">
    <p class='ocr_par' dir='ltr' id='par_1_58' title="bbox 123 1950 908 1995">
     <span class='ocr_line' id='line_1_58' title="bbox 123 1950 908 1995; baseline 0 -11"><span class='ocrx_word' id='word_1_364' title='bbox 123 1956 268 1995; x_wconf 81' lang='grc' dir='ltr'>Ἐρώτηεις</span> <span class='ocrx_word' id='word_1_365' title='bbox 305 1950 354 1988; x_wconf 74' lang='grc' dir='ltr'>ιη’,</span> <span class='ocrx_word' id='word_1_366' title='bbox 383 1954 531 1983; x_wconf 78' lang='grc' dir='ltr'><strong>⁷Ακίνδυνόν</strong></span> <span class='ocrx_word' id='word_1_367' title='bbox 553 1955 608 1983; x_wconf 77' lang='grc' dir='ltr'>ἐστι</span> <span class='ocrx_word' id='word_1_368' title='bbox 626 1955 740 1994; x_wconf 76' lang='grc' dir='ltr'>γίνεσθαι</span> <span class='ocrx_word' id='word_1_369' title='bbox 776 1957 823 1990; x_wconf 78' lang='grc' dir='ltr'>τὴν</span> <span class='ocrx_word' id='word_1_370' title='bbox 856 1960 908 1985; x_wconf 83' lang='grc' dir='ltr'>τῶν</span> 
     </span>
    </p>
   </div>
   <div class='ocr_carea' id='block_1_59' title="bbox 79 1998 909 2039">
    <p class='ocr_par' dir='ltr' id='par_1_59' title="bbox 79 1998 909 2039">
     <span class='ocr_line' id='line_1_59' title="bbox 79 1998 909 2039; baseline 0.001 -11"><span class='ocrx_word' id='word_1_371' title='bbox 79 2001 160 2028; x_wconf 86' lang='grc' dir='ltr'>θείων</span> <span class='ocrx_word' id='word_1_372' title='bbox 202 2000 374 2038; x_wconf 80' lang='grc' dir='ltr'>ἁγιασμάτων</span> <span class='ocrx_word' id='word_1_373' title='bbox 419 1998 531 2028; x_wconf 78' lang='grc' dir='ltr'>διάδοσιν</span> <span class='ocrx_word' id='word_1_374' title='bbox 573 2001 616 2028; x_wconf 84' lang='grc' dir='ltr'><strong>καὶ</strong></span> <span class='ocrx_word' id='word_1_375' title='bbox 658 2000 808 2038; x_wconf 80' lang='grc' dir='ltr'>μετάληψιν</span> <span class='ocrx_word' id='word_1_376' title='bbox 843 2002 909 2039; x_wconf 82' lang='grc' dir='ltr'>μετᾶ</span> 
     </span>
    </p>
   </div>
   <div class='ocr_carea' id='block_1_60' title="bbox 81 2043 909 2085">
    <p class='ocr_par' dir='ltr' id='par_1_60' title="bbox 81 2043 909 2085">
     <span class='ocr_line' id='line_1_60' title="bbox 81 2043 909 2085; baseline 0.001 -12"><span class='ocrx_word' id='word_1_377' title='bbox 81 2048 189 2085; x_wconf 82' lang='grc' dir='ltr'>ψυχροῦ</span> <span class='ocrx_word' id='word_1_378' title='bbox 212 2043 286 2073; x_wconf 71' lang='grc' dir='ltr'>οἴνου</span> <span class='ocrx_word' id='word_1_379' title='bbox 312 2045 355 2072; x_wconf 83' lang='grc' dir='ltr'><strong>καὶ</strong></span> <span class='ocrx_word' id='word_1_380' title='bbox 376 2043 468 2076; x_wconf 78' lang='grc' dir='ltr'>ὕδατος</span> <span class='ocrx_word' id='word_1_381' title='bbox 485 2053 491 2060; x_wconf 94' lang='grc'><strong>·</strong></span> <span class='ocrx_word' id='word_1_382' title='bbox 569 2044 747 2084; x_wconf 80' lang='grc' dir='ltr'>ἀπαραίτητόν</span> <span class='ocrx_word' id='word_1_383' title='bbox 780 2045 836 2074; x_wconf 80' lang='grc' dir='ltr'>ἐστι</span> <span class='ocrx_word' id='word_1_384' title='bbox 865 2048 909 2074; x_wconf 75' lang='grc' dir='ltr'><strong>καὶ</strong></span> 
     </span>
    </p>
   </div>
   <div class='ocr_carea' id='block_1_61' title="bbox 80 2088 909 2128">
    <p class='ocr_par' dir='ltr' id='par_1_61' title="bbox 80 2088 909 2128">
     <span class='ocr_line' id='line_1_61' title="bbox 80 2088 909 2128; baseline 0 -10"><span class='ocrx_word' id='word_1_385' title='bbox 80 2090 140 2125; x_wconf 79' lang='grc' dir='ltr'>ζέον</span> <span class='ocrx_word' id='word_1_386' title='bbox 163 2088 230 2128; x_wconf 54' lang='grc' dir='ltr'>ὧωρ</span> <span class='ocrx_word' id='word_1_387' title='bbox 258 2089 326 2116; x_wconf 82' lang='grc' dir='ltr'>κατὰ</span> <span class='ocrx_word' id='word_1_388' title='bbox 347 2089 392 2116; x_wconf 74' lang='grc' dir='ltr'><strong>τὸν</strong></span> <span class='ocrx_word' id='word_1_389' title='bbox 419 2089 509 2127; x_wconf 76' lang='grc' dir='ltr'>καιρὸν</span> <span class='ocrx_word' id='word_1_390' title='bbox 530 2091 579 2123; x_wconf 78' lang='grc' dir='ltr'>τῆς</span> <span class='ocrx_word' id='word_1_391' title='bbox 607 2089 785 2128; x_wconf 66' lang='grc' dir='ltr'>μεταλήψεως</span> <span class='ocrx_word' id='word_1_392' title='bbox 809 2091 844 2122; x_wconf 85' lang='grc' dir='ltr'><strong>εἰς</strong></span> <span class='ocrx_word' id='word_1_393' title='bbox 877 2091 909 2118; x_wconf 83' lang='grc' dir='ltr'><strong>τὰ</strong></span> 
     </span>
    </p>
   </div>
   <div class='ocr_carea' id='block_1_62' title="bbox 82 2133 298 2173">
    <p class='ocr_par' dir='ltr' id='par_1_62' title="bbox 82 2133 298 2173">
     <span class='ocr_line' id='line_1_62' title="bbox 82 2133 298 2173; baseline -0.009 -11"><span class='ocrx_word' id='word_1_394' title='bbox 82 2134 150 2173; x_wconf 72' lang='grc' dir='ltr'>ἅγια</span> <span class='ocrx_word' id='word_1_395' title='bbox 165 2133 273 2172; x_wconf 73' lang='grc' dir='ltr'>βάλλειν</span> <span class='ocrx_word' id='word_1_396' title='bbox 290 2142 298 2172; x_wconf 79' lang='grc'><strong>;</strong></span> 
     </span>
    </p>
   </div>
   <div class='ocr_carea' id='block_1_63' title="bbox 954 884 1777 925">
    <p class='ocr_par' dir='ltr' id='par_1_63' title="bbox 954 884 1777 925">
     <span class='ocr_line' id='line_1_63' title="bbox 954 884 1777 925; baseline 0.001 -10"><span class='ocrx_word' id='word_1_397' title='bbox 954 884 1029 924; x_wconf 74' lang='lat' dir='ltr'><strong>Agni</strong></span> <span class='ocrx_word' id='word_1_398' title='bbox 1044 888 1263 916; x_wconf 84' lang='lat' dir='ltr'><strong>sacramentum</strong></span> <span class='ocrx_word' id='word_1_399' title='bbox 1278 895 1284 915; x_wconf 90' lang='lat'>:</span> <span class='ocrx_word' id='word_1_400' title='bbox 1299 885 1323 915; x_wconf 91' lang='lat' dir='ltr'><strong>si</strong></span> <span class='ocrx_word' id='word_1_401' title='bbox 1336 885 1454 923; x_wconf 84' lang='lat' dir='ltr'><strong>quidem</strong></span> <span class='ocrx_word' id='word_1_402' title='bbox 1467 885 1498 922; x_wconf 89' lang='lat' dir='ltr'><strong>ii,</strong></span> <span class='ocrx_word' id='word_1_403' title='bbox 1516 885 1566 925; x_wconf 93' lang='lat' dir='ltr'><strong>qui</strong></span> <span class='ocrx_word' id='word_1_404' title='bbox 1578 885 1607 916; x_wconf 93' lang='lat' dir='ltr'><strong>in</strong></span> <span class='ocrx_word' id='word_1_405' title='bbox 1620 894 1777 925; x_wconf 81' lang='lat' dir='ltr'><strong>congrega-</strong></span> 
     </span>
    </p>
   </div>
   <div class='ocr_carea' id='block_1_64' title="bbox 955 930 1778 970">
    <p class='ocr_par' dir='ltr' id='par_1_64' title="bbox 955 930 1778 970">
     <span class='ocr_line' id='line_1_64' title="bbox 955 930 1778 970; baseline 0.001 -11"><span class='ocrx_word' id='word_1_406' title='bbox 955 930 1065 960; x_wconf 89' lang='lat' dir='ltr'><strong>tionem</strong></span> <span class='ocrx_word' id='word_1_407' title='bbox 1083 935 1297 968; x_wconf 84' lang='lat' dir='ltr'><strong>convenerunt,</strong></span> <span class='ocrx_word' id='word_1_408' title='bbox 1314 930 1411 960; x_wconf 82' lang='lat' dir='ltr'><strong>statim</strong></span> <span class='ocrx_word' id='word_1_409' title='bbox 1429 934 1493 970; x_wconf 90' lang='lat' dir='ltr'><strong>post</strong></span> <span class='ocrx_word' id='word_1_410' title='bbox 1505 934 1605 960; x_wconf 86' lang='lat' dir='ltr'><strong>sancta</strong></span> <span class='ocrx_word' id='word_1_411' title='bbox 1621 930 1778 969; x_wconf 80' lang='lat' dir='ltr'><strong>Evangelia</strong></span> 
     </span>
    </p>
   </div>
   <div class='ocr_carea' id='block_1_65' title="bbox 955 974 1777 1014">
    <p class='ocr_par' dir='ltr' id='par_1_65' title="bbox 955 974 1777 1014">
     <span class='ocr_line' id='line_1_65' title="bbox 955 974 1777 1014; baseline 0.002 -11"><span class='ocrx_word' id='word_1_412' title='bbox 955 978 1060 1013; x_wconf 85' lang='lat' dir='ltr'><strong>sponte</strong></span> <span class='ocrx_word' id='word_1_413' title='bbox 1085 975 1250 1012; x_wconf 80' lang='lat' dir='ltr'><strong>discedant,</strong></span> <span class='ocrx_word' id='word_1_414' title='bbox 1282 984 1340 1005; x_wconf 90' lang='lat' dir='ltr'><strong>non</strong></span> <span class='ocrx_word' id='word_1_415' title='bbox 1365 974 1563 1014; x_wconf 80' lang='lat' dir='ltr'><strong>culpabunlur</strong></span> <span class='ocrx_word' id='word_1_416' title='bbox 1580 983 1586 1004; x_wconf 88' lang='lat'>:</span> <span class='ocrx_word' id='word_1_417' title='bbox 1605 976 1657 1006; x_wconf 86' lang='lat' dir='ltr'><strong>sed</strong></span> <span class='ocrx_word' id='word_1_418' title='bbox 1672 974 1696 1005; x_wconf 97' lang='lat' dir='ltr'><strong>si</strong></span> <span class='ocrx_word' id='word_1_419' title='bbox 1714 979 1777 1014; x_wconf 79' lang='lat' dir='ltr'><strong>post</strong></span> 
     </span>
    </p>
   </div>
   <div class='ocr_carea' id='block_1_66' title="bbox 956 1018 1774 1059">
    <p class='ocr_par' dir='ltr' id='par_1_66' title="bbox 956 1018 1774 1059">
     <span class='ocr_line' id='line_1_66' title="bbox 956 1018 1774 1059; baseline 0.001 -10"><span class='ocrx_word' id='word_1_420' title='bbox 956 1018 1117 1049; x_wconf 79' lang='lat' dir='ltr'><strong>incruentae</strong></span> <span class='ocrx_word' id='word_1_421' title='bbox 1129 1019 1320 1059; x_wconf 71' lang='lat' dir='ltr'><strong>mysticaeque</strong></span> <span class='ocrx_word' id='word_1_422' title='bbox 1332 1019 1457 1050; x_wconf 67' lang='lat' dir='ltr'><strong>victima:</strong></span> <span class='ocrx_word' id='word_1_423' title='bbox 1467 1019 1774 1059; x_wconf 80' lang='lat' dir='ltr'><strong>principium,utinor~</strong></span> 
     </span>
    </p>
   </div>
   <div class='ocr_carea' id='block_1_67' title="bbox 953 1062 1727 1103">
    <p class='ocr_par' dir='ltr' id='par_1_67' title="bbox 953 1062 1727 1103">
     <span class='ocr_line' id='line_1_67' title="bbox 953 1062 1727 1103; baseline 0 -9"><span class='ocrx_word' id='word_1_424' title='bbox 953 1062 1046 1094; x_wconf 84' lang='lat' dir='ltr'><strong>dinati</strong></span> <span class='ocrx_word' id='word_1_425' title='bbox 1063 1067 1092 1094; x_wconf 90' lang='lat' dir='ltr'><strong>et</strong></span> <span class='ocrx_word' id='word_1_426' title='bbox 1107 1063 1270 1094; x_wconf 78' lang='lat' dir='ltr'><strong>oﬁ‘ensores</strong></span> <span class='ocrx_word' id='word_1_427' title='bbox 1282 1064 1366 1103; x_wconf 79' lang='lat' dir='ltr'><strong>juxte</strong></span> <span class='ocrx_word' id='word_1_428' title='bbox 1381 1063 1727 1094; x_wconf 85' lang='lat' dir='ltr'><strong>excommunicabuntur.</strong></span> 
     </span>
    </p>
   </div>
   <div class='ocr_carea' id='block_1_68' title="bbox 992 1196 1774 1237">
    <p class='ocr_par' dir='ltr' id='par_1_68' title="bbox 992 1196 1774 1237">
     <span class='ocr_line' id='line_1_68' title="bbox 992 1196 1774 1237; baseline 0 -11"><span class='ocrx_word' id='word_1_429' title='bbox 992 1196 1079 1227; x_wconf 80' lang='lat' dir='ltr'><strong>Inter</strong></span> <span class='ocrx_word' id='word_1_430' title='bbox 1107 1197 1156 1228; x_wconf 83' lang='lat'><strong>17.</strong></span> <span class='ocrx_word' id='word_1_431' title='bbox 1173 1196 1228 1233; x_wconf 88' lang='lat' dir='ltr'><strong>Qui</strong></span> <span class='ocrx_word' id='word_1_432' title='bbox 1243 1207 1309 1228; x_wconf 89' lang='lat' dir='ltr'><strong>cum</strong></span> <span class='ocrx_word' id='word_1_433' title='bbox 1322 1196 1459 1237; x_wconf 82' lang='lat' dir='ltr'><strong>pontiﬁce</strong></span> <span class='ocrx_word' id='word_1_434' title='bbox 1471 1196 1515 1228; x_wconf 88' lang='lat' dir='ltr'><strong>vel</strong></span> <span class='ocrx_word' id='word_1_435' title='bbox 1527 1196 1679 1228; x_wconf 88' lang='lat' dir='ltr'><strong>sacerdote</strong></span> <span class='ocrx_word' id='word_1_436' title='bbox 1690 1205 1774 1227; x_wconf 90' lang='lat' dir='ltr'><strong>com-</strong></span> 
     </span>
    </p>
   </div>
   <div class='ocr_carea' id='block_1_69' title="bbox 954 1240 1774 1282">
    <p class='ocr_par' dir='ltr' id='par_1_69' title="bbox 954 1240 1774 1282">
     <span class='ocr_line' id='line_1_69' title="bbox 954 1240 1774 1282; baseline 0.001 -12"><span class='ocrx_word' id='word_1_437' title='bbox 954 1240 1123 1273; x_wconf 90' lang='lat' dir='ltr'><strong>ministrant</strong></span> <span class='ocrx_word' id='word_1_438' title='bbox 1149 1243 1278 1282; x_wconf 85' lang='lat' dir='ltr'><strong>diaconi,</strong></span> <span class='ocrx_word' id='word_1_439' title='bbox 1309 1242 1420 1273; x_wconf 78' lang='lat' dir='ltr'><strong>debent</strong></span> <span class='ocrx_word' id='word_1_440' title='bbox 1455 1241 1528 1273; x_wconf 89' lang='lat' dir='ltr'><strong>citra</strong></span> <span class='ocrx_word' id='word_1_441' title='bbox 1556 1242 1774 1272; x_wconf 68' lang='lat' dir='ltr'><strong>excusationem</strong></span> 
     </span>
    </p>
   </div>
   <div class='ocr_carea' id='block_1_70' title="bbox 953 1287 1511 1325">
    <p class='ocr_par' dir='ltr' id='par_1_70' title="bbox 953 1287 1511 1325">
     <span class='ocr_line' id='line_1_70' title="bbox 953 1287 1511 1325; baseline 0.002 -9"><span class='ocrx_word' id='word_1_442' title='bbox 953 1287 1192 1318; x_wconf 88' lang='lat' dir='ltr'><strong>communionem</strong></span> <span class='ocrx_word' id='word_1_443' title='bbox 1208 1297 1374 1325; x_wconf 75' lang='lat' dir='ltr'><strong>assumere,</strong></span> <span class='ocrx_word' id='word_1_444' title='bbox 1387 1287 1511 1318; x_wconf 78' lang='lat' dir='ltr'><strong>annon?</strong></span> 
     </span>
    </p>
   </div>
   <div class='ocr_carea' id='block_1_71' title="bbox 993 1330 1773 1372">
    <p class='ocr_par' dir='ltr' id='par_1_71' title="bbox 993 1330 1773 1372">
     <span class='ocr_line' id='line_1_71' title="bbox 993 1330 1773 1372; baseline 0 -12"><span class='ocrx_word' id='word_1_445' title='bbox 993 1331 1058 1363; x_wconf 84' lang='lat' dir='ltr'><strong>Res.</strong></span> <span class='ocrx_word' id='word_1_446' title='bbox 1075 1333 1175 1363; x_wconf 85' lang='lat' dir='ltr'><strong>Canon</strong></span> <span class='ocrx_word' id='word_1_447' title='bbox 1191 1333 1208 1363; x_wconf 95' lang='lat'><strong>8</strong></span> <span class='ocrx_word' id='word_1_448' title='bbox 1231 1335 1401 1362; x_wconf 83' lang='lat' dir='ltr'><strong>sanctorum</strong></span> <span class='ocrx_word' id='word_1_449' title='bbox 1431 1331 1632 1372; x_wconf 59' lang='lat' dir='ltr'><strong>apostolorum</strong></span> <span class='ocrx_word' id='word_1_450' title='bbox 1648 1330 1691 1362; x_wconf 88' lang='lat' dir='ltr'><strong>sic</strong></span> <span class='ocrx_word' id='word_1_451' title='bbox 1705 1330 1747 1360; x_wconf 80' lang='lat' dir='ltr'><strong>ait</strong></span> <span class='ocrx_word' id='word_1_452' title='bbox 1765 1340 1773 1360; x_wconf 91' lang='lat'><strong>:</strong></span> 
     </span>
    </p>
   </div>
   <div class='ocr_carea' id='block_1_72' title="bbox 953 1373 1774 1417">
    <p class='ocr_par' dir='ltr' id='par_1_72' title="bbox 953 1373 1774 1417">
     <span class='ocr_line' id='line_1_72' title="bbox 953 1373 1774 1417; baseline 0 -13"><span class='ocrx_word' id='word_1_453' title='bbox 953 1373 1064 1415; x_wconf 89' lang='lat' dir='ltr'><strong>Siquis</strong></span> <span class='ocrx_word' id='word_1_454' title='bbox 1091 1377 1258 1417; x_wconf 88' lang='lat' dir='ltr'><strong>episcopus,</strong></span> <span class='ocrx_word' id='word_1_455' title='bbox 1289 1378 1453 1417; x_wconf 80' lang='lat' dir='ltr'><strong>presbyter,</strong></span> <span class='ocrx_word' id='word_1_456' title='bbox 1488 1376 1531 1407; x_wconf 87' lang='lat' dir='ltr'><strong>vel</strong></span> <span class='ocrx_word' id='word_1_457' title='bbox 1558 1376 1713 1413; x_wconf 85' lang='lat' dir='ltr'><strong>diaconus,</strong></span> <span class='ocrx_word' id='word_1_458' title='bbox 1729 1374 1774 1405; x_wconf 88' lang='lat' dir='ltr'><strong>vel</strong></span> 
     </span>
    </p>
   </div>
   <div class='ocr_carea' id='block_1_73' title="bbox 952 1416 1808 1462">
    <p class='ocr_par' dir='ltr' id='par_1_73' title="bbox 952 1416 1808 1462">
     <span class='ocr_line' id='line_1_73' title="bbox 952 1416 1808 1462; baseline 0.002 -14"><span class='ocrx_word' id='word_1_459' title='bbox 952 1428 986 1449; x_wconf 84' lang='lat' dir='ltr'><strong>ex</strong></span> <span class='ocrx_word' id='word_1_460' title='bbox 998 1416 1176 1452; x_wconf 82' lang='lat' dir='ltr'><strong>sacerdotali</strong></span> <span class='ocrx_word' id='word_1_461' title='bbox 1190 1416 1332 1462; x_wconf 54' lang='lat' dir='ltr'><strong>catalogo,</strong></span> <span class='ocrx_word' id='word_1_462' title='bbox 1361 1416 1435 1452; x_wconf 86' lang='lat' dir='ltr'><strong>facta</strong></span> <span class='ocrx_word' id='word_1_463' title='bbox 1451 1420 1601 1452; x_wconf 84' lang='lat' dir='ltr'><strong>oblatione</strong></span> <span class='ocrx_word' id='word_1_464' title='bbox 1617 1430 1675 1451; x_wconf 89' lang='lat' dir='ltr'><strong>non</strong></span> <span class='ocrx_word' id='word_1_465' title='bbox 1690 1429 1773 1451; x_wconf 86' lang='lat' dir='ltr'><strong>com-</strong></span> <span class='ocrx_word' id='word_1_466' title='bbox 1804 1416 1808 1426; x_wconf 58' lang='grc'>⁸</span> 
     </span>
    </p>
   </div>
   <div class='ocr_carea' id='block_1_74' title="bbox 952 1465 1773 1506">
    <p class='ocr_par' dir='ltr' id='par_1_74' title="bbox 952 1465 1773 1506">
     <span class='ocr_line' id='line_1_74' title="bbox 952 1465 1773 1506; baseline 0.002 -13"><span class='ocrx_word' id='word_1_467' title='bbox 952 1465 1156 1504; x_wconf 81' lang='lat' dir='ltr'><strong>tnunicaverit,</strong></span> <span class='ocrx_word' id='word_1_468' title='bbox 1167 1476 1285 1498; x_wconf 86' lang='lat' dir='ltr'><strong>causam</strong></span> <span class='ocrx_word' id='word_1_469' title='bbox 1304 1467 1382 1498; x_wconf 89' lang='lat' dir='ltr'><strong>dicat</strong></span> <span class='ocrx_word' id='word_1_470' title='bbox 1398 1477 1405 1497; x_wconf 87' lang='lat'>:</span> <span class='ocrx_word' id='word_1_471' title='bbox 1425 1466 1488 1497; x_wconf 86' lang='lat' dir='ltr'><strong>etsi</strong></span> <span class='ocrx_word' id='word_1_472' title='bbox 1500 1465 1661 1506; x_wconf 85' lang='lat' dir='ltr'><strong>probabilis</strong></span> <span class='ocrx_word' id='word_1_473' title='bbox 1674 1465 1773 1504; x_wconf 86' lang='lat' dir='ltr'><strong>fuerit,</strong></span> 
     </span>
    </p>
   </div>
   <div class='ocr_carea' id='block_1_75' title="bbox 950 1510 1771 1551">
    <p class='ocr_par' dir='ltr' id='par_1_75' title="bbox 950 1510 1771 1551">
     <span class='ocr_line' id='line_1_75' title="bbox 950 1510 1771 1551; baseline 0.002 -12"><span class='ocrx_word' id='word_1_474' title='bbox 950 1510 1064 1541; x_wconf 90' lang='lat' dir='ltr'><strong>veniam</strong></span> <span class='ocrx_word' id='word_1_475' title='bbox 1081 1515 1299 1548; x_wconf 84' lang='lat' dir='ltr'><strong>consequetur:</strong></span> <span class='ocrx_word' id='word_1_476' title='bbox 1317 1511 1364 1542; x_wconf 86' lang='lat' dir='ltr'><strong>sin</strong></span> <span class='ocrx_word' id='word_1_477' title='bbox 1380 1521 1447 1542; x_wconf 83' lang='lat' dir='ltr'><strong>vero</strong></span> <span class='ocrx_word' id='word_1_478' title='bbox 1461 1511 1570 1548; x_wconf 91' lang='lat' dir='ltr'><strong>minus,</strong></span> <span class='ocrx_word' id='word_1_479' title='bbox 1584 1515 1771 1551; x_wconf 72' lang='lat' dir='ltr'><strong>segregetur,</strong></span> 
     </span>
    </p>
   </div>
   <div class='ocr_carea' id='block_1_76' title="bbox 949 1556 1774 1596">
    <p class='ocr_par' dir='ltr' id='par_1_76' title="bbox 949 1556 1774 1596">
     <span class='ocr_line' id='line_1_76' title="bbox 949 1556 1774 1596; baseline 0.002 -12"><span class='ocrx_word' id='word_1_480' title='bbox 949 1559 980 1584; x_wconf 93' lang='lat' dir='ltr'><strong>ut</strong></span> <span class='ocrx_word' id='word_1_481' title='bbox 996 1557 1045 1595; x_wconf 93' lang='lat' dir='ltr'><strong>qui</strong></span> <span class='ocrx_word' id='word_1_482' title='bbox 1062 1556 1169 1596; x_wconf 89' lang='lat' dir='ltr'><strong>populo</strong></span> <span class='ocrx_word' id='word_1_483' title='bbox 1182 1556 1355 1587; x_wconf 73' lang='lat' dir='ltr'><strong>offensionis</strong></span> <span class='ocrx_word' id='word_1_484' title='bbox 1369 1565 1456 1587; x_wconf 85' lang='lat' dir='ltr'><strong>causa</strong></span> <span class='ocrx_word' id='word_1_485' title='bbox 1471 1556 1519 1593; x_wconf 90' lang='lat' dir='ltr'><strong>sit,</strong></span> <span class='ocrx_word' id='word_1_486' title='bbox 1532 1560 1562 1587; x_wconf 89' lang='lat' dir='ltr'><strong>et</strong></span> <span class='ocrx_word' id='word_1_487' title='bbox 1573 1556 1774 1596; x_wconf 85' lang='lat' dir='ltr'><strong>suspicionem</strong></span> 
     </span>
    </p>
   </div>
   <div class='ocr_carea' id='block_1_77' title="bbox 949 1599 1774 1640">
    <p class='ocr_par' dir='ltr' id='par_1_77' title="bbox 949 1599 1774 1640">
     <span class='ocr_line' id='line_1_77' title="bbox 949 1599 1774 1640; baseline 0.002 -11"><span class='ocrx_word' id='word_1_488' title='bbox 949 1599 1065 1630; x_wconf 90' lang='lat' dir='ltr'><strong>dederit</strong></span> <span class='ocrx_word' id='word_1_489' title='bbox 1080 1601 1223 1631; x_wconf 83' lang='lat' dir='ltr'><strong>adversus</strong></span> <span class='ocrx_word' id='word_1_490' title='bbox 1238 1610 1317 1639; x_wconf 88' lang='lat' dir='ltr'><strong>eum,</strong></span> <span class='ocrx_word' id='word_1_491' title='bbox 1330 1600 1504 1640; x_wconf 83' lang='lat' dir='ltr'><strong>quiobtulit,</strong></span> <span class='ocrx_word' id='word_1_492' title='bbox 1519 1600 1605 1640; x_wconf 80' lang='lat' dir='ltr'><strong>quasi</strong></span> <span class='ocrx_word' id='word_1_493' title='bbox 1615 1609 1671 1631; x_wconf 91' lang='lat' dir='ltr'><strong>non</strong></span> <span class='ocrx_word' id='word_1_494' title='bbox 1686 1600 1774 1640; x_wconf 77' lang='lat' dir='ltr'><strong>digne</strong></span> 
     </span>
    </p>
   </div>
   <div class='ocr_carea' id='block_1_78' title="bbox 950 1644 1773 1684">
    <p class='ocr_par' dir='ltr' id='par_1_78' title="bbox 950 1644 1773 1684">
     <span class='ocr_line' id='line_1_78' title="bbox 950 1644 1773 1684; baseline 0.001 -10"><span class='ocrx_word' id='word_1_495' title='bbox 950 1644 1328 1676; x_wconf 84' lang='lat' dir='ltr'><strong>obtulerit.0bservandum</strong></span> <span class='ocrx_word' id='word_1_496' title='bbox 1342 1645 1478 1684; x_wconf 83' lang='lat' dir='ltr'><strong>igitur,ut</strong></span> <span class='ocrx_word' id='word_1_497' title='bbox 1489 1645 1773 1683; x_wconf 87' lang='lat' dir='ltr'><strong>subdiaconi,etdia—</strong></span> 
     </span>
    </p>
   </div>
   <div class='ocr_carea' id='block_1_79' title="bbox 951 1689 1762 1729">
    <p class='ocr_par' dir='ltr' id='par_1_79' title="bbox 951 1689 1762 1729">
     <span class='ocr_line' id='line_1_79' title="bbox 951 1689 1762 1729; baseline 0.004 -11"><span class='ocrx_word' id='word_1_498' title='bbox 951 1698 1016 1718; x_wconf 87' lang='lat' dir='ltr'><strong>com</strong></span> <span class='ocrx_word' id='word_1_499' title='bbox 1025 1693 1054 1719; x_wconf 93' lang='lat' dir='ltr'><strong>et</strong></span> <span class='ocrx_word' id='word_1_500' title='bbox 1063 1689 1762 1729; x_wconf 78' lang='lat' dir='ltr'><strong>potiussacracontrectanles,divinassanctiﬁca</strong></span> 
     </span>
    </p>
   </div>
   <div class='ocr_carea' id='block_1_80' title="bbox 952 1733 1771 1774">
    <p class='ocr_par' dir='ltr' id='par_1_80' title="bbox 952 1733 1771 1774">
     <span class='ocr_line' id='line_1_80' title="bbox 952 1733 1771 1774; baseline 0.001 -11"><span class='ocrx_word' id='word_1_501' title='bbox 952 1733 1047 1764; x_wconf 85' lang='lat' dir='ltr'><strong>tiunes</strong></span> <span class='ocrx_word' id='word_1_502' title='bbox 1057 1739 1220 1770; x_wconf 83' lang='lat' dir='ltr'><strong>assumant,</strong></span> <span class='ocrx_word' id='word_1_503' title='bbox 1234 1733 1278 1764; x_wconf 89' lang='lat' dir='ltr'><strong>vel</strong></span> <span class='ocrx_word' id='word_1_504' title='bbox 1289 1738 1368 1764; x_wconf 85' lang='lat' dir='ltr'><strong>certe</strong></span> <span class='ocrx_word' id='word_1_505' title='bbox 1379 1743 1495 1764; x_wconf 85' lang='lat' dir='ltr'><strong>causam</strong></span> <span class='ocrx_word' id='word_1_506' title='bbox 1506 1733 1616 1773; x_wconf 89' lang='lat' dir='ltr'><strong>dicant,</strong></span> <span class='ocrx_word' id='word_1_507' title='bbox 1631 1734 1668 1764; x_wconf 90' lang='lat' dir='ltr'><strong>ob</strong></span> <span class='ocrx_word' id='word_1_508' title='bbox 1685 1744 1771 1774; x_wconf 90' lang='lat' dir='ltr'><strong>quam</strong></span> 
     </span>
    </p>
   </div>
   <div class='ocr_carea' id='block_1_81' title="bbox 951 1777 1774 1818">
    <p class='ocr_par' dir='ltr' id='par_1_81' title="bbox 951 1777 1774 1818">
     <span class='ocr_line' id='line_1_81' title="bbox 951 1777 1774 1818; baseline 0 -10"><span class='ocrx_word' id='word_1_509' title='bbox 951 1786 985 1808; x_wconf 87' lang='lat' dir='ltr'><strong>eo</strong></span> <span class='ocrx_word' id='word_1_510' title='bbox 1002 1777 1078 1808; x_wconf 88' lang='lat' dir='ltr'><strong>bono</strong></span> <span class='ocrx_word' id='word_1_511' title='bbox 1093 1778 1309 1810; x_wconf 87' lang='lat' dir='ltr'><strong>abstinuerunt.</strong></span> <span class='ocrx_word' id='word_1_512' title='bbox 1324 1779 1352 1809; x_wconf 87' lang='grc' dir='ltr'><strong>[ι]</strong></span> <span class='ocrx_word' id='word_1_513' title='bbox 1366 1778 1444 1809; x_wconf 90' lang='lat' dir='ltr'><strong>cnim</strong></span> <span class='ocrx_word' id='word_1_514' title='bbox 1454 1778 1478 1808; x_wconf 88' lang='lat' dir='ltr'><strong>si</strong></span> <span class='ocrx_word' id='word_1_515' title='bbox 1489 1787 1547 1808; x_wconf 91' lang='lat' dir='ltr'><strong>non</strong></span> <span class='ocrx_word' id='word_1_516' title='bbox 1561 1778 1679 1814; x_wconf 78' lang='lat' dir='ltr'><strong>faciant,</strong></span> <span class='ocrx_word' id='word_1_517' title='bbox 1691 1779 1774 1818; x_wconf 79' lang='lat' dir='ltr'><strong>juxta</strong></span> 
     </span>
    </p>
   </div>
   <div class='ocr_carea' id='block_1_82' title="bbox 952 1822 1731 1862">
    <p class='ocr_par' dir='ltr' id='par_1_82' title="bbox 952 1822 1731 1862">
     <span class='ocr_line' id='line_1_82' title="bbox 952 1822 1731 1862; baseline -0.001 -9"><span class='ocrx_word' id='word_1_518' title='bbox 952 1823 1085 1862; x_wconf 79' lang='lat' dir='ltr'><strong>praedicti</strong></span> <span class='ocrx_word' id='word_1_519' title='bbox 1100 1823 1221 1855; x_wconf 82' lang='lat' dir='ltr'><strong>canonis</strong></span> <span class='ocrx_word' id='word_1_520' title='bbox 1236 1827 1369 1854; x_wconf 88' lang='lat' dir='ltr'><strong>tenorem</strong></span> <span class='ocrx_word' id='word_1_521' title='bbox 1385 1822 1731 1854; x_wconf 84' lang='lat' dir='ltr'><strong>excommunicabuntur.</strong></span> 
     </span>
    </p>
   </div>
   <div class='ocr_carea' id='block_1_83' title="bbox 993 1957 1771 1998">
    <p class='ocr_par' dir='ltr' id='par_1_83' title="bbox 993 1957 1771 1998">
     <span class='ocr_line' id='line_1_83' title="bbox 993 1957 1771 1998; baseline -0.001 -10"><span class='ocrx_word' id='word_1_522' title='bbox 993 1957 1075 1989; x_wconf 79' lang='lat' dir='ltr'><strong>Inter</strong></span> <span class='ocrx_word' id='word_1_523' title='bbox 1099 1958 1136 1989; x_wconf 84' lang='grc'><strong>18</strong></span> <span class='ocrx_word' id='word_1_524' title='bbox 1161 1958 1205 1989; x_wconf 85' lang='lat' dir='ltr'><strong>An</strong></span> <span class='ocrx_word' id='word_1_525' title='bbox 1215 1958 1279 1989; x_wconf 90' lang='lat' dir='ltr'><strong>sine</strong></span> <span class='ocrx_word' id='word_1_526' title='bbox 1291 1957 1420 1998; x_wconf 78' lang='lat' dir='ltr'><strong>periculo</strong></span> <span class='ocrx_word' id='word_1_527' title='bbox 1431 1957 1596 1987; x_wconf 80' lang='lat' dir='ltr'><strong>divinarum</strong></span> <span class='ocrx_word' id='word_1_528' title='bbox 1610 1957 1771 1988; x_wconf 89' lang='lat' dir='ltr'><strong>sanctiﬁca-</strong></span> 
     </span>
    </p>
   </div>
   <div class='ocr_carea' id='block_1_84' title="bbox 952 2001 1773 2042">
    <p class='ocr_par' dir='ltr' id='par_1_84' title="bbox 952 2001 1773 2042">
     <span class='ocr_line' id='line_1_84' title="bbox 952 2001 1773 2042; baseline -0.001 -10"><span class='ocrx_word' id='word_1_529' title='bbox 952 2002 1063 2032; x_wconf 90' lang='lat' dir='ltr'><strong>tionum</strong></span> <span class='ocrx_word' id='word_1_530' title='bbox 1081 2003 1250 2034; x_wconf 86' lang='lat' dir='ltr'><strong>distributio</strong></span> <span class='ocrx_word' id='word_1_531' title='bbox 1266 2008 1294 2033; x_wconf 92' lang='lat' dir='ltr'><strong>et</strong></span> <span class='ocrx_word' id='word_1_532' title='bbox 1322 2002 1485 2042; x_wconf 87' lang='lat' dir='ltr'><strong>assumptio</strong></span> <span class='ocrx_word' id='word_1_533' title='bbox 1501 2003 1571 2033; x_wconf 90' lang='lat' dir='ltr'><strong>ﬁant</strong></span> <span class='ocrx_word' id='word_1_534' title='bbox 1586 2012 1652 2032; x_wconf 88' lang='lat' dir='ltr'><strong>cum</strong></span> <span class='ocrx_word' id='word_1_535' title='bbox 1667 2001 1773 2041; x_wconf 82' lang='lat' dir='ltr'><strong>frigido</strong></span> 
     </span>
    </p>
   </div>
   <div class='ocr_carea' id='block_1_85' title="bbox 950 2047 1775 2086">
    <p class='ocr_par' dir='ltr' id='par_1_85' title="bbox 950 2047 1775 2086">
     <span class='ocr_line' id='line_1_85' title="bbox 950 2047 1775 2086; baseline -0.001 -10"><span class='ocrx_word' id='word_1_536' title='bbox 950 2047 1017 2077; x_wconf 80' lang='lat' dir='ltr'><strong>vino</strong></span> <span class='ocrx_word' id='word_1_537' title='bbox 1033 2052 1062 2078; x_wconf 87' lang='lat' dir='ltr'><strong>et</strong></span> <span class='ocrx_word' id='word_1_538' title='bbox 1076 2056 1171 2085; x_wconf 77' lang='lat' dir='ltr'><strong>aqua:</strong></span> <span class='ocrx_word' id='word_1_539' title='bbox 1190 2057 1225 2078; x_wconf 80' lang='lat' dir='ltr'><strong>an</strong></span> <span class='ocrx_word' id='word_1_540' title='bbox 1257 2048 1321 2078; x_wconf 86' lang='lat' dir='ltr'><strong>sine</strong></span> <span class='ocrx_word' id='word_1_541' title='bbox 1351 2047 1540 2078; x_wconf 78' lang='lat' dir='ltr'><strong>excusatione</strong></span> <span class='ocrx_word' id='word_1_542' title='bbox 1568 2055 1642 2086; x_wconf 87' lang='lat' dir='ltr'><strong>aqua</strong></span> <span class='ocrx_word' id='word_1_543' title='bbox 1658 2047 1672 2076; x_wconf 86' lang='lat' dir='ltr'><strong>f</strong></span> <span class='ocrx_word' id='word_1_544' title='bbox 1688 2055 1775 2075; x_wconf 89' lang='lat' dir='ltr'><strong>rvens</strong></span> 
     </span>
    </p>
   </div>
   <div class='ocr_carea' id='block_1_86' title="bbox 951 2090 1733 2132">
    <p class='ocr_par' dir='ltr' id='par_1_86' title="bbox 951 2090 1733 2132">
     <span class='ocr_line' id='line_1_86' title="bbox 951 2090 1733 2132; baseline -0.003 -10"><span class='ocrx_word' id='word_1_545' title='bbox 951 2091 1186 2132; x_wconf 84' lang='lat' dir='ltr'><strong>participatiouis</strong></span> <span class='ocrx_word' id='word_1_546' title='bbox 1201 2097 1334 2132; x_wconf 85' lang='lat' dir='ltr'><strong>tempore</strong></span> <span class='ocrx_word' id='word_1_547' title='bbox 1348 2092 1376 2122; x_wconf 95' lang='lat' dir='ltr'><strong>in</strong></span> <span class='ocrx_word' id='word_1_548' title='bbox 1393 2096 1494 2122; x_wconf 86' lang='lat' dir='ltr'><strong>sancta</strong></span> <span class='ocrx_word' id='word_1_549' title='bbox 1510 2091 1549 2121; x_wconf 81' lang='lat' dir='ltr'><strong>sit</strong></span> <span class='ocrx_word' id='word_1_550' title='bbox 1562 2090 1733 2121; x_wconf 82' lang='lat' dir='ltr'><strong>mittenda?</strong></span> 
     </span>
    </p>
   </div>
   <div class='ocr_carea' id='block_1_87' title="bbox 122 2168 910 2220">
    <p class='ocr_par' dir='ltr' id='par_1_87' title="bbox 122 2168 908 2217">
     <span class='ocr_line' id='line_1_87' title="bbox 122 2168 908 2217; baseline 0 -10"><span class='ocrx_word' id='word_1_551' title='bbox 122 2168 189 2207; x_wconf 71' lang='lat' dir='ltr'><strong>’A&#39;it.</strong></span> <span class='ocrx_word' id='word_1_552' title='bbox 216 2181 267 2206; x_wconf 83' lang='grc' dir='ltr'>τοῦ</span> <span class='ocrx_word' id='word_1_553' title='bbox 290 2168 337 2215; x_wconf 55' lang='grc' dir='ltr'><strong>’λβ’</strong></span> <span class='ocrx_word' id='word_1_554' title='bbox 368 2177 477 2208; x_wconf 80' lang='grc' dir='ltr'>κανόνος</span> <span class='ocrx_word' id='word_1_555' title='bbox 506 2179 554 2210; x_wconf 75' lang='grc' dir='ltr'>τῆς</span> <span class='ocrx_word' id='word_1_556' title='bbox 585 2177 612 2205; x_wconf 81' lang='grc' dir='ltr'>ἐν</span> <span class='ocrx_word' id='word_1_557' title='bbox 641 2182 678 2215; x_wconf 83' lang='grc' dir='ltr'>τῷ</span> <span class='ocrx_word' id='word_1_558' title='bbox 713 2178 836 2217; x_wconf 81' lang='grc' dir='ltr'>Τρούλλῳ</span> <span class='ocrx_word' id='word_1_559' title='bbox 863 2182 908 2207; x_wconf 77' lang='grc' dir='ltr'><strong>τοῦ</strong></span> 
     </span>
    </p>
   </div>
   <div class='ocr_carea' id='block_1_88' title="bbox 972 2168 1773 2220">
    <p class='ocr_par' dir='ltr' id='par_1_88' title="bbox 990 2179 1773 2220">
     <span class='ocr_line' id='line_1_88' title="bbox 990 2179 1773 2220; baseline -0.005 -8"><span class='ocrx_word' id='word_1_560' title='bbox 990 2181 1056 2211; x_wconf 80' lang='lat' dir='ltr'><strong>Res.</strong></span> <span class='ocrx_word' id='word_1_561' title='bbox 1068 2181 1139 2210; x_wconf 76' lang='lat' dir='ltr'><strong>Cum</strong></span> <span class='ocrx_word' id='word_1_562' title='bbox 1147 2179 1185 2210; x_wconf 78' lang='lat'><strong>3‘2</strong></span> <span class='ocrx_word' id='word_1_563' title='bbox 1199 2190 1292 2211; x_wconf 81' lang='lat' dir='ltr'><strong>canon</strong></span> <span class='ocrx_word' id='word_1_564' title='bbox 1305 2185 1413 2211; x_wconf 63' lang='lat' dir='ltr'><strong>sanctas</strong></span> <span class='ocrx_word' id='word_1_565' title='bbox 1422 2185 1447 2210; x_wconf 90' lang='lat' dir='ltr'><strong>el</strong></span> <span class='ocrx_word' id='word_1_566' title='bbox 1458 2179 1649 2210; x_wconf 69' lang='lat' dir='ltr'><strong>meumenicae</strong></span> <span class='ocrx_word' id='word_1_567' title='bbox 1658 2179 1773 2220; x_wconf 78' lang='lat' dir='ltr'><strong>synodi,</strong></span> 
     </span>
    </p>
   </div>
   <div class='ocr_carea' id='block_1_89' title="bbox 82 2221 906 2263">
    <p class='ocr_par' dir='ltr' id='par_1_89' title="bbox 82 2221 906 2263">
     <span class='ocr_line' id='line_1_89' title="bbox 82 2221 906 2263; baseline 0.001 -12"><span class='ocrx_word' id='word_1_568' title='bbox 82 2223 202 2263; x_wconf 80' lang='grc' dir='ltr'>μεγάλου</span> <span class='ocrx_word' id='word_1_569' title='bbox 224 2221 351 2250; x_wconf 81' lang='grc' dir='ltr'>παλατίου</span> <span class='ocrx_word' id='word_1_570' title='bbox 380 2222 511 2255; x_wconf 77' lang='grc' dir='ltr'>συστάσης</span> <span class='ocrx_word' id='word_1_571' title='bbox 540 2222 615 2261; x_wconf 83' lang='grc' dir='ltr'>ἁγίας</span> <span class='ocrx_word' id='word_1_572' title='bbox 649 2223 693 2252; x_wconf 86' lang='grc' dir='ltr'><strong>καὶ</strong></span> <span class='ocrx_word' id='word_1_573' title='bbox 721 2225 906 2262; x_wconf 71' lang='grc' dir='ltr'>οἷκουμενικῆς</span> 
     </span>
    </p>
   </div>
   <div class='ocr_carea' id='block_1_90' title="bbox 82 2265 908 2306">
    <p class='ocr_par' dir='ltr' id='par_1_90' title="bbox 82 2265 908 2306">
     <span class='ocr_line' id='line_1_90' title="bbox 82 2265 908 2306; baseline 0.001 -11"><span class='ocrx_word' id='word_1_574' title='bbox 82 2267 192 2297; x_wconf 80' lang='grc' dir='ltr'>σννόδου</span> <span class='ocrx_word' id='word_1_575' title='bbox 233 2266 368 2306; x_wconf 70' lang='grc' dir='ltr'>καθαιρέσει</span> <span class='ocrx_word' id='word_1_576' title='bbox 403 2265 647 2299; x_wconf 74' lang='grc' dir='ltr'>καθυποϐἀλλοντος</span> <span class='ocrx_word' id='word_1_577' title='bbox 689 2269 749 2300; x_wconf 82' lang='grc' dir='ltr'>τοὺς</span> <span class='ocrx_word' id='word_1_578' title='bbox 785 2269 823 2306; x_wconf 84' lang='grc' dir='ltr'><strong>μὴ</strong></span> <span class='ocrx_word' id='word_1_579' title='bbox 865 2280 908 2296; x_wconf 86' lang='grc' dir='ltr'>τε-</span> 
     </span>
    </p>
   </div>
   <div class='ocr_carea' id='block_1_91' title="bbox 82 2311 908 2351">
    <p class='ocr_par' dir='ltr' id='par_1_91' title="bbox 82 2311 908 2351">
     <span class='ocr_line' id='line_1_91' title="bbox 82 2311 908 2351; baseline 0.001 -11"><span class='ocrx_word' id='word_1_580' title='bbox 82 2311 221 2344; x_wconf 75' lang='grc' dir='ltr'>λειοῦντας</span> <span class='ocrx_word' id='word_1_581' title='bbox 251 2312 282 2339; x_wconf 80' lang='grc' dir='ltr'>τὸ</span> <span class='ocrx_word' id='word_1_582' title='bbox 311 2313 382 2339; x_wconf 74' lang='grc' dir='ltr'>θεῖον</span> <span class='ocrx_word' id='word_1_583' title='bbox 414 2311 457 2339; x_wconf 81' lang='grc' dir='ltr'>καὶ</span> <span class='ocrx_word' id='word_1_584' title='bbox 478 2311 553 2350; x_wconf 77' lang='grc' dir='ltr'>ἅγιον</span> <span class='ocrx_word' id='word_1_585' title='bbox 575 2313 701 2351; x_wconf 73' lang='grc' dir='ltr'>ποτήριον</span> <span class='ocrx_word' id='word_1_586' title='bbox 723 2313 748 2345; x_wconf 76' lang='grc' dir='ltr'>ἐξ</span> <span class='ocrx_word' id='word_1_587' title='bbox 777 2312 851 2341; x_wconf 68' lang='grc' dir='ltr'>οἴνου</span> <span class='ocrx_word' id='word_1_588' title='bbox 865 2314 908 2341; x_wconf 82' lang='grc' dir='ltr'><strong>καὶ</strong></span> 
     </span>
    </p>
   </div>
   <div class='ocr_carea' id='block_1_92' title="bbox 81 2355 906 2395">
    <p class='ocr_par' dir='ltr' id='par_1_92' title="bbox 81 2355 906 2395">
     <span class='ocr_line' id='line_1_92' title="bbox 81 2355 906 2395; baseline 0 -10"><span class='ocrx_word' id='word_1_589' title='bbox 81 2356 188 2393; x_wconf 71' lang='grc' dir='ltr'>ὕδατος,</span> <span class='ocrx_word' id='word_1_590' title='bbox 206 2355 358 2395; x_wconf 77' lang='grc' dir='ltr'>αἱρεσιῶταί</span> <span class='ocrx_word' id='word_1_591' title='bbox 379 2366 449 2387; x_wconf 87' lang='grc' dir='ltr'>τινες</span> <span class='ocrx_word' id='word_1_592' title='bbox 478 2356 523 2383; x_wconf 65' lang='grc' dir='ltr'><strong>οὐκ</strong></span> <span class='ocrx_word' id='word_1_593' title='bbox 552 2355 694 2395; x_wconf 73' lang='grc' dir='ltr'>ἀνέχονται</span> <span class='ocrx_word' id='word_1_594' title='bbox 716 2356 821 2395; x_wconf 75' lang='grc' dir='ltr'>βάλλειν</span> <span class='ocrx_word' id='word_1_595' title='bbox 849 2357 906 2392; x_wconf 88' lang='grc' dir='ltr'>ζέον</span> 
     </span>
    </p>
   </div>
   <div class='ocr_carea' id='block_1_93' title="bbox 81 2397 909 2442">
    <p class='ocr_par' dir='ltr' id='par_1_93' title="bbox 81 2397 909 2442">
     <span class='ocr_line' id='line_1_93' title="bbox 81 2397 909 2442; baseline 0.001 -13"><span class='ocrx_word' id='word_1_596' title='bbox 81 2402 117 2433; x_wconf 73' lang='grc' dir='ltr'><strong>εἰς</strong></span> <span class='ocrx_word' id='word_1_597' title='bbox 141 2402 172 2429; x_wconf 79' lang='grc' dir='ltr'><strong>τὸ</strong></span> <span class='ocrx_word' id='word_1_598' title='bbox 186 2401 265 2440; x_wconf 73' lang='grc' dir='ltr'>ἅγιον</span> <span class='ocrx_word' id='word_1_599' title='bbox 281 2401 324 2428; x_wconf 78' lang='grc' dir='ltr'>καὶ</span> <span class='ocrx_word' id='word_1_600' title='bbox 340 2401 412 2428; x_wconf 75' lang='grc' dir='ltr'>θετον</span> <span class='ocrx_word' id='word_1_601' title='bbox 426 2400 554 2439; x_wconf 73' lang='grc' dir='ltr'>ποτήριον</span> <span class='ocrx_word' id='word_1_602' title='bbox 571 2409 578 2415; x_wconf 80' lang='grc'><strong>⁸</strong></span> <span class='ocrx_word' id='word_1_603' title='bbox 606 2397 673 2430; x_wconf 56' lang='grc' dir='ltr'>υΟτι</span> <span class='ocrx_word' id='word_1_604' title='bbox 698 2401 781 2442; x_wconf 65' lang='grc' dir='ltr'>(φασὶ)</span> <span class='ocrx_word' id='word_1_605' title='bbox 802 2402 836 2430; x_wconf 78' lang='grc' dir='ltr'><strong>τὰ</strong></span> <span class='ocrx_word' id='word_1_606' title='bbox 850 2402 909 2442; x_wconf 90' lang='grc' dir='ltr'>περὶ</span> 
     </span>
    </p>
   </div>
   <div class='ocr_carea' id='block_1_94' title="bbox 83 2445 909 2486">
    <p class='ocr_par' dir='ltr' id='par_1_94' title="bbox 83 2445 909 2486">
     <span class='ocr_line' id='line_1_94' title="bbox 83 2445 909 2486; baseline 0 -11"><span class='ocrx_word' id='word_1_607' title='bbox 83 2449 175 2477; x_wconf 70' lang='grc' dir='ltr'>τούτου</span> <span class='ocrx_word' id='word_1_608' title='bbox 191 2449 229 2484; x_wconf 77' lang='grc' dir='ltr'>τῷ</span> <span class='ocrx_word' id='word_1_609' title='bbox 257 2446 346 2475; x_wconf 82' lang='grc' dir='ltr'>κανόνι</span> <span class='ocrx_word' id='word_1_610' title='bbox 376 2448 405 2475; x_wconf 63' lang='grc' dir='ltr'>οὔ</span> <span class='ocrx_word' id='word_1_611' title='bbox 431 2445 620 2486; x_wconf 74' lang='grc' dir='ltr'>διελήφθησαν,</span> <span class='ocrx_word' id='word_1_612' title='bbox 648 2447 785 2476; x_wconf 81' lang='grc' dir='ltr'>’Λκούουσι</span> <span class='ocrx_word' id='word_1_613' title='bbox 807 2447 844 2480; x_wconf 71' lang='grc' dir='ltr'>δὲ,</span> <span class='ocrx_word' id='word_1_614' title='bbox 869 2447 909 2476; x_wconf 78' lang='grc' dir='ltr'>ὅτι</span> 
     </span>
    </p>
   </div>
   <div class='ocr_carea' id='block_1_95' title="bbox 83 2490 909 2531">
    <p class='ocr_par' dir='ltr' id='par_1_95' title="bbox 83 2490 909 2531">
     <span class='ocr_line' id='line_1_95' title="bbox 83 2490 909 2531; baseline 0 -11"><span class='ocrx_word' id='word_1_615' title='bbox 83 2493 114 2520; x_wconf 80' lang='grc' dir='ltr'>τὸ</span> <span class='ocrx_word' id='word_1_616' title='bbox 143 2491 201 2527; x_wconf 82' lang='grc' dir='ltr'>ζέον</span> <span class='ocrx_word' id='word_1_617' title='bbox 229 2493 268 2529; x_wconf 77' lang='grc' dir='ltr'>τῷ</span> <span class='ocrx_word' id='word_1_618' title='bbox 309 2491 376 2530; x_wconf 78' lang='grc' dir='ltr'>ἁγίῳ</span> <span class='ocrx_word' id='word_1_619' title='bbox 411 2490 509 2528; x_wconf 70' lang='grc' dir='ltr'>α’·’ματι</span> <span class='ocrx_word' id='word_1_620' title='bbox 550 2492 752 2531; x_wconf 75' lang='grc' dir='ltr'>προστιθέμενον</span> <span class='ocrx_word' id='word_1_621' title='bbox 785 2492 834 2526; x_wconf 78' lang='grc' dir='ltr'>τὴν</span> <span class='ocrx_word' id='word_1_622' title='bbox 876 2491 909 2520; x_wconf 79' lang='grc' dir='ltr'>δι’</span> 
     </span>
    </p>
   </div>
   <div class='ocr_carea' id='block_1_96' title="bbox 83 2534 911 2576">
    <p class='ocr_par' dir='ltr' id='par_1_96' title="bbox 83 2534 911 2576">
     <span class='ocr_line' id='line_1_96' title="bbox 83 2534 911 2576; baseline 0.001 -13"><span class='ocrx_word' id='word_1_623' title='bbox 83 2536 176 2569; x_wconf 73' lang='grc' dir='ltr'>ὕδατος</span> <span class='ocrx_word' id='word_1_624' title='bbox 205 2537 249 2564; x_wconf 85' lang='grc' dir='ltr'>καὶ</span> <span class='ocrx_word' id='word_1_625' title='bbox 289 2534 364 2564; x_wconf 75' lang='grc' dir='ltr'>οἴνου</span> <span class='ocrx_word' id='word_1_626' title='bbox 393 2534 489 2563; x_wconf 75' lang='grc' dir='ltr'>ἕνωσιν</span> <span class='ocrx_word' id='word_1_627' title='bbox 514 2539 561 2563; x_wconf 90' lang='grc' dir='ltr'><strong>τοῦ</strong></span> <span class='ocrx_word' id='word_1_628' title='bbox 595 2537 670 2575; x_wconf 73' lang='grc' dir='ltr'>ἁγίου</span> <span class='ocrx_word' id='word_1_629' title='bbox 698 2537 823 2576; x_wconf 86' lang='grc' dir='ltr'>ποτηρίου</span> <span class='ocrx_word' id='word_1_630' title='bbox 864 2539 911 2566; x_wconf 76' lang='grc' dir='ltr'>οὐκ</span> 
     </span>
    </p>
   </div>
   <div class='ocr_carea' id='block_1_97' title="bbox 85 2579 909 2620">
    <p class='ocr_par' dir='ltr' id='par_1_97' title="bbox 85 2579 909 2620">
     <span class='ocr_line' id='line_1_97' title="bbox 85 2579 909 2620; baseline 0.002 -12"><span class='ocrx_word' id='word_1_631' title='bbox 85 2580 189 2610; x_wconf 85' lang='grc' dir='ltr'>ὰλλοιοὶ</span> <span class='ocrx_word' id='word_1_632' title='bbox 211 2581 252 2608; x_wconf 82' lang='grc' dir='ltr'>ἐπὶ</span> <span class='ocrx_word' id='word_1_633' title='bbox 274 2579 342 2618; x_wconf 82' lang='grc' dir='ltr'>μηδὲ</span> <span class='ocrx_word' id='word_1_634' title='bbox 364 2580 410 2608; x_wconf 71' lang='grc' dir='ltr'><strong>οὒκ</strong></span> <span class='ocrx_word' id='word_1_635' title='bbox 434 2579 521 2619; x_wconf 72' lang='grc' dir='ltr'>ἕτερόν</span> <span class='ocrx_word' id='word_1_636' title='bbox 554 2591 578 2608; x_wconf 87' lang='grc' dir='ltr'><strong>τι</strong></span> <span class='ocrx_word' id='word_1_637' title='bbox 599 2581 670 2620; x_wconf 81' lang='grc' dir='ltr'>παρὰ</span> <span class='ocrx_word' id='word_1_638' title='bbox 691 2582 722 2609; x_wconf 80' lang='grc' dir='ltr'>τὸ</span> <span class='ocrx_word' id='word_1_639' title='bbox 750 2580 817 2620; x_wconf 75' lang='grc' dir='ltr'>ὕδωρ</span> <span class='ocrx_word' id='word_1_640' title='bbox 843 2581 909 2611; x_wconf 77' lang='grc' dir='ltr'>ἐστί.</span> 
     </span>
    </p>
   </div>
   <div class='ocr_carea' id='block_1_98' title="bbox 87 2623 911 2664">
    <p class='ocr_par' dir='ltr' id='par_1_98' title="bbox 87 2623 911 2664">
     <span class='ocr_line' id='line_1_98' title="bbox 87 2623 911 2664; baseline 0.001 -12"><span class='ocrx_word' id='word_1_641' title='bbox 87 2624 215 2654; x_wconf 75' lang='grc' dir='ltr'>Βάλλεται</span> <span class='ocrx_word' id='word_1_642' title='bbox 243 2624 270 2652; x_wconf 82' lang='grc' dir='ltr'><strong>δὲ</strong></span> <span class='ocrx_word' id='word_1_643' title='bbox 309 2625 345 2657; x_wconf 78' lang='grc' dir='ltr'>εἷς</span> <span class='ocrx_word' id='word_1_644' title='bbox 382 2623 560 2664; x_wconf 69' lang='grc' dir='ltr'>πληροφορίαν</span> <span class='ocrx_word' id='word_1_645' title='bbox 603 2628 648 2653; x_wconf 76' lang='grc' dir='ltr'><strong>τοῦ</strong></span> <span class='ocrx_word' id='word_1_646' title='bbox 682 2626 754 2654; x_wconf 84' lang='grc' dir='ltr'>εἶναι</span> <span class='ocrx_word' id='word_1_647' title='bbox 794 2627 911 2661; x_wconf 73' lang='grc' dir='ltr'>ζωοποιὲι</span> 
     </span>
    </p>
   </div>
   <div class='ocr_carea' id='block_1_99' title="bbox 85 2668 910 2709">
    <p class='ocr_par' dir='ltr' id='par_1_99' title="bbox 85 2668 910 2709">
     <span class='ocr_line' id='line_1_99' title="bbox 85 2668 910 2709; baseline 0.001 -12"><span class='ocrx_word' id='word_1_648' title='bbox 85 2670 117 2697; x_wconf 82' lang='grc' dir='ltr'><strong>τὰ</strong></span> <span class='ocrx_word' id='word_1_649' title='bbox 145 2670 270 2709; x_wconf 79' lang='grc' dir='ltr'>ῥεύσαντα</span> <span class='ocrx_word' id='word_1_650' title='bbox 288 2669 340 2697; x_wconf 82' lang='grc' dir='ltr'><strong>ἀπὸ</strong></span> <span class='ocrx_word' id='word_1_651' title='bbox 368 2669 416 2703; x_wconf 80' lang='grc' dir='ltr'><strong>τῆς</strong></span> <span class='ocrx_word' id='word_1_652' title='bbox 440 2668 515 2708; x_wconf 83' lang='grc' dir='ltr'>ἁγίας</span> <span class='ocrx_word' id='word_1_653' title='bbox 537 2668 651 2709; x_wconf 79' lang='grc' dir='ltr'>πλευρᾶς</span> <span class='ocrx_word' id='word_1_654' title='bbox 679 2674 724 2699; x_wconf 82' lang='grc' dir='ltr'><strong>τοῦ</strong></span> <span class='ocrx_word' id='word_1_655' title='bbox 749 2670 839 2709; x_wconf 84' lang='grc' dir='ltr'>Κυρίου</span> <span class='ocrx_word' id='word_1_656' title='bbox 866 2672 910 2699; x_wconf 87' lang='grc' dir='ltr'><strong>καὶ</strong></span> 
     </span>
    </p>
   </div>
   <div class='ocr_carea' id='block_1_100' title="bbox 85 2712 907 2755">
    <p class='ocr_par' dir='ltr' id='par_1_100' title="bbox 85 2712 907 2755">
     <span class='ocr_line' id='line_1_100' title="bbox 85 2712 907 2755; baseline 0.001 -13"><span class='ocrx_word' id='word_1_657' title='bbox 85 2717 149 2745; x_wconf 82' lang='grc' dir='ltr'>Θεοῦ</span> <span class='ocrx_word' id='word_1_658' title='bbox 170 2715 213 2743; x_wconf 82' lang='grc' dir='ltr'><strong>καὶ</strong></span> <span class='ocrx_word' id='word_1_659' title='bbox 243 2716 368 2754; x_wconf 77' lang='grc' dir='ltr'>Σωτῆρος</span> <span class='ocrx_word' id='word_1_660' title='bbox 394 2714 470 2751; x_wconf 75' lang='grc' dir='ltr'>ἡμῶν</span> <span class='ocrx_word' id='word_1_661' title='bbox 501 2712 590 2747; x_wconf 88' lang='grc' dir='ltr'><strong>Ἰησοῦ</strong></span> <span class='ocrx_word' id='word_1_662' title='bbox 618 2719 738 2755; x_wconf 74' lang='grc' dir='ltr'>Χριστοῦ,</span> <span class='ocrx_word' id='word_1_663' title='bbox 768 2715 836 2743; x_wconf 84' lang='grc' dir='ltr'>κατὰ</span> <span class='ocrx_word' id='word_1_664' title='bbox 863 2716 907 2743; x_wconf 76' lang='grc' dir='ltr'>τὸν</span> 
     </span>
    </p>
   </div>
   <div class='ocr_carea' id='block_1_101' title="bbox 84 2758 906 2799">
    <p class='ocr_par' dir='ltr' id='par_1_101' title="bbox 84 2758 906 2799">
     <span class='ocr_line' id='line_1_101' title="bbox 84 2758 906 2799; baseline 0.001 -12"><span class='ocrx_word' id='word_1_665' title='bbox 84 2760 172 2798; x_wconf 77' lang='grc' dir='ltr'>καιρὸν</span> <span class='ocrx_word' id='word_1_666' title='bbox 194 2763 242 2788; x_wconf 84' lang='grc' dir='ltr'><strong>τοῦ</strong></span> <span class='ocrx_word' id='word_1_667' title='bbox 254 2759 384 2798; x_wconf 86' lang='grc' dir='ltr'>σωτηρίου</span> <span class='ocrx_word' id='word_1_668' title='bbox 410 2758 507 2789; x_wconf 82' lang='grc' dir='ltr'>πάθους</span> <span class='ocrx_word' id='word_1_669' title='bbox 529 2760 619 2799; x_wconf 73' lang='grc' dir='ltr'>αὑτοῦ,</span> <span class='ocrx_word' id='word_1_670' title='bbox 649 2761 680 2788; x_wconf 85' lang='grc' dir='ltr'><strong>τὸ</strong></span> <span class='ocrx_word' id='word_1_671' title='bbox 698 2762 768 2797; x_wconf 82' lang='grc' dir='ltr'>αἷμα</span> <span class='ocrx_word' id='word_1_672' title='bbox 783 2758 906 2793; x_wconf 83' lang='grc' dir='ltr'>δηλονότι</span> 
     </span>
    </p>
   </div>
   <div class='ocr_carea' id='block_1_102' title="bbox 85 2801 904 2842">
    <p class='ocr_par' dir='ltr' id='par_1_102' title="bbox 85 2801 904 2842">
     <span class='ocr_line' id='line_1_102' title="bbox 85 2801 904 2842; baseline -0.006 -10"><span class='ocrx_word' id='word_1_673' title='bbox 85 2804 127 2832; x_wconf 75' lang='grc' dir='ltr'><strong>καὶ</strong></span> <span class='ocrx_word' id='word_1_674' title='bbox 140 2804 170 2832; x_wconf 81' lang='grc' dir='ltr'><strong>τὸ</strong></span> <span class='ocrx_word' id='word_1_675' title='bbox 180 2802 248 2842; x_wconf 68' lang='grc' dir='ltr'>ὕδωρ</span> <span class='ocrx_word' id='word_1_676' title='bbox 267 2811 274 2818; x_wconf 93' lang='grc'><strong>·</strong></span> <span class='ocrx_word' id='word_1_677' title='bbox 307 2803 383 2832; x_wconf 77' lang='grc' dir='ltr'>ἅτινα</span> <span class='ocrx_word' id='word_1_678' title='bbox 412 2801 561 2842; x_wconf 74' lang='grc' dir='ltr'>ἐξέῤῥευσαν</span> <span class='ocrx_word' id='word_1_679' title='bbox 588 2803 679 2840; x_wconf 82' lang='grc' dir='ltr'>ζέοντα</span> <span class='ocrx_word' id='word_1_680' title='bbox 707 2805 744 2837; x_wconf 83' lang='grc' dir='ltr'><strong>ὡς</strong></span> <span class='ocrx_word' id='word_1_681' title='bbox 774 2804 804 2833; x_wconf 78' lang='grc' dir='ltr'>ἐκ</span> <span class='ocrx_word' id='word_1_682' title='bbox 835 2807 904 2840; x_wconf 85' lang='grc' dir='ltr'>ζωο-</span> 
     </span>
    </p>
   </div>
   <div class='ocr_carea' id='block_1_103' title="bbox 949 2223 1774 2265">
    <p class='ocr_par' dir='ltr' id='par_1_103' title="bbox 949 2223 1774 2265">
     <span class='ocr_line' id='line_1_103' title="bbox 949 2223 1774 2265; baseline -0.002 -10"><span class='ocrx_word' id='word_1_683' title='bbox 949 2230 1058 2256; x_wconf 74' lang='lat' dir='ltr'><strong>coactae</strong></span> <span class='ocrx_word' id='word_1_684' title='bbox 1073 2225 1102 2255; x_wconf 83' lang='lat' dir='ltr'><strong>in</strong></span> <span class='ocrx_word' id='word_1_685' title='bbox 1121 2225 1222 2256; x_wconf 81' lang='lat' dir='ltr'><strong>Trullo</strong></span> <span class='ocrx_word' id='word_1_686' title='bbox 1249 2225 1345 2265; x_wconf 80' lang='lat' dir='ltr'><strong>magni</strong></span> <span class='ocrx_word' id='word_1_687' title='bbox 1361 2224 1470 2265; x_wconf 86' lang='lat' dir='ltr'><strong>palatii,</strong></span> <span class='ocrx_word' id='word_1_688' title='bbox 1488 2223 1774 2263; x_wconf 74' lang='lat' dir='ltr'><strong>depusilionisubji-</strong></span> 
     </span>
    </p>
   </div>
   <div class='ocr_carea' id='block_1_104' title="bbox 949 2268 1774 2310">
    <p class='ocr_par' dir='ltr' id='par_1_104' title="bbox 949 2268 1774 2310">
     <span class='ocr_line' id='line_1_104' title="bbox 949 2268 1774 2310; baseline -0.004 -10"><span class='ocrx_word' id='word_1_689' title='bbox 949 2269 1007 2300; x_wconf 88' lang='lat' dir='ltr'><strong>ciat</strong></span> <span class='ocrx_word' id='word_1_690' title='bbox 1024 2280 1086 2308; x_wconf 86' lang='lat' dir='ltr'><strong>eos,</strong></span> <span class='ocrx_word' id='word_1_691' title='bbox 1111 2270 1161 2310; x_wconf 91' lang='lat' dir='ltr'><strong>qui</strong></span> <span class='ocrx_word' id='word_1_692' title='bbox 1191 2270 1321 2300; x_wconf 80' lang='lat' dir='ltr'><strong>divinum</strong></span> <span class='ocrx_word' id='word_1_693' title='bbox 1349 2273 1378 2300; x_wconf 86' lang='lat' dir='ltr'><strong>et</strong></span> <span class='ocrx_word' id='word_1_694' title='bbox 1404 2274 1536 2299; x_wconf 83' lang='lat' dir='ltr'><strong>sanctum</strong></span> <span class='ocrx_word' id='word_1_695' title='bbox 1555 2268 1692 2309; x_wconf 83' lang='lat' dir='ltr'><strong>poculum</strong></span> <span class='ocrx_word' id='word_1_696' title='bbox 1717 2278 1774 2298; x_wconf 92' lang='lat' dir='ltr'><strong>nou</strong></span> 
     </span>
    </p>
   </div>
   <div class='ocr_carea' id='block_1_105' title="bbox 950 2313 1771 2354">
    <p class='ocr_par' dir='ltr' id='par_1_105' title="bbox 950 2313 1771 2354">
     <span class='ocr_line' id='line_1_105' title="bbox 950 2313 1771 2354; baseline -0.004 -9"><span class='ocrx_word' id='word_1_697' title='bbox 950 2319 1125 2346; x_wconf 84' lang='lat' dir='ltr'><strong>consecrant</strong></span> <span class='ocrx_word' id='word_1_698' title='bbox 1142 2324 1174 2345; x_wconf 82' lang='lat' dir='ltr'><strong>ex</strong></span> <span class='ocrx_word' id='word_1_699' title='bbox 1193 2314 1261 2345; x_wconf 89' lang='lat' dir='ltr'><strong>vino</strong></span> <span class='ocrx_word' id='word_1_700' title='bbox 1278 2319 1305 2344; x_wconf 72' lang='lat' dir='ltr'><strong>ut</strong></span> <span class='ocrx_word' id='word_1_701' title='bbox 1322 2324 1414 2354; x_wconf 82' lang='lat' dir='ltr'><strong>aqua;</strong></span> <span class='ocrx_word' id='word_1_702' title='bbox 1427 2314 1591 2344; x_wconf 70' lang='lat' dir='ltr'><strong>ltwresiotze</strong></span> <span class='ocrx_word' id='word_1_703' title='bbox 1607 2313 1695 2352; x_wconf 72' lang='lat' dir='ltr'><strong>altqui</strong></span> <span class='ocrx_word' id='word_1_704' title='bbox 1714 2322 1771 2342; x_wconf 81' lang='lat' dir='ltr'><strong>non</strong></span> 
     </span>
    </p>
   </div>
   <div class='ocr_carea' id='block_1_106' title="bbox 951 2357 1773 2399">
    <p class='ocr_par' dir='ltr' id='par_1_106' title="bbox 951 2357 1773 2399">
     <span class='ocr_line' id='line_1_106' title="bbox 951 2357 1773 2399; baseline -0.004 -10"><span class='ocrx_word' id='word_1_705' title='bbox 951 2360 1102 2399; x_wconf 88' lang='lat' dir='ltr'><strong>patiuntur</strong></span> <span class='ocrx_word' id='word_1_706' title='bbox 1118 2359 1242 2390; x_wconf 85' lang='lat' dir='ltr'><strong>calidam</strong></span> <span class='ocrx_word' id='word_1_707' title='bbox 1260 2359 1375 2389; x_wconf 80' lang='lat' dir='ltr'><strong>infundi</strong></span> <span class='ocrx_word' id='word_1_708' title='bbox 1391 2358 1420 2388; x_wconf 87' lang='lat' dir='ltr'><strong>in</strong></span> <span class='ocrx_word' id='word_1_709' title='bbox 1437 2364 1569 2388; x_wconf 72' lang='lat' dir='ltr'><strong>sanctum</strong></span> <span class='ocrx_word' id='word_1_710' title='bbox 1598 2362 1626 2388; x_wconf 90' lang='lat' dir='ltr'><strong>et</strong></span> <span class='ocrx_word' id='word_1_711' title='bbox 1641 2357 1773 2388; x_wconf 74' lang='lat' dir='ltr'><strong>divinum</strong></span> 
     </span>
    </p>
   </div>
   <div class='ocr_carea' id='block_1_107' title="bbox 951 2402 1774 2444">
    <p class='ocr_par' dir='ltr' id='par_1_107' title="bbox 951 2402 1774 2444">
     <span class='ocr_line' id='line_1_107' title="bbox 951 2402 1774 2444; baseline -0.002 -10"><span class='ocrx_word' id='word_1_712' title='bbox 951 2404 1102 2444; x_wconf 75' lang='lat' dir='ltr'><strong>poculum,</strong></span> <span class='ocrx_word' id='word_1_713' title='bbox 1129 2404 1213 2441; x_wconf 86' lang='lat' dir='ltr'><strong>Quia,</strong></span> <span class='ocrx_word' id='word_1_714' title='bbox 1245 2403 1394 2444; x_wconf 79' lang='lat' dir='ltr'><strong>inquiunt,</strong></span> <span class='ocrx_word' id='word_1_715' title='bbox 1425 2404 1461 2432; x_wconf 82' lang='lat' dir='ltr'><strong>de</strong></span> <span class='ocrx_word' id='word_1_716' title='bbox 1489 2413 1524 2434; x_wconf 90' lang='lat' dir='ltr'><strong>eo</strong></span> <span class='ocrx_word' id='word_1_717' title='bbox 1556 2402 1629 2433; x_wconf 81' lang='lat' dir='ltr'><strong>nihil</strong></span> <span class='ocrx_word' id='word_1_718' title='bbox 1661 2411 1774 2433; x_wconf 83' lang='lat' dir='ltr'><strong>canone</strong></span> 
     </span>
    </p>
   </div>
   <div class='ocr_carea' id='block_1_108' title="bbox 952 2447 1774 2488">
    <p class='ocr_par' dir='ltr' id='par_1_108' title="bbox 952 2447 1774 2488">
     <span class='ocr_line' id='line_1_108' title="bbox 952 2447 1774 2488; baseline -0.004 -10"><span class='ocrx_word' id='word_1_719' title='bbox 952 2449 1201 2488; x_wconf 69' lang='lat' dir='ltr'><strong>compreltvnsuni</strong></span> <span class='ocrx_word' id='word_1_720' title='bbox 1234 2453 1287 2479; x_wconf 86' lang='lat' dir='ltr'><strong>est.</strong></span> <span class='ocrx_word' id='word_1_721' title='bbox 1317 2447 1448 2479; x_wconf 58' lang='lat' dir='ltr'><strong>Audiu&#39;t</strong></span> <span class='ocrx_word' id='word_1_722' title='bbox 1471 2452 1581 2480; x_wconf 86' lang='lat' dir='ltr'><strong>autem.</strong></span> <span class='ocrx_word' id='word_1_723' title='bbox 1612 2447 1774 2477; x_wconf 76' lang='lat' dir='ltr'><strong>ferventem</strong></span> 
     </span>
    </p>
   </div>
   <div class='ocr_carea' id='block_1_109' title="bbox 952 2491 1776 2532">
    <p class='ocr_par' dir='ltr' id='par_1_109' title="bbox 952 2491 1776 2532">
     <span class='ocr_line' id='line_1_109' title="bbox 952 2491 1776 2532; baseline -0.001 -10"><span class='ocrx_word' id='word_1_724' title='bbox 952 2496 1055 2523; x_wconf 87' lang='lat' dir='ltr'><strong>sancto</strong></span> <span class='ocrx_word' id='word_1_725' title='bbox 1085 2493 1218 2532; x_wconf 81' lang='lat' dir='ltr'><strong>sanguini</strong></span> <span class='ocrx_word' id='word_1_726' title='bbox 1248 2493 1390 2526; x_wconf 75' lang='lat' dir='ltr'><strong>additam.</strong></span> <span class='ocrx_word' id='word_1_727' title='bbox 1418 2492 1561 2523; x_wconf 93' lang='lat' dir='ltr'><strong>unionem</strong></span> <span class='ocrx_word' id='word_1_728' title='bbox 1577 2501 1659 2532; x_wconf 75' lang='lat' dir='ltr'><strong>aqua:</strong></span> <span class='ocrx_word' id='word_1_729' title='bbox 1674 2495 1701 2522; x_wconf 75' lang='lat' dir='ltr'><strong>et</strong></span> <span class='ocrx_word' id='word_1_730' title='bbox 1717 2491 1776 2521; x_wconf 84' lang='lat' dir='ltr'><strong>vini</strong></span> 
     </span>
    </p>
   </div>
   <div class='ocr_carea' id='block_1_110' title="bbox 953 2537 1774 2577">
    <p class='ocr_par' dir='ltr' id='par_1_110' title="bbox 953 2537 1774 2577">
     <span class='ocr_line' id='line_1_110' title="bbox 953 2537 1774 2577; baseline -0.001 -11"><span class='ocrx_word' id='word_1_731' title='bbox 953 2537 1047 2568; x_wconf 84' lang='lat' dir='ltr'><strong>sancti</strong></span> <span class='ocrx_word' id='word_1_732' title='bbox 1077 2537 1178 2567; x_wconf 90' lang='lat' dir='ltr'><strong>calicis</strong></span> <span class='ocrx_word' id='word_1_733' title='bbox 1208 2547 1266 2568; x_wconf 91' lang='lat' dir='ltr'><strong>non</strong></span> <span class='ocrx_word' id='word_1_734' title='bbox 1297 2544 1423 2576; x_wconf 88' lang='lat' dir='ltr'><strong>mutare,</strong></span> <span class='ocrx_word' id='word_1_735' title='bbox 1456 2537 1522 2577; x_wconf 80' lang='lat' dir='ltr'><strong>quia</strong></span> <span class='ocrx_word' id='word_1_736' title='bbox 1550 2541 1655 2577; x_wconf 61' lang='lat' dir='ltr'><strong>praeter</strong></span> <span class='ocrx_word' id='word_1_737' title='bbox 1670 2545 1774 2576; x_wconf 86' lang='lat' dir='ltr'><strong>aquam</strong></span> 
     </span>
    </p>
   </div>
   <div class='ocr_carea' id='block_1_111' title="bbox 954 2581 1775 2621">
    <p class='ocr_par' dir='ltr' id='par_1_111' title="bbox 954 2581 1775 2621">
     <span class='ocr_line' id='line_1_111' title="bbox 954 2581 1775 2621; baseline -0.005 -8"><span class='ocrx_word' id='word_1_738' title='bbox 954 2582 1027 2613; x_wconf 90' lang='lat' dir='ltr'><strong>nihil</strong></span> <span class='ocrx_word' id='word_1_739' title='bbox 1040 2587 1081 2613; x_wconf 91' lang='lat' dir='ltr'><strong>est</strong></span> <span class='ocrx_word' id='word_1_740' title='bbox 1093 2583 1185 2613; x_wconf 84' lang='lat' dir='ltr'><strong>aliud.</strong></span> <span class='ocrx_word' id='word_1_741' title='bbox 1212 2581 1379 2613; x_wconf 87' lang='lat' dir='ltr'><strong>Infunditur</strong></span> <span class='ocrx_word' id='word_1_742' title='bbox 1402 2585 1512 2621; x_wconf 88' lang='lat' dir='ltr'><strong>autem,</strong></span> <span class='ocrx_word' id='word_1_743' title='bbox 1528 2586 1560 2612; x_wconf 89' lang='lat' dir='ltr'><strong>ut</strong></span> <span class='ocrx_word' id='word_1_744' title='bbox 1575 2581 1684 2611; x_wconf 81' lang='lat' dir='ltr'><strong>viviﬁca</strong></span> <span class='ocrx_word' id='word_1_745' title='bbox 1710 2589 1775 2610; x_wconf 65' lang='lat' dir='ltr'><strong>esse</strong></span> 
     </span>
    </p>
   </div>
   <div class='ocr_carea' id='block_1_112' title="bbox 952 2623 1778 2668">
    <p class='ocr_par' dir='ltr' id='par_1_112' title="bbox 952 2623 1778 2668">
     <span class='ocr_line' id='line_1_112' title="bbox 952 2623 1778 2668; baseline -0.005 -11"><span class='ocrx_word' id='word_1_746' title='bbox 952 2632 1078 2664; x_wconf 85' lang='lat' dir='ltr'><strong>constet,</strong></span> <span class='ocrx_word' id='word_1_747' title='bbox 1093 2637 1158 2668; x_wconf 67' lang='lat' dir='ltr'><strong>qua:</strong></span> <span class='ocrx_word' id='word_1_748' title='bbox 1169 2628 1288 2658; x_wconf 89' lang='lat' dir='ltr'><strong>ﬁuunte</strong></span> <span class='ocrx_word' id='word_1_749' title='bbox 1300 2631 1401 2657; x_wconf 89' lang='lat' dir='ltr'><strong>sancto</strong></span> <span class='ocrx_word' id='word_1_750' title='bbox 1414 2626 1506 2656; x_wconf 89' lang='lat' dir='ltr'><strong>latere</strong></span> <span class='ocrx_word' id='word_1_751' title='bbox 1522 2625 1652 2660; x_wconf 91' lang='lat' dir='ltr'><strong>Domini,</strong></span> <span class='ocrx_word' id='word_1_752' title='bbox 1665 2629 1694 2656; x_wconf 88' lang='lat' dir='ltr'><strong>et</strong></span> <span class='ocrx_word' id='word_1_753' title='bbox 1710 2623 1778 2663; x_wconf 84' lang='lat' dir='ltr'><strong>Dei,</strong></span> 
     </span>
    </p>
   </div>
   <div class='ocr_carea' id='block_1_113' title="bbox 952 2669 1775 2710">
    <p class='ocr_par' dir='ltr' id='par_1_113' title="bbox 952 2669 1775 2710">
     <span class='ocr_line' id='line_1_113' title="bbox 952 2669 1775 2710; baseline -0.004 -7"><span class='ocrx_word' id='word_1_754' title='bbox 952 2676 982 2703; x_wconf 89' lang='lat' dir='ltr'><strong>et</strong></span> <span class='ocrx_word' id='word_1_755' title='bbox 994 2672 1158 2703; x_wconf 87' lang='lat' dir='ltr'><strong>Servatoris</strong></span> <span class='ocrx_word' id='word_1_756' title='bbox 1173 2675 1264 2703; x_wconf 89' lang='lat' dir='ltr'><strong>nostri</strong></span> <span class='ocrx_word' id='word_1_757' title='bbox 1277 2672 1345 2702; x_wconf 84' lang='lat' dir='ltr'><strong>Jesu</strong></span> <span class='ocrx_word' id='word_1_758' title='bbox 1358 2671 1478 2708; x_wconf 84' lang='lat' dir='ltr'><strong>Christi,</strong></span> <span class='ocrx_word' id='word_1_759' title='bbox 1494 2675 1626 2710; x_wconf 87' lang='lat' dir='ltr'><strong>tempore</strong></span> <span class='ocrx_word' id='word_1_760' title='bbox 1639 2669 1775 2700; x_wconf 87' lang='lat' dir='ltr'><strong>salutaris</strong></span> 
     </span>
    </p>
   </div>
   <div class='ocr_carea' id='block_1_114' title="bbox 952 2715 1772 2757">
    <p class='ocr_par' dir='ltr' id='par_1_114' title="bbox 952 2715 1772 2757">
     <span class='ocr_line' id='line_1_114' title="bbox 952 2715 1772 2757; baseline -0.005 -10"><span class='ocrx_word' id='word_1_761' title='bbox 952 2717 1098 2757; x_wconf 82' lang='lat' dir='ltr'><strong>passionis</strong></span> <span class='ocrx_word' id='word_1_762' title='bbox 1128 2716 1207 2757; x_wconf 87' lang='lat' dir='ltr'><strong>ejus,</strong></span> <span class='ocrx_word' id='word_1_763' title='bbox 1236 2715 1412 2755; x_wconf 79' lang='lat' dir='ltr'><strong>sanguinem</strong></span> <span class='ocrx_word' id='word_1_764' title='bbox 1438 2715 1577 2745; x_wconf 87' lang='lat' dir='ltr'><strong>videlicet</strong></span> <span class='ocrx_word' id='word_1_765' title='bbox 1601 2718 1630 2751; x_wconf 82' lang='lat' dir='ltr'><strong>et</strong></span> <span class='ocrx_word' id='word_1_766' title='bbox 1654 2722 1772 2753; x_wconf 86' lang='lat' dir='ltr'><strong>aquam,</strong></span> 
     </span>
    </p>
   </div>
   <div class='ocr_carea' id='block_1_115' title="bbox 949 2757 1773 2802">
    <p class='ocr_par' dir='ltr' id='par_1_115' title="bbox 949 2757 1773 2802">
     <span class='ocr_line' id='line_1_115' title="bbox 949 2757 1773 2802; baseline -0.006 -10"><span class='ocrx_word' id='word_1_767' title='bbox 949 2771 1015 2802; x_wconf 63' lang='lat' dir='ltr'><strong>qua;</strong></span> <span class='ocrx_word' id='word_1_768' title='bbox 1036 2760 1179 2792; x_wconf 78' lang='lat' dir='ltr'><strong>ferventia</strong></span> <span class='ocrx_word' id='word_1_769' title='bbox 1194 2760 1385 2797; x_wconf 84' lang='lat' dir='ltr'><strong>efﬂuxerunt,</strong></span> <span class='ocrx_word' id='word_1_770' title='bbox 1413 2758 1491 2790; x_wconf 88' lang='lat' dir='ltr'><strong>velut</strong></span> <span class='ocrx_word' id='word_1_771' title='bbox 1505 2767 1540 2790; x_wconf 86' lang='lat' dir='ltr'><strong>ex</strong></span> <span class='ocrx_word' id='word_1_772' title='bbox 1556 2758 1670 2789; x_wconf 85' lang='lat' dir='ltr'><strong>viviﬁco</strong></span> <span class='ocrx_word' id='word_1_773' title='bbox 1685 2757 1773 2802; x_wconf 84' lang='lat' dir='ltr'><strong>deiﬁ-</strong></span> 
     </span>
    </p>
   </div>
   <div class='ocr_carea' id='block_1_116' title="bbox 947 2801 1771 2846">
    <p class='ocr_par' dir='ltr' id='par_1_116' title="bbox 947 2801 1771 2846">
     <span class='ocr_line' id='line_1_116' title="bbox 947 2801 1771 2846; baseline -0.007 -8"><span class='ocrx_word' id='word_1_774' title='bbox 947 2801 1013 2838; x_wconf 20' lang='lat' dir='ltr'><strong>c’ato</strong></span> <span class='ocrx_word' id='word_1_775' title='bbox 1029 2815 1154 2846; x_wconf 84' lang='lat' dir='ltr'><strong>corpore</strong></span> <span class='ocrx_word' id='word_1_776' title='bbox 1184 2805 1308 2836; x_wconf 86' lang='lat' dir='ltr'><strong>viviﬁca.</strong></span> <span class='ocrx_word' id='word_1_777' title='bbox 1326 2803 1382 2841; x_wconf 87' lang='lat' dir='ltr'><strong>Qui</strong></span> <span class='ocrx_word' id='word_1_778' title='bbox 1407 2802 1450 2834; x_wconf 90' lang='lat' dir='ltr'><strong>sic</strong></span> <span class='ocrx_word' id='word_1_779' title='bbox 1476 2802 1565 2842; x_wconf 77' lang='lat' dir='ltr'><strong>igitur</strong></span> <span class='ocrx_word' id='word_1_780' title='bbox 1576 2812 1636 2834; x_wconf 90' lang='lat' dir='ltr'><strong>non</strong></span> <span class='ocrx_word' id='word_1_781' title='bbox 1650 2801 1771 2840; x_wconf 83' lang='lat' dir='ltr'><strong>faciunt,</strong></span> 
     </span>
    </p>
   </div>
  </div>
