1946 3080
175 147 246 179 1051

861 145 927 177 JUS
947 145 1170 178 CANONIGUM

1786 141 1861 175 i052

171 222 227 244 nec
241 212 311 243 inde
328 211 464 243 miraculi
480 212 668 252 magniﬁcam
683 211 929 251 magnitudinem,
942 211 994 242 sed

1074 217 1114 242 ιοῦ
1149 212 1311 250 τεθεωμένου
1344 212 1466 250 σώματος
1494 212 1621 248 ζωοποιά.
1651 212 1682 240 Οἱ
1724 213 1788 249 γοῦν
1822 210 1859 247 μὴ

171 266 247 297 aqua
262 257 367 296 frigida
397 256 525 296 vinoque
547 260 670 287 utuntur
699 256 728 286 in
744 256 911 286 divina-um
928 265 998 286 san-

173 301 386 332 etificationum
413 301 659 341 participatione;
688 310 746 331 non
771 300 896 331 credunt
911 300 998 331 etiam

172 350 238 387 post
260 346 422 377 salutarem
453 346 570 377 Domini
601 350 729 377 mortem
761 349 864 376 sancto
881 345 999 384 corpori

172 391 239 430 ejus
267 390 367 421 inesse
397 390 548 428 deitatem,
581 390 632 420 sed
667 389 703 420 ab
731 399 766 420 eo
804 389 996 428 abscessisse,

173 444 299 476 esseque
315 435 480 476 cujusmodi
507 439 604 466 nostra
635 444 770 475 corpora.
798 433 869 471 Qum
884 443 998 474 magnae

173 479 296 510 hzeresis
321 484 365 510 est
381 480 509 519 nugatio.
540 480 662 517 Magnus
678 479 758 510 enim
786 478 864 509 inter
880 482 997 509 sanctos

171 525 302 555 Joannes
313 525 525 556 Damascenus.
544 524 575 555 ln
591 523 740 564 sepulcro,
763 524 868 564 inquit,
888 532 996 564 corpo-

171 568 275 599 raliter
292 579 299 600 :
315 568 346 598 in
373 569 492 599 inferno
522 573 619 599 autem
635 577 702 598 cum
719 568 829 602 anima.
847 572 879 598 ut
895 569 971 599 Deus
988 576 996 598 ε

171 613 202 643 in
219 613 355 653 paradiso
371 622 438 643 vcro
454 622 520 643 cum
537 613 662 646 latrone,
681 617 708 642 et
725 612 755 642 in
773 612 878 642 throno
904 611 997 649 fuisti,

172 657 301 694 Christe,
331 666 398 688 cum
429 659 513 688 Patre
543 661 572 687 et
595 656 720 696 Spiritu,
737 656 837 686 omnia
858 655 996 695 implens,

171 701 220 742 qui
228 701 504 741 incircumscriptus
513 700 711 740 es.Quiigitur
718 700 850 730 divinum
860 700 995 739 poculum

173 755 248 786 aqua
259 745 390 776 fervente
406 755 464 776 non
478 750 667 782 consecrant,
680 749 709 775 ut
722 745 884 775 luerosiotaa
895 754 910 775 e
919 749 997 775 sorte

173 790 404 822 orthodoxorum
421 790 617 831 expellentur.

213 923 311 956 Inter.
335 925 379 956 19.
398 924 543 956 Sacerdos
569 922 719 954 saecularis
732 926 851 953 rectene
875 922 995 953 confes-

174 969 275 999 siones
289 969 454 1009 aliquorum
466 969 619 999 hominum
633 977 698 998 cum
709 967 854 1008 permissu
866 967 997 1008 episcopi

173 1013 330 1053 suscipiet,
345 1023 443 1044 annon
454 1013 469 1043 ‘2

212 1057 282 1089 Res.
296 1058 390 1089 Divini
407 1067 548 1095 canones,
560 1059 610 1098 qui
627 1057 843 1087 confessionem
859 1056 996 1086 reconci-

175 1101 306 1133 liationis
339 1102 544 1133 sacerdotibus
585 1112 651 1132 Cum
687 1101 847 1141 episcopali
885 1101 997 1131 veniab

176 1147 376 1183 committunt,
391 1147 482 1177 multo
495 1147 677 1187 antiquiores
687 1150 755 1176 sunt
767 1150 867 1176 sancto
879 1145 994 1176 Pacho-

177 1191 248 1229 mio,
261 1191 311 1231 qui
327 1191 434 1230 dignus
445 1191 562 1222 habitus
573 1196 627 1226 est.
641 1195 670 1221 ut
682 1199 735 1230 per
745 1191 886 1221 visionem
903 1199 995 1229 ange—

174 1235 260 1266 licam
279 1237 491 1266 monachorum
508 1236 638 1267 habitum
655 1236 781 1266 videret.
795 1234 993 1271 Quamobrem

174 1281 388 1311 monachorum
399 1290 544 1320 nusquam
558 1281 769 1316 meminerunt,
780 1280 831 1310 sed
842 1279 995 1319 presbyte-

173 1333 276 1355 rorum
304 1325 489 1365 simpliciter.
521 1325 687 1366 Episcopali
704 1333 773 1364 ergo
785 1324 899 1364 judicio
913 1324 996 1354 laicis

172 1369 432 1410 sucerdotibusjus
438 1370 634 1402 confessionis
642 1369 953 1410 potestasconcedetur
972 1374 994 1407 ι,

173 1418 202 1445 et
218 1423 270 1454 per
285 1424 349 1445 eam
366 1415 572 1446 reconciliatio
588 1413 806 1455 ptenitentium.

211 1459 307 1490 Inter.
318 1460 358 1490 ‘20
380 1461 426 1491 An
439 1459 503 1490 sine
515 1459 686 1500 przejudicio
696 1463 847 1489 transeant
859 1458 995 1489 monachi

1040 260 1178 288 ποιοῦντες
1205 256 1285 293 οὕτω,
1327 257 1370 286 καὶ
1405 257 1436 284 τὸ
1476 259 1523 285 τοῦ
1556 256 1688 294 θαύματος
1723 255 1861 283 κάντεῦθεν

1040 300 1230 340 μεγαλύνοντες
1263 301 1384 341 μέγεθος,
1413 300 1482 329 ἆλλά
1502 299 1544 329 διὰ
1566 303 1670 341 ψυχροῦ
1697 299 1791 332 ὕδατος
1818 299 1861 326 καὶ

1039 345 1112 374 οἴνου
1146 346 1196 379 τὴν
1230 347 1282 374 τῶν
1318 346 1394 374 θείων
1422 345 1572 385 μυστηρίων
1600 348 1737 375 ποιοῦντες
1775 343 1860 381 μετά-

1039 389 1132 428 ληψιν,
1170 391 1200 419 οὗ
1236 391 1386 419 πιστεύουσι
1414 391 1458 418 καὶ
1486 391 1553 428 μετὰ
1579 391 1624 418 τὸν
1651 390 1786 427 σωτήριον
1815 391 1862 416 τώ

1040 435 1132 474 Κυρίου
1152 435 1263 464 θάνατον
1290 435 1361 474 παρὰ
1395 438 1434 471 τῷ
1461 435 1530 473 ἆγίῳ
1554 434 1657 471 σώματι
1692 435 1773 463 σὺντοῦ
1812 433 1862 467 τὴν

1036 479 1149 513 θεότητα
1171 479 1256 519 εἶναι,
1283 479 1351 508 ἀλλὰ
1375 479 1521 513 ἀποστῆναί
1548 478 1578 507 ἐκ
1603 479 1696 507 τούτου
1724 479 1768 506 καὶ
1789 478 1863 506 εἶναι

1038 526 1105 553 κατά
1126 526 1159 553 τὰ
1177 525 1292 565 ἡμέτερα
1319 526 1443 563 σώματα.
1474 520 1563 564 μοπερ
1591 524 1710 563 μεγάλης
1736 523 1862 564 αἱρέσεώς

1038 568 1093 597 ἐστι
1108 569 1262 609 φλυάρημα.
1288 565 1316 598 Ὀ
1338 570 1388 609 γὰρ
1416 569 1501 609 μέγας
1530 569 1556 598 ἐν
1586 569 1673 608 ἁγίοις
1696 568 1822 602 Ἰωάννης
1848 569 1862 596 ὁ

1041 616 1228 654 Δαμασκηνὸς,
1246 613 1290 643 Ἐν
1318 615 1394 654 τάφῳ
1414 613 1504 655 (φησὶ)
1527 617 1686 652 σωματικῶς
1710 622 1717 629 ⁵
1754 614 1782 642 ὲν
1811 612 1861 650 ἅδῃ

1039 657 1078 693 δὲ,
1101 659 1168 696 μετὰ
1197 661 1301 698 ψυχῆς,
1331 660 1367 690 ὡς
1391 659 1454 691 Θεός
1470 682 1478 690 ,
1507 658 1534 686 ἒν
1562 658 1709 698 παραδείσῳ
1731 657 1770 695 δὲ,
1796 659 1863 696 μετά

1038 702 1136 740 λῃττοῦ
1148 711 1155 718 ⁸
1186 704 1229 732 καὶ
1251 703 1278 731 ἐν
1291 704 1376 742 θρόνῳ
1396 705 1528 743 ὑπῆρχες,
1547 703 1653 743 Χριστὲ,
1676 703 1744 740 μετὰ
1758 704 1862 742 Πατρὸς

1037 748 1080 774 καὶ
1116 748 1266 785 Πνεύματος
1284 756 1291 763 ⁸
1331 749 1415 778 πάντα
1453 747 1573 787 πληρῶν,
1604 749 1618 775 6
1652 748 1862 787 ἀπερίγραπτος.

1038 793 1068 820 Οἱ
1082 797 1144 830 γοῦν
1159 793 1197 829 μὴ
1219 792 1260 821 διὰ
1291 792 1393 828 ζέοντος
1421 792 1513 824 ὕδατος
1542 791 1700 825 τελειοῦντες
1730 793 1760 820 τό
1789 794 1863 820 θεῖον

1038 837 1175 875 ποτήριον,
1198 838 1234 868 ὡς
1263 839 1424 876 αἱρεσιῶται,
1453 840 1502 871 τῆς
1531 835 1634 876 μερίδος
1647 839 1699 864 τῶν
1715 836 1861 877 ὁρθοδόξων

1038 880 1296 921 ἑκκηρυχθήσονται.

1078 926 1223 964 Ἐρώτησις
1240 921 1285 957 ιϐ’.
1303 926 1403 958 Λαϊκὸς
1419 927 1500 965 ἱερεὺς
1521 927 1589 963 μετὰ
1612 926 1757 966 ἐπιτροπῆς
1779 926 1863 954 ἐπισ-

1038 971 1151 1003 κοπικής
1166 969 1254 1002 καλῶς
1269 970 1416 1010 ἐξαγορείας
1433 970 1576 1010 ἀνθρώπων
1604 975 1681 999 τινῶν
1696 969 1859 1006 ἀναδέξεται,

1037 1015 1120 1054 ﬁcii;

1078 1059 1142 1090 Ἀττ,
1169 1061 1199 1088 Οἱ
1226 1061 1292 1088 θεῖοι
1319 1061 1428 1091 κανόνες
1456 1061 1505 1093 τὴν
1540 1060 1687 1100 ἐξαγορείαν
1716 1061 1764 1094 τῆς
1792 1072 1862 1088 κατ-

1038 1103 1157 1142 illan-{ig
1178 1111 1237 1136 τοῖς
1273 1105 1367 1143 ἱερεῦσι
1403 1105 1470 1142 μετά
1503 1105 1654 1144 προτροπῆς
1681 1105 1862 1138 ὲπισκοπικης

1038 1148 1201 1188 ἀναθέμενοι,
1245 1149 1312 1176 κατὰ
1353 1148 1420 1176 πολὺ
1462 1149 1660 1189 προγενέστεροι
1699 1155 1746 1179 τοῦ
1784 1151 1862 1189 ἁγίου

1039 1193 1184 1232 Παχωμίου
1206 1193 1280 1229 εἰσὶν,
1317 1193 1472 1226 ἀξιωθέντος
1501 1193 1566 1222 ἰδεῖν
1589 1193 1624 1222 δι’
1651 1195 1778 1227 ὀπτασίας
1807 1195 1863 1232 ἀγ-

1037 1236 1148 1276 γελικῆς
1163 1238 1193 1265 τὸ
1220 1240 1316 1276 σχῆμα
1341 1241 1394 1265 τῶν
1416 1242 1554 1278 μοναχῶν,
1573 1239 1621 1266 Διὰ
1647 1239 1697 1278 γὰρ
1711 1242 1788 1267 τοῦτο
1803 1238 1863 1267 οδόὲ

1038 1281 1184 1318 μέμνηνταί
1205 1292 1256 1310 που
1286 1285 1426 1322 μοναχῶι,
1449 1281 1517 1310 ἀλλᾶ
1545 1281 1726 1322 πρεσϐυτέρων
1754 1282 1861 1314 ἁπλῶς.

1039 1326 1111 1354 Κατά
1137 1326 1221 1365 κρίσιν
1245 1330 1307 1365 γοῦν
1337 1326 1511 1361 ἑπισκοπικῆν
1533 1334 1591 1359 τοῖς
1620 1327 1728 1359 λα’ἰκοϊς
1751 1329 1862 1367 ἱερεῦσιν

1037 1367 1184 1406 ὲνδυνάμως
1200 1369 1406 1409 ἐπιτραπήσεται
1434 1371 1482 1404 τῆς
1503 1371 1651 1411 ἐξαγορείας
1679 1373 1711 1400 τὸ
1745 1371 1858 1412 δίκαιον,

1036 1414 1080 1441 καὶ
1094 1412 1136 1442 διὰ
1150 1414 1273 1455 ταύτηςῇ
1289 1417 1341 1442 τῶν
1356 1415 1552 1452 μετανοούντων
1566 1415 1735 1455 καταλλαγὴ.

1065 1456 1209 1497 Ἐρώτησις
1224 1453 1261 1490 κ’,
1279 1457 1538 1498 Ἀπροκριματίστως
1549 1453 1732 1498 μεταϐαίνουσι
1744 1461 1861 1500 μοναχοὶ

170 1512 208 1534 ex
227 1503 426 1544 monasteriis,
442 1503 493 1534 ubi
519 1503 634 1534 detonsi
649 1507 730 1540 sunt,
747 1503 777 1533 in
792 1502 858 1539 alia,
878 1502 995 1533 necne?

1074 1503 1108 1529 ὧν
1124 1502 1292 1542 ἆπεκάρησαν
1309 1504 1491 1543 μοναστηρίων
1511 1506 1577 1544 πρὸς
1591 1504 1668 1544 ἕτερα
1681 1506 1860 1544 μοναστήρια,

212 1592 282 1624 Ras.
295 1592 327 1624 Si
338 1592 374 1630 is,
387 1592 438 1633 qui
448 1592 523 1633 apud
536 1592 687 1623 hominem
700 1591 837 1631 deposuit
849 1591 996 1631 propriam

174 1638 406 1675 confessionem,
447 1637 575 1678 implere
618 1646 681 1667 eam
712 1636 838 1675 cogitur,
868 1644 995 1676 quonam

173 1682 262 1712 modo
278 1682 328 1722 qui
343 1682 420 1721 apud
439 1683 531 1713 Deum
547 1681 694 1721 deposuit,
707 1680 822 1719 cogitur
842 1689 924 1710 suam
940 1680 995 1711 de-

173 1726 351 1766 positionem
367 1726 519 1756 infirmare
532 1726 547 1756 '?
574 1726 688 1757 Idcirco
704 1730 732 1755 et
757 1726 840 1765 juxta
857 1728 994 1764 quartum

172 1779 316 1802 canonem
332 1776 442 1802 sanctae
469 1776 498 1801 et
514 1770 707 1801 aecumenicze
722 1770 824 1810 synodi
842 1773 950 1800 coacta:
965 1768 996 1798 in

173 1815 282 1855 templo
298 1820 466 1846 sanctorum
490 1815 702 1855 apostolorum,
717 1815 873 1854 appellata:
890 1814 902 1844 1
924 1818 952 1844 et
964 1814 993 1850 ‘2,

173 1860 348 1891 nouninalim
358 1860 421 1890 haec
434 1860 688 1900 pronuntiantem,
706 1859 735 1889 Si
752 1861 816 1898 quis
833 1859 996 1888 monachus

171 1913 206 1934 ex
234 1904 352 1944 proprio
369 1904 484 1943 fugiens
499 1904 688 1939 monasterio,
710 1903 739 1933 in
755 1903 832 1933 aliud
847 1902 996 1933 transierit

170 1949 214 1979 vel
224 1959 251 1978 Ill
263 1949 440 1979 mundanam
451 1948 662 1978 habitationem
672 1947 995 1988 petulanteriugressus

170 1993 271 2030 fuerit,
290 1994 399 2034 pariter
414 1998 442 2023 et
456 1993 506 2032 qui
523 2002 590 2023 eum
602 1992 753 2032 exceperit
767 1992 804 2022 sit
821 2001 994 2023 excommu-

168 2038 294 2075 nicatus,
310 2038 405 2069 donec
415 2037 440 2067 is
451 2037 502 2077 qui
513 2038 595 2077 fugit,
615 2041 779 2067 revertatur
800 2036 829 2066 in
842 2039 993 2066 monaste-

171 2082 261 2118 rium,
276 2091 293 2112 a
314 2091 371 2122 quo
390 2090 544 2122 perperam
568 2081 687 2111 deft-cit.
707 2081 735 2112 Si
753 2089 822 2111 vero
838 2080 995 2120 episcopus

168 2126 285 2165 aliquos
301 2127 474 2162 monachos,
491 2126 608 2166 pietatis
621 2129 650 2156 et
663 2125 899 2156 \‘itmhonestatis
911 2126 997 2155 testi—

1037 1546 1125 1587 ἢοῦς

1076 1592 1140 1623 Ἀπ.
1177 1591 1240 1621 Ἐὰν
1275 1593 1289 1620 6
1323 1593 1388 1632 πρὸς
1423 1592 1558 1633 ἄνθρωπον
1591 1593 1770 1632 καταθέμενος
1811 1596 1860 1628 τὴν

1037 1636 1132 1664 οἰκείαν
1167 1636 1320 1676 ὁμολογίαν,
1357 1637 1475 1677 πληροῦν
1514 1638 1708 1677 ἀναγκάζηται,
1752 1642 1810 1670 πῶς
1845 1641 1860 1667 6

1036 1681 1101 1720 πρὸς
1123 1681 1188 1708 Θεὸν
1216 1682 1400 1719 καταθέμενος,
1432 1681 1661 1721 ἀναγκασθήσεται
1684 1683 1734 1717 τὴν
1763 1684 1861 1712 οἰκείαν

1037 1725 1162 1758 ἀθετῆσαι
1176 1725 1316 1755 κασᾶθεσιν
1332 1735 1340 1765 ;
1359 1726 1408 1754 Διά
1421 1737 1462 1754 τοι
1491 1730 1568 1755 τουτο
1593 1727 1638 1755 καὶ
1666 1728 1734 1756 κατὰ
1762 1729 1808 1756 τὸν
1837 1722 1864 1756 δ’

1037 1771 1133 1798 κανόνα
1160 1769 1208 1803 τῆς
1237 1769 1263 1797 ἐν
1284 1774 1323 1807 τῷ
1350 1774 1404 1807 ναῷ
1437 1773 1490 1798 τῶν
1511 1771 1592 1810 ἀγίών
1618 1771 1772 1801 ἀποστόλων
1809 1783 1860 1800 συ-

1037 1815 1136 1847 στάσης
1166 1814 1240 1853 αγίας
1270 1815 1317 1842 καὶ
1346 1815 1528 1853 οἰκουμενικῆς
1558 1816 1664 1845 συνόδου
1699 1820 1749 1851 τῆς
1784 1817 1864 1856 λεγο-

1038 1859 1121 1896 μένης
1137 1859 1225 1897 α’,κιὶ
1288 1860 1333 1887 τὸν
1360 1865 1441 1889 ταῦτα
1469 1859 1595 1893 διεξιόντα
1622 1861 1720 1900 ῥητῶς,
1752 1861 1786 1890 Εἴ
1820 1874 1861 1894 τις

1038 1904 1156 1943 μοναχὸς
1198 1906 1247 1937 τῆς
1288 1903 1352 1936 ἰδίας
1394 1904 1541 1944 ἀποδράσας
1584 1907 1669 1944 μονῆς
1705 1907 1741 1938 εἰς
1771 1907 1862 1946 ἕτερον

1037 1948 1174 1986 μεταπέσῃ
1209 1949 1396 1988 μοναστήριον,
1432 1950 1449 1984 ἢ
1478 1951 1514 1982 εἰς
1543 1952 1672 1988 κοσμικὸν
1704 1952 1862 1990 εἰσκωμάσῃ

1037 1992 1140 2030 οἴκημα
1167 1994 1292 2024 ὡσαύτως
1314 2004 1342 2021 τε
1370 1995 1414 2021 καὶ
1443 1995 1456 2022 6
1493 1999 1584 2024 τοῦτον
1610 1994 1762 2033 δεξάμενος,
1806 1997 1861 2035 ἀνρ-

1036 2037 1180 2076 ωρισμένος
1196 2037 1252 2073 εἴη,
1279 2037 1328 2069 ἕως
1356 2037 1386 2066 ἂν
1416 2039 1430 2066 6
1451 2038 1592 2079 ἀποφυγὼν
1621 2039 1751 2078 ἐπανέλθῃ
1778 2039 1804 2073 ἐξ
1828 2041 1863 2073 ἧς

1037 2085 1125 2113 κακῶς
1156 2082 1261 2115 ἐξέπεσε
1290 2085 1386 2120 μονῆς.
1429 2084 1458 2111 El
1500 2083 1622 2123 μέντοιγε
1664 2085 1678 2112 6
1715 2084 1861 2116 ἐπίσκοπος

1036 2127 1108 2158 τινας
1124 2130 1177 2155 τῶν
1205 2127 1332 2166 μοναχῶν
1360 2126 1402 2155 ἐπ’
1425 2127 1546 2164 εὐλαϐείᾳ
1567 2129 1610 2156 καὶ
1638 2128 1695 2166 βίου
1716 2130 1860 2166 σεμνότητι

169 2171 300 2201 monium
317 2171 473 2211 habentes,
503 2171 532 2201 in
548 2171 625 2202 aliud
652 2170 862 2201 monasterium
879 2170 916 2200 ob
931 2170 995 2209 ejus

1077 2172 1262 2211 ρτυρουμένους
1300 2172 1336 2203 εἰς
1371 2171 1458 2212 ἓτερον
1488 2173 1665 2211 μοναστήριον
1698 2173 1741 2201 ἐπὶ
1773 2185 1860 2202 κατα-

169 2216 414 2256 compositionem
430 2216 553 2247 voluerit
566 2216 742 2253 transferre,
761 2216 803 2246 νυ]
821 2215 850 2246 in
867 2215 995 2245 munda-

170 2269 239 2291 num
256 2260 440 2292 domicilium
452 2261 489 2291 ob
505 2261 630 2292 salutem
644 2259 870 2291 inhabitantium
881 2259 995 2290 consti-

169 2310 265 2344 tuere,
293 2305 337 2336 vel
362 2305 433 2336 alibi
459 2305 604 2346 placuerit
618 2313 756 2345 praeesse,
775 2304 880 2335 horum
898 2312 996 2342 neque

166 2353 366 2390 susceptores,
398 2359 494 2390 neque
523 2350 685 2380 monachos
714 2349 808 2389 culpae
829 2357 897 2379 reos
913 2348 993 2379 facit.

167 2393 222 2430 Qui
236 2393 327 2434 igitur
343 2394 409 2426 sine
439 2394 600 2435 episcopali
626 2393 772 2433 permissu
790 2395 949 2424 transeunt
963 2392 994 2423 in

167 2438 224 2469 alia
238 2439 418 2470 monasteria
445 2448 480 2470 ex
496 2439 546 2476 iis,
572 2438 623 2470 ubi
653 2439 727 2468 tonsi
743 2441 823 2475 sunt,
841 2439 994 2478 mu‘toque

167 2483 260 2523 magis
276 2483 306 2513 in
319 2483 476 2514 mundanis
490 2483 629 2514 domibus
653 2487 874 2518 conversantes,
897 2485 926 2512 et
941 2482 993 2522 qui

167 2536 219 2559 eos
257 2527 434 2568 suscipiunt,
465 2527 651 2559 exterminati
687 2532 715 2558 et
745 2526 993 2558 excommunicati

165 2576 263 2613 erunt,
280 2572 376 2603 donec
401 2572 431 2602 in
457 2571 647 2609 monasteria,
678 2571 707 2602 in
735 2571 843 2612 quibus
860 2579 992 2601 conven-

166 2616 264 2648 tiones
277 2616 291 2638 ἀ
305 2617 453 2658 fecerunt,
471 2617 589 2648 {uerunt
604 2615 730 2647 reversi.

1036 2217 1127 2244 στάσει
1149 2216 1195 2250 τῆς
1211 2219 1296 2253 μονῆς
1317 2215 1422 2251 θελήσει
1444 2217 1632 2254 μετακομίσαι,
1662 2218 1680 2252 ἢ
1708 2220 1744 2250 εἷς
1765 2230 1861 2256 κοσμι-

1035 2260 1086 2293 κήν
1113 2260 1194 2288 οἰκίαν
1224 2260 1267 2288 ἐπὶ
1295 2261 1412 2300 σωτηρίᾳ
1440 2264 1493 2289 τῶν
1522 2261 1694 2290 ἐνοικούντων
1722 2262 1859 2301 δοκιμάσει

1034 2307 1210 2342 καταστῆσαι,
1239 2305 1257 2339 ἢ
1298 2304 1436 2345 ἀλλαχόσε
1477 2305 1612 2341 εὖδοκήσει
1655 2306 1834 2342 ἐπιστατῆσαι
1850 2316 1858 2324 ”

1035 2350 1132 2378 τούτων
1161 2350 1219 2378 οὔτε
1247 2350 1308 2382 τοὺς
1333 2348 1556 2390 ὑποδεχομένους,
1592 2351 1650 2379 οὔτε
1685 2352 1745 2383 τοὺς
1771 2363 1858 2390 μονα-

1035 2394 1101 2434 χοὺς
1139 2393 1274 2426 ὑποδίκως
1308 2401 1394 2426 ποιεῖ,
1435 2396 1465 2423 Οἱ
1501 2400 1563 2434 γοῦν
1606 2394 1669 2436 δίχα
1703 2400 1858 2436 προτροπῆς

1035 2439 1211 2472 ἐπισκοπικῆς
1235 2437 1436 2477 μεταϐαίνοντες
1465 2440 1501 2472 είς
1530 2439 1606 2479 ἕτερα
1634 2442 1800 2480 μονιστήρια
1834 2441 1860 2474 ἐξ

1035 2484 1071 2510 ὢν
1101 2482 1285 2522 ἀπεκάρησαν,
1309 2482 1401 2519 πολλῳ
1430 2482 1458 2512 δέ
1479 2483 1560 2513 πλέον
1576 2485 1612 2516 εἷς
1633 2486 1763 2523 κοσμικὰς
1791 2497 1858 2515 κατ-

1033 2527 1117 2558 οικίας
1141 2526 1327 2566 διατρίϐοντες,
1355 2528 1399 2556 καὶ
1421 2529 1444 2556 οί
1471 2527 1611 2568 δεχόμενοι
1639 2529 1758 2569 τούτους,
1789 2530 1859 2570 ἀφω-

1033 2571 1150 2611 ρισμένοι
1172 2572 1215 2599 καὶ
1249 2571 1427 2605 ἀκοινώνητοι
1460 2571 1576 2610 ἔσονται,
1607 2573 1704 2613 μέχρις
1731 2573 1762 2601 ἂν
1791 2575 1858 2602 ὑπο-

1033 2615 1166 2654 στέψωσιν
1195 2616 1231 2648 εἰς
1266 2616 1300 2644 τὰ
1327 2617 1494 2656 μοναστήρια
1525 2617 1552 2645 ἂν
1580 2620 1622 2650 οἷς
1651 2618 1698 2651 τὰς
1727 2619 1856 2654 συνθήκας

1032 2659 1186 2690 δεδώκασιν.

827 2740 850 2771 V
858 2740 956 2773 \RI/E
979 2738 1193 2787 LECTIQNES.

205 2809 218 2830 δ
233 2808 453 2842 exhortatione.

498 2816 509 2831 ο
525 2809 690 2850 efﬁcaciter
704 2809 895 2840 concedetur.
937 2808 950 2829 ά
963 2810 1056 2849 pacta
1070 2807 1121 2839 vel
1133 2807 1324 2848 sponsiones.
