1946 3080
102 129 121 161 1
131 129 198 163 053

157 198 304 237 Ἐρώτησις
327 194 382 229 κατ’.
414 194 538 232 ’Ἔξεστιν
568 201 604 232 είς
631 199 767 240 διαφόρους
797 199 969 233 ἐκκλησίαςιι

97 242 288 282 κληρωυῖμαί
301 255 373 280 τινα,
391 244 408 278 ἢ
425 245 454 272 οὔ
470 254 478 285 ς

157 286 221 318 ’Λπ.
239 288 324 316 Εἶπεν
345 288 372 316 ἐν
397 289 566 328 Εὗαγγελίοις
592 290 606 317 ὁ
635 289 739 328 Κύριος,
769 287 857 320 Οὐδεὶς
892 286 940 316 δύ-

98 343 193 360 ναται
216 331 270 361 δυσὶ
285 334 382 373 κυρίοις
408 333 546 363 δουλεύειν.
570 337 621 362 T06
640 334 688 373 γὰρ
716 334 774 365 ἑνὸς
796 332 937 373 ἀνθέξεται,

98 377 161 404 καὶ
184 379 228 405 τοῦ
250 377 337 417 ἑτέρου
365 378 569 417 καταφρονήσει,
594 372 677 406 υΟθεν
697 379 740 406 καὶ
767 379 781 406 ὁ
806 372 839 405 ιεΙ
853 378 937 405 κανὼν

101 431 169 454 της
194 421 269 460 ἁγίας
298 422 341 450 καὶ
370 423 552 459 οἷκουμενικῆς
580 417 605 458 ζ’
628 421 735 451 συνόδου
764 425 845 450 ταῦτα
871 421 939 449 κατά

103 464 191 502 ῥῆμα
207 464 321 503 διέξεισι,
339 465 470 506 Κληρικὸς
498 467 550 494 ἀπὸ
568 470 613 494 τοῦ
635 467 762 506 παρόντος
791 466 830 504 μὴ
858 477 938 494 κατα-

103 509 251 538 ταττέσθω
292 510 318 538 ἐν
365 510 434 539 δυσὶν
476 510 638 544 ἐκκλησίαις.
687 510 844 550 Ἐμπορείας
888 511 938 550 γὰρ

104 555 162 583 καὶ
192 554 402 595 αἰσχροκερδείας
429 555 496 584 ἴδιον
524 559 610 591 τοῦτο,
637 557 680 584 καὶ
708 555 846 595 ἀλλότριον
888 556 937 594 γὰρ

106 598 312 633 κλησιαστικῆς
347 601 495 633 συνηθείας,
526 600 692 638 Ἥκούσαμεν
727 601 775 640 γὰρ
807 599 832 632 ἐξ
859 601 939 632 αὕτῆς

104 646 166 676 τῆς
184 647 318 682 Κυριακῆς
334 644 408 683 ἁγίας
430 647 532 685 φωνῆς,
556 645 595 672 ὅτι
625 647 654 674 οὔ
682 644 785 673 δύναταί
812 656 852 676 τις
885 643 940 676 δυσὶ

106 688 214 727 κυρίοις
239 688 369 717 δουλεύειν
385 698 391 704 “
414 689 432 722 ἢ
462 691 511 729 γὰρ
538 691 582 718 τὸν
604 689 649 718 ἕνα
677 690 796 727 μισήσει,
827 690 870 716 καὶ
894 691 939 716 τὸν

105 732 204 772 ἕτερον
233 733 365 772 ἀγαπήσει
383 742 390 749 '
433 734 451 768 ἢ
484 738 529 762 τοῦ
557 735 614 767 ἑνὸς
650 733 792 774 ἀνθέξεται,
822 734 865 762 καὶ
893 738 938 762 τοῦ

105 777 204 816 ἐτέρου
219 778 422 818 καταφρονήσει.
458 774 591 811 ’Ἕκαστος
614 779 669 818 οὖν,
695 779 762 807 κατά
789 779 837 812 τὴν
867 777 935 806 ἀπο-

781 132 1061 165 ΘΒιΕΟΟ-ΒΟΜΑΝ
1066 133 1131 164 UM.

1727 131 1803 164 1054

1020 197 1226 237 Interrogatio
1237 198 1285 229 21.
1304 199 1350 230 An
1366 200 1457 239 possit
1472 198 1539 240 quis
1563 198 1594 228 in
1609 197 1734 229 diversis
1748 206 1799 228 ec-

982 242 1081 273 clesiis
1095 243 1224 273 clericus
1238 243 1383 279 ordinari,
1401 243 1518 275 necne?

1021 286 1091 317 Res.
1105 287 1183 318 Dixit
1201 287 1232 318 in
1251 287 1415 327 Evangeliis
1433 287 1586 325 Dominus,
1601 287 1694 318 Nemo
1706 290 1801 327 potest

980 331 1096 362 duobus
1106 331 1363 363 dominisservire.
1374 332 1446 363 Nam
1457 333 1506 362 uni
1517 331 1801 368 adherebit,etalte-

979 385 1046 406 rum
1076 377 1291 416 aspernabitur.
1325 377 1409 409 Unde
1432 381 1461 408 et
1489 387 1584 408 canon
1600 377 1637 408 15
1651 379 1760 407 sanctae
1774 379 1804 406 et

979 421 1172 451 mcumenica:
1194 422 1212 452 7
1240 420 1343 461 synodi
1369 421 1430 452 haec
1446 421 1483 452 ad
1499 421 1620 452 verbum
1635 420 1776 460 exprimit
1792 431 1798 448 :

978 465 1110 496 Clericus
1125 465 1161 496 ab
1178 465 1234 496 hoc
1260 465 1402 505 deinceps
1428 470 1561 504 tempore
1577 466 1605 496 in
1621 465 1733 496 duabus
1749 473 1801 495 ec-

978 509 1078 540 clesiis
1094 519 1152 540 non
1168 510 1332 541 collocetur
1349 519 1355 541 :
1374 511 1431 541 hoc
1442 510 1521 540 enim
1533 515 1577 540 est
1595 509 1802 549 negotiationis

979 558 1007 583 et
1019 554 1114 594 turpis
1127 555 1199 584 lucri
1213 555 1376 594 proprium.
1391 555 1462 586 etab
1475 554 1802 585 erciesiasticaconsue—

981 598 1084 629 tudine
1097 599 1239 629 alienum.
1256 599 1299 629 Ab
1315 599 1380 639 ipsa
1396 600 1474 630 enim
1499 598 1617 630 Domini
1632 607 1701 629 voce
1714 597 1799 628 audi-

980 643 1084 678 vimus,
1102 653 1158 673 non
1172 653 1257 683 posse
1268 643 1435 684 quempiam
1447 643 1562 674 duobus
1572 642 1800 673 dominisservi-

978 696 1011 717 re
1029 696 1035 718 :
1053 688 1097 718 vel
1114 697 1204 719 unum
1219 688 1286 718 odio
1300 688 1429 724 habebit,
1444 689 1608 718 etalterum
1621 687 1723 726 diliget
1735 697 1742 725 ;
1754 687 1798 716 vel

979 731 1801 772 unumamplectelur,etalterumnegligel.Unusquisque

978 785 1058 814 ergo,
1075 781 1173 807 utvox
1190 781 1234 807 est
1249 777 1421 816 apostolica,
1447 777 1475 807 in
1500 787 1546 815 eo,
1562 777 1592 807 in
1608 786 1665 817 quo
1682 780 1799 807 vocatus

104 821 240 855 στολικὴν
269 823 370 862 φωνὴν,
403 824 430 850 ἓν
464 825 486 860 ᾧ
513 823 625 858 ἐκλήθη,
658 825 686 851 ἓν
720 823 803 860 τούτῳ
838 822 931 862 ὀφείλει

1008 826 1032 854 ,t.
1051 821 1140 852 debet
1169 831 1302 858 manere,
1334 826 1364 853 et
1379 822 1409 852 in
1426 831 1483 852 una
1497 821 1630 852 Ecclesia
1653 821 1796 852 assidere.

105 865 215 902 μένειν,
252 867 296 894 καὶ
323 866 501 906 προσεδρεύειν
544 869 572 895 ἒν
610 871 658 906 μιᾷ
699 867 853 903 Ἐκκλησία.
899 868 936 896 Τὰ

104 910 164 949 γὰρ
194 909 228 937 δι’
256 911 468 951 αἰσχροκέρδειαν
507 913 633 951 γινόμενα
675 912 718 940 ἐπὶ
745 915 798 940 τῶν
834 912 934 946 ἐκκλη-

105 958 257 983 σιαπικῶν
284 957 457 995 πραγμάτων,
481 956 604 997 ἀλλότρια
632 962 679 986 τοὺ
713 961 777 986 Θεοῦ
803 958 934 991 καθεστή-

105 1009 189 1029 κασι.
213 1001 279 1039 Πρὸς
302 999 329 1027 δὲ
356 1001 404 1034 τὴν
426 1005 472 1029 τοῦ
501 1001 556 1030 Βίου
583 1002 675 1030 τούτου
690 1001 780 1041 χρείαν
796 1001 934 1034 ἐπιτηδεύ-

106 1044 188 1080 ματά
216 1045 263 1072 εἱσι
295 1043 415 1085 διάφορα.
449 1045 492 1077 Ἐξ
522 1046 607 1074 αὐτῶν
633 1046 677 1074 οὖν
699 1045 787 1078 εἴτις
816 1046 936 1084 βούλοιτο

103 1088 146 1115 τὰ
176 1088 292 1128 χρειώδη
325 1095 371 1119 τοῦ
398 1090 519 1126 σώματος
555 1091 710 1131 ποριζέσθω.
744 1086 820 1130 ’Ἔφη
845 1092 894 1130 γὰρ
923 1092 936 1118 ὁ

114 1131 296 1166 Ἀπόστολος.
315 1139 380 1166 Ταῖς
396 1135 497 1174 χρείαις
512 1146 561 1172 μου
575 1136 619 1163 καὶ
645 1142 705 1167 τοῖς
718 1136 776 1163 ιιῦσι
793 1135 851 1173 μετ’
873 1135 937 1173 ἐμοῦ

105 1177 287 1216 ὑπηρέτησαν
302 1180 327 1206 al
343 1179 436 1219 χεῖρες
458 1180 544 1211 αὗται,
563 1180 764 1220 Παρατηρητέον
779 1180 823 1208 οὖν
844 1181 876 1208 τὰ
891 1184 937 1208 τοῦ

978 865 1048 902 Quze
1059 866 1137 896 enim
1149 870 1268 906 propter
1276 871 1359 906 turpe
1370 866 1484 897 lucrum
1496 867 1569 896 ﬁunt
1578 866 1607 896 in
1619 865 1799 901 ecclesiasii-

979 911 1020 941 cis
1037 911 1173 949 negotiis,
1195 920 1228 941 ea
1243 920 1260 941 a
1274 911 1334 941 Deo
1349 911 1531 941 suntaliena.
1546 911 1588 941 Ad
1600 911 1688 950 hujus
1700 915 1798 941 autem

977 955 1043 985 vitae
1059 965 1143 985 usum
1156 960 1224 986 sunt
1247 956 1362 986 diversa
1374 956 1480 986 studia.
1496 955 1534 985 Ex
1549 955 1585 985 iis
1599 963 1680 994 ergo.
1693 954 1717 984 si
1734 954 1800 995 quis

977 1000 1056 1035 velit,
1068 1009 1102 1030 ea
1113 1009 1176 1040 quae
1187 1005 1253 1031 sunt
1261 995 1418 1039 corpori'ad
1428 1009 1512 1030 usum
1524 999 1702 1035 necessariaI
1715 1008 1798 1029 com—

978 1049 1069 1084 paret.
1092 1045 1170 1075 Dixit
1184 1045 1263 1075 enim
1291 1044 1458 1084 Apostolus,
1490 1043 1599 1075 Usibus
1615 1043 1699 1084 meis,
1719 1048 1749 1074 et
1763 1043 1800 1073 iis

978 1089 1027 1128 qui
1045 1098 1160 1120 mecum
1178 1093 1257 1126 sunt,
1274 1088 1573 1120 subministraverunt
1590 1097 1693 1118 manus
1714 1097 1797 1119 meaa.

978 1133 1201 1165 Observandum
1220 1134 1318 1173 igitur,
1336 1138 1366 1164 ut
1382 1134 1430 1164 hic
1443 1142 1538 1164 canon
1553 1132 1710 1163 inviolatus
1726 1142 1800 1164 con-

978 1182 1111 1208 servetur
1127 1187 1134 1209 :
1153 1187 1257 1217 magna
1272 1178 1354 1222 enim
1365 1177 1419 1208 fuit
1435 1178 1521 1216 hujus
1536 1177 1727 1216 contemptio.

103 1221 181 1249 θείου
202 1223 293 1250 τούτου
309 1223 417 1265 κανόνος
438 1225 623 1264 ωντηρεῖσθαι
645 1224 859 1265 ἂπαρεγχείρητα
877 1233 883 1239 “
901 1223 988 1256 πολλὴ
1001 1223 1049 1262 γὰρ
1065 1223 1172 1262 γέγονεν
1187 1225 1263 1252 αὖτοῦ
1277 1223 1482 1262 καταφρόνησις.

152 1265 300 1306 Ἐρώτησις
314 1263 368 1306 κβ’,
402 1267 533 1309 ’Λρχαῐον
561 1269 617 1302 ἔθος
646 1271 681 1302 εἷς
785 1263 837 1298 τῶν
853 1269 933 1298 Ἀλε-

105 1309 239 1350 ξανόρέων
269 1313 398 1351 ἐκράτησε
433 1314 535 1353 χώραν,
564 1315 623 1347 τοὺς
651 1314 827 1346 τελευτῶντας
853 1315 933 1353 ἱερεῖς

105 1355 154 1383 καὶ
176 1356 311 1396 ἀρχιερεῖς
334 1356 376 1385 διὰ
403 1358 476 1397 ἁγίου
509 1359 589 1399 μύρου
618 1359 751 1399 χρίεσθαι,
781 1359 825 1386 καὶ
853 1359 931 1386 ἐντα-

104 1400 246 1439 φιάζεσθαι
263 1410 269 1417 ’
300 1402 343 1429 καὶ
373 1406 503 1441 ζητοῦμεν
534 1405 626 1441 μαθεῖν
651 1404 673 1431 εἰ
695 1403 932 1443 ἀπροκριμάτιστον

101 1444 186 1472 τοῦτό
199 1445 280 1474 ἐστιν.

1017 1267 1221 1306 Interrogatio
1231 1267 1278 1298 22.
1294 1267 1384 1299 Vetus
1394 1266 1579 1297 consuetudo
1588 1266 1617 1297 in
1626 1266 1798 1297 Alexandris

976 1321 1082 1342 norum
1098 1311 1221 1351 regione
1248 1311 1388 1348 obtinuit,
1415 1318 1445 1342 ut
1462 1311 1570 1341 mortui
1585 1311 1756 1342 sacerdotes
1770 1315 1799 1341 et

975 1356 1130 1396 pontiﬁces
1141 1361 1242 1387 sancto
1254 1362 1438 1396 ungerenlur
1447 1360 1609 1395 unguenlo,
1622 1359 1651 1386 et
1662 1355 1701 1386 ila
1712 1365 1797 1396 sepe-

975 1400 1109 1432 lirentur.
1126 1401 1171 1431 An
1200 1400 1271 1432 illud
1298 1405 1381 1431 extra
1396 1399 1598 1440 prwjudicium
1614 1400 1662 1440 sit,
1679 1400 1798 1431 discere

973 1453 1109 1484 cupimus

150 1487 215 1520 Ἀττ.
241 1490 418 1530 Εὒαγγελικόν
442 1493 498 1520 εστι
520 1491 706 1532 παράγγελμα,
737 1490 805 1524 ἅπαξ
833 1492 930 1529 βαπτί-

1013 1489 1080 1522 Res.
1096 1490 1303 1530 Evangelicum
1317 1495 1361 1522 est
1372 1495 1561 1531 preceptum,
1573 1489 1666 1521 semel
1677 1489 1795 1530 eos,qui

105 1536 198 1570 ζεσθαι
223 1535 283 1567 τοὺς
310 1536 501 1568 πιστεύσαντας
529 1538 564 1568 εἷς
593 1538 623 1565 τὸ
651 1536 734 1574 ὄνομα
755 1540 800 1564 τοῦ
830 1537 930 1575 Πατρὸς

107 1581 156 1608 καὶ
178 1584 224 1609 τοῦ
238 1581 296 1608 ἴ·ἱοῦ
310 1581 353 1608 καὶ
367 1584 413 1608 τοὺ
434 1582 509 1620 ἁγίου
539 1582 701 1619 [ἶνεύματος.
734 1581 783 1609 Διά
796 1591 837 1608 τοι
854 1585 931 1609 τοῦτο

260 1619 265 1628 ,
460 1619 464 1620 ,

106 1625 154 1653 καὶ
181 1626 195 1653 ὁ
221 1628 254 1662 μζ
285 1626 371 1653 κανὼν
398 1629 451 1654 τῶν
480 1626 560 1665 ἁγίων
582 1625 737 1655 ἀποστόλων
766 1627 846 1654 ταῦτα
874 1637 928 1665 φη-

105 1681 163 1709 σιν,
194 1668 353 1702 Ἐπίσκοπος
391 1670 408 1704 ἢ
437 1670 608 1710 πρεσϐύτερος
637 1672 682 1699 τὸν
710 1671 777 1699 κατὰ
805 1670 928 1704 ἀλήθειαν

105 1714 207 1754 ἔχοντα
220 1715 356 1752 βάπτισμα
386 1715 429 1743 ὲάν
451 1715 547 1744 ἄνωθεν
575 1717 702 1754 βαπτίσῃ,
726 1716 743 1749 ἢ
768 1716 813 1743 τὸν
843 1726 928 1752 μεμο-

105 1759 237 1796 λυσμένον
258 1760 329 1798 παρά
359 1763 410 1788 τῶν
437 1760 537 1788 ἀσεϐῶν
573 1761 611 1798 μὴ
638 1761 764 1798 βαπτίσῃ.
796 1760 929 1799 καθαιρεί-

105 1807 163 1832 σθω
180 1814 186 1820 ·
217 1805 253 1836 ὡς
288 1804 372 1844 γελῶν
390 1806 445 1835 ,τὸν
473 1806 582 1844 σταυρὸν
609 1805 653 1833 καὶ
691 1806 736 1833 τὸν
763 1809 810 1833 τοῦ
839 1805 929 1844 Κυρίου

105 1849 198 1885 θάναν,
228 1849 275 1876 καὶ
311 1849 349 1886 μὴ
378 1848 514 1889 διακρίνων
544 1850 627 1889 ἱερέας
662 1849 848 1889 ψεῦδοϊερέων,
881 1849 941 1878 Καὶ.

106 1894 121 1920 ὁ
146 1887 186 1926 ιη’
216 1894 302 1921 κανὼν
329 1893 376 1926 τῆς
404 1894 431 1921 ἓν
459 1893 610 1932 Καρθαγένῃ
637 1893 742 1922 συνόδου
777 1897 858 1921 ταῦτα
886 1892 926 1920 δι-

107 1936 217 1973 έξεισιν,
234 1937 296 1966 Ἐὰν
312 1949 351 1969 τις
367 1937 492 1976 κληρικὸς
521 1940 718 1978 χειροτ)νῆται,
742 1937 839 1978 ὀφείλει
866 1939 929 1965 ὑπο-

105 1982 300 2019 μιμνήσκεσθαι
331 1982 390 2014 τοὺς
420 1981 494 2021 ὅρους
522 1982 659 2022 φυλάττειν
675 1991 682 1997 ·
725 1983 768 2010 καὶ
795 1982 841 2010 ’ίνα
870 1989 927 2013 τοῖς

105 2025 213 2063 σώμασι
241 2026 294 2054 τῶν
329 2026 512 2054 ἀποθανόντων
554 2027 707 2067 εὗχαριστία
737 2027 775 2064 μὴ
811 2025 926 2061 διδῶται,

105 2069 175 2108 μηδὲ
202 2070 348 2107 βάπτισμα.
379 2072 409 2099 Οἱ
446 2075 507 2109 γοῦν
543 2070 584 2099 διὰ
612 2072 692 2111 μύρου
721 2072 839 2110 χρίοντες
867 2072 960 2110 τοὺςι)

105 2114 283 2147 τελευτῶντας
307 2117 387 2155 ἱερεῖς
413 2117 455 2143 καὶ
484 2116 632 2156 ἀρχιερεῖς,
662 2116 680 2149 ἢ
716 2116 819 2156 ἐτέρους
855 2116 926 2147 τινὰς

105 2160 150 2188 καὶ
187 2158 269 2191 οἾτως
308 2159 515 2200 ἐνταφιάζοντες,
549 2160 672 2199 μεγὴλης
715 2161 763 2188 εἶσὶ
792 2159 927 2192 κολάσεως

106 2203 199 2236 ἄξιοι·
223 2203 241 2237 ἢ
269 2204 305 2235 ὡς
321 2204 561 2243 καταγινώσκοντες
591 2208 642 2232 τῶν
670 2204 852 2242 βαπτιζόντων
878 2205 926 2243 ὁρ-

105 2247 209 2280 Θοδὸξον
226 2249 330 2287 αὐτοὺς,
346 2248 363 2282 ἢ
377 2250 413 2281 ὡς
429 2249 467 2286 μὴ
488 2249 666 2289 πληροφορίαν
696 2249 804 2289 ἔχοντες
821 2249 924 2284 ὲντελῆ,

104 2300 164 2324 τοῖς
175 2292 318 2331 ὁρθοδόξοις
344 2293 414 2321 εἶναι
429 2294 535 2326 τούτους
551 2294 703 2327 κοινωνοὺς,
719 2295 760 2322 κοὶ
775 2295 825 2333 πρὸ
841 2305 926 2322 κατα-

105 2337 213 2376 κρίσεως
229 2338 440 2378 κατακρίνοντες.

147 2379 290 2420 Ἐρώτησις
332 2377 389 2421 κγ’.
431 2382 622 2422 Λελωϐημένος
669 2383 686 2417 ἣ
735 2382 927 2422 ἑτερόφθαλμος

107 2425 225 2460 ἀξιωθείη
259 2428 361 2465 βαθμοῦ
388 2429 543 2468 ἱερατικοῦ;
573 2429 587 2456 ὁ
618 2429 684 2465 μετὰ
712 2428 762 2462 τὴν
783 2428 925 2467 ἱερωσύνην

106 2471 258 2504 καταπαθῆς
295 2473 420 2512 γεγονὼς,
459 2472 559 2501 ἐσεῖται
602 2473 645 2501 καὶ
681 2473 748 2510 μετὰ
775 2473 808 2500 τὸ
843 2473 925 2504 πάθος

106 2516 253 2555 ἱερουργῶν,
269 2516 287 2550 ἢ
302 2516 330 2544 οὔ
348 2526 356 2556 ς

146 2560 207 2588 Ἀπ.
227 2562 276 2590 Καὶ
297 2560 391 2589 ἄλλοτε
406 2561 519 2600 εἴπομεν
548 2562 600 2590 ἀπὸ
628 2566 673 2591 τοῦ
706 2565 848 2591 Μωσαϊκοῡ
877 2561 924 2589 νό-

108 2615 154 2646 μου
168 2606 231 2646 ’τοὺςΔ
240 2606 370 2638 τοιούτους
400 2606 436 2638 εἰς
458 2608 600 2646 ἱερωσύνην
628 2608 666 2645 μὴ
694 2606 895 2646 προϐιϐἀζεσθαι
916 2612 921 2618 ⁵

107 2645 136 2678 ’0
150 2648 176 2677 δὲ
191 2644 231 2684 οζ¹
245 2651 331 2678 κανὼν
357 2653 409 2678 τῶν
438 2651 518 2690 ἁγίων
540 2652 583 2680 καὶ
604 2653 782 2692 πανευφήμων
806 2650 924 2679 ἀποστό-

107 2692 156 2721 λων
171 2694 251 2722 ταῦτᾶ
266 2706 344 2734 φησιν
363 2702 370 2709 ⁵
388 2694 422 2722 Εἴ
435 2706 475 2727 τις
499 2695 633 2736 ἀνάπηρος
660 2696 677 2734 ᾗ
704 2697 750 2724 τὸν
779 2694 924 2735 ὀφθαλμὸν,

972 1534 1177 1572 crediderunt,
1191 1535 1333 1575 baptizari
1346 1536 1376 1566 in
1390 1536 1510 1566 nomiue
1523 1535 1629 1572 Patris,
1643 1539 1671 1565 et
1683 1534 1795 1570 Filii,et

972 1577 1099 1618 Spiritus
1110 1581 1214 1612 sancti.
1224 1579 1269 1611 Ol)
1281 1589 1344 1611 eam
1357 1590 1419 1610 rem
1432 1584 1461 1611 et
1470 1581 1508 1610 47
1519 1589 1613 1610 canon
1624 1583 1792 1610 sanctorum

970 1624 1171 1663 apostolorum
1186 1625 1247 1655 haec
1261 1625 1375 1664 inquit:
1392 1624 1558 1665 Epzscopus
1570 1624 1613 1654 vel
1628 1623 1791 1665 presbyter,

972 1669 1104 1708 eum,qu
1117 1678 1184 1700 vere
1196 1669 1284 1700 habet
1295 1669 1557 1710 baptismum.side
1567 1669 1681 1707 integro
1694 1668 1792 1709 bapti-

971 1713 1090 1747 zaverit.
1109 1714 1154 1744 vel
1170 1715 1194 1744 si
1209 1723 1287 1750 eum,
1305 1715 1354 1754 qui
1367 1714 1402 1745 ab
1414 1714 1513 1753 impiis
1525 1714 1653 1754 pollutus
1664 1718 1720 1750 est,
1733 1723 1791 1744 non

973 1757 1172 1798 baptizavcrit,
1187 1758 1363 1798 deponatur,
1380 1763 1411 1789 ut
1428 1758 1477 1798 qui
1489 1759 1611 1789 irrideat
1628 1763 1750 1789 mortem
1764 1762 1794 1789 et

971 1811 1089 1832 trucem
1101 1802 1262 1838 Domini,et
1276 1813 1332 1834 non
1344 1803 1493 1834 discernat
1504 1803 1673 1833 sacerdotes
1682 1813 1699 1833 a
1711 1803 1792 1833 falsis

970 1847 1187 1878 sacerdotibus.
1205 1847 1239 1878 Et
1270 1848 1306 1878 18
1334 1857 1428 1878 canon
1445 1847 1548 1887 synodi
1564 1847 1792 1885 Carhaginensis

970 1891 1031 1922 haec
1049 1892 1186 1931 exprimit
1205 1901 1211 1924 :
1229 1893 1259 1923 Si
1282 1893 1348 1932 quis
1369 1892 1495 1922 clerimns
1523 1891 1686 1927 ordinetur,
1704 1891 1794 1922 debet

970 1935 1170 1972 admoneri,ut
1181 1941 1278 1967 servet
1300 1937 1432 1973 decreta;
1444 1940 1474 1966 et
1485 1939 1515 1966 ut
1529 1941 1711 1967 mortuorum
1723 1945 1791 1966 cor-

970 1980 1091 2019 poribus
1103 1980 1286 2011 Eucharistia
1299 1991 1356 2011 non
1369 1981 1465 2016 detur,
1485 1989 1538 2010 nec
1550 1980 1721 2020 liaplismus.
1737 1980 1791 2016 Qui

971 2024 1059 2062 igitur
1073 2030 1224 2064 unguento
1250 2025 1396 2055 delinith
1413 2030 1544 2055 mortuos
1565 2025 1746 2062 sacerdotes,
1763 2029 1793 2055 et

971 2069 1133 2108 pontiﬁces,
1148 2074 1195 2100 aut
1219 2070 1293 2100 alios
1304 2069 1432 2110 quosvis,
1447 2074 1474 2100 et
1495 2069 1538 2099 sic
1547 2069 1707 2109 sepeliunl,
1726 2079 1790 2100 Ina-

969 2122 1024 2152 gna
1039 2118 1106 2144 sunt
1122 2114 1316 2152 castigatione
1331 2114 1424 2152 digni,
1445 2114 1489 2144 vel
1514 2118 1545 2144 ut
1565 2117 1791 2144 contemnentes

969 2158 1159 2194 orthodoxos,
1178 2158 1227 2198 qui
1255 2167 1306 2189 eos
1333 2158 1538 2198 baptizarunt;
1567 2158 1610 2188 vel
1628 2162 1657 2188 ut
1673 2158 1789 2198 plenam

969 2211 1027 2232 non
1044 2202 1187 2233 habentes
1204 2203 1452 2238 testiﬁcationem,
1471 2201 1547 2242 quod
1563 2202 1592 2233 lii
1608 2212 1673 2233 cuni
1685 2203 1789 2233 ortho-

969 2246 1052 2277 doxis
1067 2247 1179 2277 fuerint
1207 2247 1377 2287 participes,
1408 2253 1437 2277 et
1466 2252 1533 2278 ante
1553 2247 1698 2286 judicium
1714 2257 1789 2278 con-

968 2291 1152 2323 demnantes.

1009 2380 1104 2411 Inter.
1122 2381 1172 2412 ‘23.
1191 2381 1311 2412 Mancus
1337 2385 1387 2411 aut
1403 2381 1579 2412 monoculus
1594 2380 1790 2412 hahebilurne

966 2426 1059 2464 grodu
1070 2425 1244 2456 sacerdotali
1255 2425 1376 2463 dignus?
1387 2430 1435 2455 aut
1446 2426 1496 2466 qui
1511 2430 1574 2466 post
1588 2426 1787 2456 sacerdotium

967 2470 1117 2500 mutilatos
1129 2474 1183 2507 est,
1197 2470 1421 2509 permitteturne
1432 2470 1608 2510 postvitium
1620 2470 1789 2502 sacriﬁcare

966 2523 1064 2544 annon
1074 2513 1090 2544 ?

1005 2558 1065 2590 Res
1079 2557 1113 2588 Et
1127 2558 1197 2589 alil-i
1206 2559 1403 2600 diximus,hos
1411 2559 1446 2590 ad
1455 2559 1653 2591 sacerdotium
1664 2558 1788 2590 Mosaica

966 2603 1030 2643 lege
1044 2613 1101 2634 non
1114 2605 1292 2644 promoveri.
1305 2606 1404 2635 Canou
1416 2609 1514 2634 autem
1525 2604 1562 2635 77
1574 2607 1741 2634 sanctorum
1758 2608 1786 2634 et

967 2648 1192 2679 benediclorum
1219 2649 1419 2689 apostolorum
1449 2649 1511 2679 haec
1532 2653 1572 2678 a.t
1589 2659 1595 2677 :
1614 2647 1644 2679 Si
1661 2648 1726 2688 quis
1741 2649 1786 2679 vel

967 2693 1052 2724 oculo
1069 2692 1189 2724 orbatus
1218 2693 1261 2724 vel
1291 2693 1403 2725 femore
1430 2693 1555 2723 oblaesus
1570 2697 1591 2730 τ,
1614 2693 1786 2733 episcopatu

759 2777 886 2812 VARLE
906 2776 1124 2811 LECTIONES.

141 2849 151 2866 θ
165 2844 213 2877 vel
228 2853 315 2878 cruce
331 2845 431 2878 Imus.
