1946 3080
195 95 272 128 1059

881 94 945 126 JUS
965 90 1188 125 CANONICUM

1811 86 1882 120 1060

194 158 346 191 caelestem
358 158 502 193 fecerunt.
518 159 549 190 in
562 161 580 189 7
591 167 706 191 canone
714 157 770 189 sub
782 158 844 189 haec
855 158 892 189 de
901 157 938 190 iis
954 170 1004 191 no-

1088 158 1162 187 νοδον
1201 157 1409 197 οὸρανώσαντες,
1451 157 1479 185 ἄν
1512 151 1538 193 ζ’
1572 156 1662 185 κανόνι
1697 157 1787 185 αὐτῶν
1825 153 1882 182 τάδε

193 203 327 234 minatim
343 203 494 242 eleganter
509 203 712 243 scripserunt:
739 202 806 243 Eos,
831 203 881 243 qui
892 204 921 235 in
933 205 1014 236 clero

191 248 284 280 semel
296 247 425 278 ordinati
437 252 516 288 sunt,
530 252 559 279 et
570 248 673 278 itidem
687 248 848 278 monachos
859 249 1014 280 statuimus

192 302 248 324 nec
262 292 298 324 ad
315 292 472 323 militarem
485 293 716 333 expeditionem,
728 301 782 322 nec
792 292 827 322 ad
840 294 1012 324 saculurem

190 336 364 379 dignitatem
381 345 468 377 posse
493 337 604 367 venire.
635 336 691 373 Qui
719 341 817 366 autem
833 337 888 367 hoc
903 339 1014 370 audent

190 386 221 413 et
235 390 294 412 non
311 381 485 421 paenitentia
498 381 579 412 ducti
594 381 630 412 ad
646 381 676 412 id
705 385 903 419 revertuntur,
934 383 1011 422 quod

191 431 312 467 propter
329 428 422 459 Deum
450 428 532 468 prius
562 428 725 467 elegerant.
757 428 1009 462 anathematizari.

190 471 227 502 Et
241 472 280 502 83
308 482 403 503 canon
432 476 602 503 sanctorum
633 472 833 512 apostolorqu
865 472 929 504 haec
943 474 1008 505 ait:

190 514 365 557 Episcopus,
381 517 426 547 vel
452 516 618 558 presbyter,
635 517 679 547 vel
695 516 848 553 diaconus,
867 518 1010 548 exercitui

191 569 309 597 vacans,
328 567 356 591 et
384 565 507 602 utraque
534 561 672 592 obtinere
700 561 812 600 volens,
844 561 1008 592 Romanum

190 604 303 635 scilicet
319 605 532 643 magistratum,
550 610 579 636 et
593 605 807 636 sacerdotalem
824 607 1012 637 administra-

191 648 313 682 tionem.
327 649 501 689 deponatur.
518 649 589 686 Quae
603 654 671 680 sunt
686 650 765 680 enim
791 651 928 687 Caesaris,
946 652 1011 682 Ca5—

190 693 249 723 sari
263 703 270 733 ;
283 697 385 733 etquae
397 698 463 724 sunt
474 693 538 730 Dei,
561 695 633 725 Deo.
653 693 738 725 Fient
755 694 844 733 igitur
858 695 887 725 in
905 705 1010 726 mona-

191 737 265 776 chis,
284 742 313 768 et
327 738 449 778 reliquis
463 738 537 769 adeo
555 737 631 769 bene
646 748 677 768 se
692 739 875 778 gerentibus,
895 749 929 770 ea
944 749 1010 780 quae

190 781 358 821 hujusmodi
374 783 537 813 canonibus
552 783 674 813 deﬁnita
689 788 767 814 sunt.

1055 204 1142 242 ῥητῶς
1174 203 1232 242 περὶ
1261 203 1361 232 τούτων
1392 201 1635 241 ὲκαλλιγράγησαν,
1667 201 1732 232 Τοὺς
1759 198 1830 232 ἅπαξ
1858 198 1882 225 ὲν

1054 247 1146 287 κλήρῳ
1173 247 1349 286 τεταγμένους
1383 246 1428 275 καί
1466 247 1599 284 μοναστὰς
1639 246 1772 284 ὡρίσαμεν
1815 244 1882 281 μήτε

1055 292 1097 320 ἐπὶ
1119 292 1267 332 στρατείας,
1304 291 1373 329 μήτε
1395 291 1438 319 ἐπὶ
1466 290 1538 323 ἀξίαν
1567 290 1699 328 κοσμικὴν
1729 289 1856 329 ’ἔρχεσθαι
1873 297 1879 304 ·

1055 337 1085 372 ἤ,
1108 340 1185 365 τοῦτο
1211 336 1378 373 τολμῶντας,
1409 336 1453 363 καὶ
1483 335 1523 372 μὴ
1552 333 1783 372 μεταμελομένους
1814 332 1881 360 ὥστε

1054 380 1209 420 ἐπιπρέψαι
1224 380 1266 408 ἐπὶ
1280 383 1357 408 τοῦτο
1382 380 1396 408 ὃ
1422 379 1463 408 διὰ
1485 381 1549 407 Θεὸν
1579 378 1696 418 εἴλοντο,
1719 377 1879 414 ἀναθεματί-

1053 419 1151 460 ζεσθαι.
1190 426 1238 453 Καὶ
1273 426 1287 452 ὁ
1319 419 1367 463 ’κγ’
1408 424 1495 452 κανὼν
1523 427 1576 452 τῶν
1609 423 1690 462 ἁγίων
1723 421 1879 450 ἀποστόλων

1052 475 1133 498 ταυτα
1167 468 1286 501 διέξεισιν
1301 477 1309 484 ·
1354 469 1526 507 Ἐπίσκοπος,
1570 468 1588 502 ἢ
1629 466 1818 506 πρεσϐύτερος,
1862 466 1879 499 ἦ

1051 513 1170 546 διέκονος
1203 513 1324 552 στρατείᾳ
1353 512 1506 552 σχολάζων,
1536 514 1579 541 καὶ
1607 512 1768 551 βουλόμενος
1790 511 1875 551 ἀμερεῖ-

1051 569 1112 592 τερα
1153 558 1289 598 κατέχειν,
1335 553 1488 595 Ῥωμαϊκὴν
1524 558 1612 598 ἀρχὴν
1652 557 1700 585 καὶ
1744 556 1878 595 ἱερατικὴν

1052 602 1195 643 διακονίαν,
1219 602 1399 642 καθαιρείσθω.
1436 603 1474 631 Τὰ
1507 604 1557 642 γὰρ
1579 602 1709 640 Καίσαρος
1742 602 1853 639 Καίσαρι
1870 608 1876 614 ·

1052 648 1148 676 καὶτὰ
1175 651 1220 675 τοῦ
1249 650 1325 684 Θεοῦ,
1348 650 1386 684 τῷ
1409 651 1478 684 Θεῷ.
1501 648 1643 682 Γενήσεται
1671 646 1714 674 οὖν
1740 646 1784 673 ἐπὶ
1820 645 1877 676 τοῖς

1053 691 1122 720 οὕτω
1141 691 1230 724 καλῶς
1254 691 1469 728 πολιτευομένοις
1497 697 1632 731 μοναχοτς
1654 701 1683 718 τε
1711 691 1756 718 καὶ
1771 690 1877 720 λοιποῖς

1051 737 1084 764 τὰ
1099 736 1126 764 ἐν
1137 736 1340 776 τοϊςιτοιούτοις
1352 736 1444 764 κανόσι
1460 735 1629 775 διωρισμένα,

229 820 322 857 Inter.
340 827 390 857 2'1.
409 827 554 867 Conjuges
570 827 721 858 communi
736 828 809 858 forte
824 837 971 859 consensu
981 833 1004 859 el

1092 824 1237 865 Ἐρώτησις
1259 820 1311 861 κζ’.
1343 821 1482 864 ι(.)μι⁴ίξυγοι
1504 825 1571 853 κατὰ
1593 825 1685 852 κοινὴν
1706 824 1875 868 τάχαγψυχ-

191 870 297 910 placito
313 871 420 902 animm
431 872 623 907 conducibili,
636 873 828 903 monasticam
841 873 927 903 vitam
946 873 1004 904 ele-

1088 870 1143 904 ωελῆ
1157 870 1263 904 θέλησιν
1277 871 1321 898 καὶ
1336 870 1473 910 ἀρέσκειαν
1487 871 1532 899 τὸν
1547 871 1651 908 μονήρη
1668 869 1724 907 βίον
1739 867 1876 900 ἐπελέξαν-

190 921 307 954 gerunt.
319 915 393 952 Quia
403 921 500 947 autem
513 926 616 947 rursus
627 916 656 947 in
679 917 782 948 eadem
801 918 891 948 domo
907 922 1006 957 agunt.

190 959 296 990 eodem
313 960 400 998 victu,
432 961 596 1001 eademque
622 971 724 993 mensa
749 966 875 1001 utentes,
892 962 1008 993 discere

189 1003 277 1034 velim
294 1004 365 1045 quid
381 1005 547 1036 faciendum
563 1006 611 1036 sit.

230 1047 298 1080 Res.
309 1048 885 1082 Divinicanonessanctasetmcumenicae
892 1051 1007 1092 synodi,

187 1097 296 1123 coactae
310 1093 340 1123 in
358 1093 467 1133 templo
483 1099 652 1124 sanctorum
677 1096 887 1135 apostolorum,
905 1095 1008 1136 appel-

188 1137 273 1168 lauet
291 1144 320 1168 et
332 1139 361 1175 2,
376 1137 539 1169 deﬁniunt:
568 1142 703 1170 tonsuras
729 1140 758 1170 in
772 1140 950 1170 monasteria
966 1141 1008 1171 sic

188 1181 264 1219 ﬁeri,
279 1191 317 1213 ne
329 1183 461 1213 recusari
474 1183 596 1223 possint,
609 1187 637 1213 et
646 1184 858 1215 conventiones
867 1189 879 1201 ¹¹
891 1193 1005 1225 eorum,

187 1226 237 1266 qui
249 1226 421 1264 tondentur,
434 1236 451 1258 a
462 1227 688 1267 ﬁdeiussoribm
698 1228 820 1268 suscipi.
847 1228 903 1264 Qui
920 1229 1008 1267 igitur

187 1271 364 1310 nondegunt
381 1271 411 1301 in
421 1272 618 1309 monasteriis,
632 1272 661 1302 in
673 1273 781 1313 quabus
792 1272 893 1303 habitu
909 1277 1007 1304 muta-

186 1319 265 1353 runt,
283 1320 311 1346 et
327 1315 405 1346 tonsi
420 1319 501 1356 sunt,
517 1316 570 1347 sed
587 1317 617 1347 in
634 1317 792 1348 mundanis
808 1317 980 1348 diversoriis
998 1329 1005 1356 ;

185 1360 402 1399 compellentur
414 1369 430 1390 a
444 1360 608 1392 diaeccseos
624 1362 775 1402 episcopo,
801 1371 868 1393 cum
885 1371 1005 1393 excom-

187 1404 388 1435 municatione
404 1409 433 1435 et
447 1405 651 1437 acerbissimis
676 1406 771 1446 poenis
799 1406 898 1437 redire
914 1406 1003 1443 bene,

184 1447 264 1479 unde
280 1449 356 1479 male
369 1449 514 1480 exierunt.

225 1537 320 1568 Inter.
335 1537 386 1569 28.
397 1536 563 1579 Pontiﬁces,
577 1539 624 1578 qui
636 1538 787 1576 diaconos,
801 1540 845 1570 vel
853 1540 1004 1579 {sacerdo-

185 1587 230 1612 tes
246 1581 393 1620 ordinant,
409 1582 480 1614 item
496 1583 545 1624 qui
562 1583 754 1622 perdivinum
769 1584 914 1615 lavacrum
932 1595 1006 1625 pue-

185 1635 234 1656 ros
249 1627 492 1664 orthodoxorum,
507 1632 557 1658 aut
567 1628 681 1668 aliquos
700 1628 857 1660 haereticos
870 1630 1004 1660 sanctiﬁ-

185 1673 272 1706 cant;
305 1671 414 1710 pariter
443 1672 493 1711 qui
518 1672 667 1712 aliquibus
697 1672 865 1703 ministrant
891 1674 1004 1706 divinas

183 1715 443 1756 sanctiﬁcationes,
460 1717 484 1746 si
497 1716 526 1746 in
535 1716 644 1746 laboris
656 1717 810 1756 praemium
822 1720 1004 1750 nummarias

184 1760 297 1800 aliquas
312 1768 441 1790 summas
457 1760 492 1791 ab
521 1760 558 1791 iis
587 1761 719 1801 exigant,
743 1766 864 1793 rectene
879 1762 1001 1802 faciunt,

183 1813 282 1835 annon
297 1803 312 1833 ?

224 1849 290 1879 Res.
318 1848 434 1885 Milites,
463 1849 571 1891 inquit,
604 1850 731 1889 propriis
761 1851 915 1892 stipendiis
944 1863 1002 1884 non

183 1894 312 1925 aluntur.
335 1893 370 1923 Et
388 1903 441 1934 per
456 1896 559 1925 Mosen
582 1895 656 1925 dixit
670 1894 759 1933 Deus,
777 1896 840 1926 Non
861 1899 1003 1928 constrin-

183 1949 234 1979 ges
249 1950 282 1971 os
311 1939 377 1970 bovi
405 1939 562 1969 trituranli.
595 1938 626 1970 Si
649 1939 738 1979 igitur
753 1950 806 1980 per
822 1942 1002 1973 mediocrem

184 1984 334 2015 dationem
349 1983 489 2023 aliquam,
506 1987 535 2013 et
549 1983 672 2015 arbitrio
701 1985 840 2023 ordinati,
859 1986 902 2016 vel
918 1987 1004 2017 aliter

181 2029 368 2068 sanctiﬁcati,
385 2027 523 2058 solatium
538 2028 674 2068 accipere
685 2034 820 2068 quaerunt
832 2031 1002 2062 sacerdotes

183 2077 212 2103 et
229 2073 394 2113 pontiﬁces,
410 2072 460 2111 qui
470 2071 662 2103 ordinantvel
675 2073 835 2114 baptizanl,
848 2074 922 2105 nihil
933 2076 1002 2106 mali

180 2119 301 2151 faciunt.
314 2117 387 2148 Nam
399 2117 532 2147 solemne
549 2120 593 2147 est
608 2127 661 2157 per
675 2119 932 2158 consuetudinem,
950 2129 1001 2150 or-

181 2163 319 2194 dinantes
333 2161 471 2201 accipere
494 2161 644 2192 solatium.
676 2161 761 2198 Quod
788 2164 812 2193 si
831 2163 1002 2202 huiusmodi

181 2207 281 2239 solitas
297 2205 514 2237 muniﬁcentias
540 2215 600 2236 non
630 2207 793 2247 requirant,
821 2208 874 2238 sed
891 2208 1002 2248 majora

181 2251 270 2288 dona,
289 2255 318 2282 et
333 2259 398 2291 quae
413 2250 541 2280 ordinati
556 2250 710 2281 facultates
721 2256 926 2291 coanguslent,
942 2262 1001 2284 non

182 2300 293 2327 tantum
303 2305 362 2326 non
378 2294 586 2332 exaudientur,
603 2295 655 2325 sed
671 2299 700 2326 et
712 2295 891 2335 depositioni
905 2296 1000 2337 subji-

179 2340 305 2372 cientur.
335 2340 384 2370 Ait
407 2338 486 2370 enim
501 2339 521 2370 2
535 2348 630 2370 canon
645 2344 754 2370 sanctae
767 2344 797 2370 et
810 2343 1002 2372 tecumenicae

180 2385 301 2425 synodi:
319 2384 350 2416 Si
366 2383 433 2424 quis
447 2383 606 2423 episcopus
622 2389 745 2424 propter
760 2385 900 2424 pecunias
915 2386 1001 2417 ordi-

180 2430 329 2461 nationem
345 2427 460 2466 fecerit,
477 2432 506 2458 et
520 2438 579 2459 non
595 2429 729 2459 venalem
744 2429 868 2468 gratiam
884 2431 914 2460 in
930 2439 1001 2462 ven-

179 2474 321 2505 ditionem
338 2473 506 2509 deduxerit,
524 2476 552 2504 et
562 2477 684 2513 propter
694 2474 834 2514 pecunias
847 2474 998 2507 ordinave-

177 2519 216 2549 rit
226 2518 460 2559 episcopum,vel
474 2517 779 2558 chorepiscopum,vel
785 2519 1001 2559 presbyterum,

180 2563 228 2593 vel
243 2563 413 2601 diaconum,
430 2562 475 2592 vel
490 2561 619 2602 aliquem
637 2572 752 2602 eorum,
783 2564 833 2604 qui
862 2564 892 2594 in
922 2564 1001 2596 clero

177 2611 424 2645 annumerantur,
445 2607 489 2637 vel
517 2611 637 2647 propter
661 2607 804 2648 pecunias
821 2609 1002 2647 promoverit

178 2660 379 2689 (economum,
394 2651 440 2683 vel
456 2651 656 2693 defensorem,
681 2652 725 2682 vel
750 2653 999 2695 paramonarium,

1051 925 1080 942 το
1097 923 1104 929 ”
1128 914 1168 942 ὅτι
1190 914 1217 942 δὲ
1238 916 1281 943 καὶ
1294 915 1366 947 foot;
1381 914 1407 942 έν
1425 918 1473 952 μιᾷ
1495 915 1615 950 κατοικία
1642 913 1790 952 διάγουσιν,
1814 914 1876 949 ὁμο-

1049 958 1139 987 δίαιτοι
1154 959 1259 991 πάντως
1273 958 1344 991 ὄντες
1358 960 1402 987 καὶ
1417 959 1604 998 ὁμοτράπεζοι¹
1620 961 1692 993 ζητῶ
1707 959 1737 985 τὸ
1749 956 1873 990 ποιητέον

1049 1003 1092 1031 ἐπὶ
1106 1004 1206 1035 τούτοις
1221 1005 1326 1041 μαθεῖν,

1091 1047 1153 1079 Ἀττ.
1170 1048 1200 1076 Οἱ
1214 1049 1281 1076 θεῖοι
1309 1051 1417 1080 κανόνες
1432 1051 1481 1081 τῆς
1511 1050 1538 1076 ἒν
1563 1050 1602 1084 τῷ
1629 1048 1683 1083 ναῷ
1714 1049 1764 1074 τῶν
1794 1046 1875 1086 ἁγίων

1050 1091 1204 1120 ἀποστόλων
1238 1093 1370 1126 συστάσης
1412 1093 1487 1132 ἁγίας
1525 1092 1569 1120 καὶ
1599 1092 1784 1128 οἱκουμενικῆς
1811 1101 1876 1118 συν-

1049 1136 1118 1174 όδου,
1135 1137 1183 1170 τῆς
1209 1136 1356 1175 λεγομένης
1385 1132 1413 1165 α’
1439 1138 1483 1165 καὶ
1507 1132 1546 1175 β’,
1571 1136 1726 1175 διορίζονται
1752 1136 1822 1164 κατὰ
1846 1137 1877 1162 τὸ

1048 1181 1225 1221 ἀπαραίτητον
1266 1183 1302 1213 εἰς
1343 1183 1508 1221 μοναστήρια
1545 1182 1590 1214 τὰς
1632 1181 1794 1220 ἀποκάρσει)
1830 1180 1874 1218 γί-

1048 1227 1146 1263 νεσθαι,
1174 1227 1218 1254 καὶ
1246 1227 1296 1254 ὑπὸ
1324 1226 1463 1267 ἆναδόχων
1484 1228 1532 1258 τὰς
1561 1227 1690 1261 συνθήκας
1727 1229 1779 1253 τῶν
1802 1225 1873 1252 ἀπο-

1047 1270 1205 1310 κειρομένων
1232 1270 1366 1311 δέχεσθαι.
1397 1273 1427 1300 Οἱ
1455 1274 1517 1310 γοῦν
1546 1272 1585 1309 μὴ
1610 1269 1745 1310 διάγοντες
1774 1271 1810 1302 εὶς
1841 1270 1872 1297 τὰ

1047 1316 1210 1354 μοναστήρια
1239 1316 1276 1347 είς
1314 1316 1330 1343 ἃ
1369 1316 1655 1356 μετεσχηματίσθησαν
1693 1317 1737 1344 καὶ
1766 1315 1870 1343 ἀπεκα-

1046 1370 1141 1399 ρησαν,
1185 1359 1244 1388 ἀλλ’
1280 1361 1316 1392 εἰς
1352 1362 1467 1398 κοσμικὰ
1494 1361 1661 1400 καταγώγια,
1698 1371 1870 1399 καταναγκα·

1046 1405 1186 1438 σθήσονται
1234 1405 1305 1440 παρὰ
1354 1409 1400 1434 τοῦ
1443 1405 1573 1444 ἐγχωρίου
1616 1405 1761 1433 ἐπισκόπου
1804 1405 1871 1441 μετὰ

1046 1447 1190 1486 ἀφορισμοῦ
1229 1449 1274 1476 καὶ
1309 1447 1471 1487 δριμυτάτων
1522 1449 1660 1486 ἐπιτιμίων
1705 1448 1869 1487 ὑποστρέψαι

1048 1491 1135 1524 καλῶς
1158 1491 1216 1520 ὅθεν
1238 1491 1346 1525 ἐξῆλθον
1368 1496 1469 1524 κακῶς,

1089 1535 1233 1576 Ἐρώτησις
1258 1532 1314 1570 κη’,
1345 1539 1374 1566 Οἱ
1402 1542 1615 1578 χειροτονοῦντες
1642 1539 1780 1579 ἀρχιερεῖς
1809 1538 1869 1566 δια-

1046 1580 1138 1612 κόνους
1160 1583 1203 1609 καὶ
1232 1583 1324 1621 ἱερεῖς,
1346 1581 1414 1611 ἀλλὰ
1449 1583 1503 1620 μὴν
1536 1584 1579 1611 καὶ
1614 1585 1638 1612 οἱ
1659 1584 1701 1612 δια
1729 1584 1775 1612 τοῦ
1802 1584 1870 1612 θείου

1046 1624 1227 1663 βαπτίσματος
1256 1625 1354 1658 παῖδας
1383 1626 1523 1666 ὁρθοδόξων
1557 1628 1720 1667 ἀγιάζοντες,
1765 1628 1784 1662 ἢ
1826 1628 1870 1656 καί

1046 1680 1117 1702 νινας
1143 1671 1310 1709 αἱρετικούς·
1342 1672 1465 1703 ὡσαύτως
1491 1672 1535 1699 καὶ
1569 1674 1591 1700 οἱ
1615 1671 1797 1710 μεταδιδόντες
1832 1683 1871 1700 τι·

1043 1714 1088 1745 νας
1103 1717 1155 1741 τῶν
1176 1714 1250 1742 θείων
1272 1715 1456 1754 ἁγιασμάτων,
1483 1716 1528 1744 ἐὰν
1549 1716 1695 1745 ἀπαιτῶσιν
1731 1716 1757 1749 ἐξ
1784 1719 1870 1745 αὐτῶν

1043 1758 1122 1796 χάριν
1148 1759 1232 1786 κόπου
1260 1760 1360 1787 τούτων
1387 1761 1538 1793 ποσότητας
1559 1771 1630 1792 τινας
1659 1762 1868 1799 νομισματικὰς,

1042 1801 1130 1834 καλῶς
1145 1807 1275 1841 ποιοῦσιν,
1293 1804 1310 1838 ἢ
1326 1803 1354 1832 οῧ
1373 1814 1381 1844 ς

1086 1847 1252 1886 Ἀπόκρισις,
1282 1850 1311 1877 Οἱ
1341 1853 1511 1888 στρατιῶται,
1549 1851 1638 1890 φησὶν,
1673 1850 1747 1883 ἰδίοις
1789 1852 1869 1888 ὀψω-

1044 1894 1106 1925 νίοις
1134 1896 1181 1923 οὒκ
1211 1894 1408 1934 ἀνατρέφονται,
1447 1897 1495 1923 Καὶ
1522 1894 1564 1923 διὰ
1598 1896 1713 1928 Μωσέως
1745 1897 1824 1924 εἶπεν
1855 1898 1869 1924 ὁ

1044 1939 1121 1978 Θεὸς,
1144 1940 1180 1968 Οὐ
1195 1939 1322 1978 φιμώσεις
1338 1940 1398 1977 βοῦν
1413 1939 1544 1970 ἀλοῶντα.
1574 1941 1603 1968 Εἰ
1618 1944 1679 1980 γοῦν
1696 1940 1738 1969 διὰ
1759 1942 1868 1981 μετρίας

1043 1984 1113 2015 τινὸς
1142 1982 1250 2020 δόσεως,
1280 1985 1324 2013 καὶ
1347 1987 1380 2022 τῇ
1411 1985 1560 2024 προαιρέσει
1585 1990 1629 2013 τοῦ
1658 1986 1868 2026 χειροτονουμέ-

1043 2038 1098 2067 νου,
1121 2027 1139 2061 ἢ
1168 2027 1256 2059 ἄλλως
1282 2029 1467 2069 ἁγιαζομένου,
1496 2032 1714 2070 παρηγορηθῆναι
1743 2035 1869 2066 ζητοῦσιν

1043 2073 1065 2099 οἱ
1082 2077 1292 2111 χειροτονοῦντες
1321 2073 1339 2106 ἢ
1358 2073 1538 2111 βαπτίζοντες.
1570 2072 1662 2114 Ἱερεῖς
1690 2086 1719 2103 τε
1746 2077 1791 2103 καὶ
1817 2076 1867 2115 ἀρ-

1044 2123 1160 2156 χιερεῖς,
1177 2116 1249 2146 οὐδέν
1271 2127 1296 2144 τι
1325 2121 1430 2146 ποιοῦσι
1461 2120 1542 2147 κακόν
1571 2120 1731 2157 Νενόμισται
1753 2120 1804 2159 γὰρ
1827 2119 1869 2149 διὰ

1043 2161 1181 2196 συνήθειαν
1217 2164 1424 2201 παρηγορεῖσθαι
1469 2164 1530 2195 τοὺς
1565 2169 1794 2204 χειροτονοῦντας.
1839 2167 1868 2193 Εἰ

1043 2204 1070 2233 δὲ
1099 2206 1224 2237 ταιαύτας
1260 2206 1308 2243 μὲν
1346 2207 1465 2241 συνήθεις
1506 2207 1625 2247 εὐλογίας
1666 2209 1696 2236 οὒ
1729 2213 1864 2247 ζητοῦσιν,

1043 2249 1110 2278 ἀλλὰ
1125 2249 1225 2287 δόματα
1250 2251 1360 2290 σθεναρὰ
1386 2252 1431 2279 καὶ
1455 2253 1504 2286 τὴν
1532 2253 1611 2292 ἰσχὺν
1631 2258 1677 2283 τοῦ
1698 2264 1865 2294 χειροτονου-

1043 2294 1122 2332 μένου
1149 2299 1376 2334 στενοχωροῦντα,
1413 2297 1443 2324 οὐ
1483 2296 1564 2334 μόνον
1606 2298 1653 2326 οὒκ
1689 2300 1865 2334 εἰσακουσθή-

1042 2349 1143 2378 σονται,
1179 2338 1246 2367 ἀλλὰ
1281 2340 1324 2367 καὶ
1346 2339 1492 2379 καθαιρέσει
1524 2340 1765 2378 ὑποϐληθήσονιαι.
1795 2345 1865 2377 Φησὶ

1041 2383 1090 2422 γὰρ
1118 2384 1132 2410 6
1159 2383 1175 2421 β
1212 2384 1300 2412 κανὼν
1326 2385 1375 2417 τῆς
1403 2385 1479 2424 ἁγίας
1517 2387 1561 2413 καὶ
1587 2387 1772 2424 οἱκοομενικῆς
1802 2400 1864 2416 συν-

1041 2426 1110 2458 όδου.
1133 2427 1168 2455 Ei.’
1188 2439 1228 2460 τις
1243 2428 1385 2461 ἐπίσκοπος
1401 2429 1443 2458 ἐπὶ
1465 2431 1586 2470 χρήμασι
1603 2433 1770 2471 χειροτονίαν
1785 2434 1863 2468 ποιή-

1040 2482 1092 2509 σει,
1107 2473 1150 2500 καὶ
1164 2473 1200 2503 εἰς
1229 2473 1323 2512 πράσιν
1344 2475 1452 2514 κατάγει
1473 2475 1522 2509 τὴν
1551 2475 1666 2515 ἄπρατον
1696 2477 1789 2517 χάριν,
1820 2480 1863 2506 καὶ

1043 2518 1225 2556 χειροτονήσει
1247 2518 1290 2545 ἐπὶ
1318 2520 1455 2558 χρήμασιν
1483 2519 1638 2558 ἐπίσκοπον,
1673 2522 1692 2555 ἢ
1712 2521 1860 2561 πρεσϐύτε-

1042 2572 1096 2601 ρον,
1114 2561 1132 2595 ἢ
1147 2560 1276 2600 διάκονον,
1299 2563 1317 2597 ἣ
1341 2565 1556 2605 χωρεπίσκοπον,
1579 2565 1597 2599 ἢ
1617 2565 1704 2606 ἕτερόν
1735 2560 1795 2595 τινα
1809 2571 1861 2595 τὼν

1041 2607 1068 2634 ἐν
1096 2609 1134 2643 τῷ
1161 2605 1252 2645 κλήρῳ
1280 2609 1530 2648 κατηριθμημένων,
1573 2611 1590 2644 ἢ
1624 2610 1784 2650 προϐάλοιτο
1819 2612 1862 2640 ἐπὶ

1041 2651 1178 2691 χρήμασιν
1200 2652 1348 2693 οἰκονόμον,
1376 2653 1394 2687 ἢ
1431 2653 1542 2693 ἔκδικον,
1572 2655 1589 2689 ἢ
1611 2656 1816 2695 προσμονάριον,
1843 2657 1862 2691 ἢ

834 2728 963 2761 VARl/E
988 2730 1200 2765 LECTIONES.

213 2797 230 2816 ι
239 2793 425 2834 sponsiones.
