1946 3080
89 101 174 134 1061

760 99 1118 135 GRIECO-ROMANUM.

1711 96 1793 130 4062

89 166 186 200 ἄλλως
201 167 259 196 τινὰ
272 171 318 197 τοῦ
345 168 455 199 κανόνος
483 166 517 196 δι’
543 167 769 209 αἰσχροκέρδειαν,
801 169 814 196 ὁ
835 168 918 205 τούτῳ

1001 166 1144 197 lomniuo
1170 166 1300 207 aliquem
1330 175 1366 197 ex
1398 175 1524 207 canone,
1548 165 1643 206 turpis
1657 171 1770 207 questu

90 211 284 252 ἐπιχειρήσας,
309 212 444 253 ἐλεγχθεὶς
465 211 635 241 κινδυνευέτω
660 213 720 252 περὶ
748 214 794 240 τὸν
823 213 920 240 οὶκεῖον

88 256 208 294 βαθμὸν,
235 257 283 285 Καὶ
311 258 326 286 ὁ
357 258 602 297 χειροτονούμενος,
626 255 709 295 μηδὲν
739 257 769 285 ἐκ
790 257 838 290 τῆς
862 255 922 284 κατ’

90 299 224 340 ἐμπορίαν
245 300 397 341 ὠςρελείσθω
419 302 609 342 χειροτονείας,
638 302 656 335 ἢ
679 300 812 340 προϐολῆς
832 309 839 316 “
862 300 921 329 ἀλλ’

91 344 168 374 ἔστω
189 345 326 386 ἀλλότριος
353 349 401 380 τῆς
430 346 500 379 ἀξίας
529 346 548 380 ἢ
577 349 623 374 τοῦ
649 347 853 386 φροντισμάτος,
880 346 922 374 οὖ-

88 400 147 430 περ
162 390 204 418 ἐπὶ
225 391 362 431 χρήμασιν
392 391 497 431 ἔτυχεν,
522 392 550 420 Εἰ
572 390 599 418 δέ
613 402 654 423 τις
669 391 814 428 μεσιτεύων
829 390 921 430 φανείη

90 441 156 467 τοῖς
183 435 266 467 οὕτως
301 436 437 475 αἰσχροῖς,
474 437 518 464 καὶ
553 435 685 473 ἀθεμίτοις
715 434 850 472 λήμμασι,
878 435 923 463 καὶ

89 478 183 515 οὗτος,
208 480 229 506 εἰ
258 480 306 517 μὲν
334 479 458 518 κληρικὸς
486 480 543 514 εἴη,
573 484 620 508 τοῦ
650 480 745 508 οἰκείου
774 479 924 507 ἑκπιπτέτω

89 523 198 561 βαθμοῦ
216 533 222 541 ’
254 525 276 552 εὶ
304 523 331 552 δὲ
360 524 455 557 λαϊκὸς
484 524 502 559 ἢ
531 525 574 552 καὶ
589 523 924 564 μονάζων,ἆναοεματιζέσ

89 569 162 595 σθω⁶
192 568 241 597 Καὶ
269 569 282 596 ὁ
304 563 350 607 κγ’
369 570 455 599 κανὼν
483 570 532 602 τῆς
563 568 590 596 ἒν
612 572 649 605 τῷ
674 567 797 606 Τρούλλῳ
811 571 857 595 τοῦ
871 579 923 599 με-

91 611 181 650 γάλου
208 612 336 640 παλατίου
378 614 510 646 συστάσης
553 613 627 652 ἁγίας
662 614 705 640 καὶ
740 612 922 649 οἷκουμενικῆς

93 655 206 684 συνόδου
235 662 315 685 ταῦτα
350 656 454 689 διέξεισι
481 658 607 697 περὶτοῦ
633 657 739 690 Μηδένα
767 657 921 693 ἐπίσκοπον,

92 700 154 728 εἴτε
177 700 361 740 πρεσϐύτερον,
384 701 439 729 εἴτε
468 701 599 738 διάκονον,
628 703 676 734 τῆς
712 702 845 741 ἁχράντου
877 712 923 738 με-

89 743 233 773 ταδιδόντα
255 747 401 782 κοινωνίας,
426 747 497 786 παρὰ
524 751 571 774 τού
604 746 766 786 μετέχοντος
796 746 922 784 εἰσπράτ-

87 799 160 825 τειν,
204 792 253 822 τῆς
295 791 418 824 τοιαύτης
446 790 625 828 μεταλ-νίψεως
653 791 744 830 χάριν,
775 789 880 829 ὀϐολὸν,
904 791 920 824 ἢ

962 211 1068 250 gratia.
1086 211 1135 252 qui
1151 211 1207 242 hoc
1223 215 1352 242 tentasse
1367 211 1519 242 convictus
1541 210 1640 248 fuerit,
1657 211 1695 242 de
1721 220 1788 252 pro-

963 255 1029 296 prio
1039 255 1173 294 graduin
1196 255 1362 295 periculum
1383 255 1493 293 veniat;
1511 259 1539 286 et
1551 255 1600 296 qui
1613 259 1657 286 est
1668 255 1788 287 ordina-

964 303 1024 337 tus,
1042 308 1075 329 ex
1103 299 1290 330 ordinatione
1317 299 1362 329 vel
1391 300 1588 339 promotione,
1620 308 1685 338 quae
1698 299 1792 331 instar

965 348 1161 374 mercatorum
1176 343 1374 380 venundatur,
1400 343 1477 375 nihil
1506 344 1637 383 juvetur,
1653 345 1705 375 sed
1721 344 1759 375 sit
1773 355 1791 376 a

965 387 1108 426 dignitate
1137 388 1183 420 vel
1209 387 1362 419 curatione
1389 387 1514 425 alienus,
1539 397 1627 428 quam
1657 389 1790 429 pecuniis

964 433 1091 473 adeptus
1107 437 1161 463 est.
1180 433 1211 463 Si
1230 432 1297 472 quis
1316 436 1414 462 autem
1430 436 1585 472 sequester
1600 437 1629 462 et
1643 433 1789 464 interces-

965 486 1015 507 sor
1029 486 1046 508 a
1060 477 1116 508 deo
1147 476 1282 517 turpibus
1307 480 1336 506 et
1365 476 1485 507 nefariis
1500 476 1590 507 lucris
1605 478 1785 519 apparuerit,

965 521 1014 551 hic
1030 531 1159 562 quoque,
1180 522 1204 551 si
1224 521 1262 551 sit
1280 520 1401 560 quidem
1418 521 1557 558 clericus,
1569 521 1687 561 proprio
1698 523 1789 562 gradu

965 566 1102 602 excidat;
1125 567 1148 596 si
1165 566 1202 596 sit
1217 570 1313 595 autem
1341 565 1444 603 laicus,
1463 566 1507 596 vel
1525 566 1696 603 monachus,
1714 576 1786 597 ana-

967 610 1184 642 thematizetur.
1201 609 1236 640 Et
1252 609 1291 640 23
1311 619 1405 640 canon
1433 615 1541 640 sancta?
1556 613 1584 640 et
1600 611 1789 642 oecumenica:

965 654 1069 695 synodi
1085 654 1115 684 in
1131 653 1232 684 Trullo
1250 653 1346 692 magni
1363 654 1464 694 palatii
1490 658 1592 684 coacte
1611 654 1672 685 haec
1689 665 1788 695 perse-

964 699 1083 739 quitur:
1097 697 1133 730 Ut
1150 698 1258 735 nullus,
1279 698 1340 728 sive
1365 698 1535 738 episcopus,
1547 697 1608 728 sive
1623 699 1786 739 presbyter,

962 743 1026 774 sive
1037 743 1180 774 diaconus
1190 767 1197 779 ,
1218 742 1438 773 inzmucilatam
1452 741 1586 782 prwbens
1601 744 1787 774 communio-

963 797 1043 824 nem,
1063 787 1100 818 ab
1113 798 1158 823 eo,
1176 788 1226 827 qui
1239 787 1449 823 communicat,
1475 788 1540 826 ejus
1556 787 1788 828 participationis

90 832 168 865 εἶδος
184 834 214 861 τὸ
240 835 349 864 οἱονοῦν.
378 834 442 863 Οὐδὲ
471 836 521 875 γὰρ
546 836 701 874 πεπραμένη
730 835 799 862 ἐστὶν
829 835 846 868 ἢ
862 835 918 874 χά-

1001 833 1065 868 alia,
1084 832 1198 868 obolos,
1216 834 1258 861 \el
1275 831 1411 871 quamvis
1433 831 1519 862 aliam
1535 831 1666 870 speciem
1679 832 1785 872 exigat.

91 889 163 918 ρις,,
194 878 251 906 οὐδὲ
273 880 394 919 χρήμασι
424 881 469 907 τὸν
491 881 622 918 ἁγιασμὸν
650 885 696 909 τοῦ
710 880 858 917 πνεύματος
874 890 921 916 με-

89 921 263 963 ταδιδόαμεν,
300 923 367 951 ἄλλα
401 931 459 956 τοῖς
488 924 568 957 ἀξίοις
604 928 650 953 τοῦ
675 923 757 963 δώρου
786 924 919 963 ἆπανουρ-

92 967 197 1005 γεύτως
213 967 383 1005 μεταδοτέον.
414 969 442 996 Εἰ
471 967 498 996 δὲ
526 969 620 1008 φανείη
642 979 681 1000 τις
696 970 748 997 τῶν
763 968 789 996 ἐν
804 971 842 1005 τῷ
855 967 921 1002 XM,-

92 1022 134 1050 ρῳ
175 1011 398 1051 κατειλειγμένων
447 1013 566 1041 ἀπαιτῶν
607 1015 630 1051 ᾦ
672 1012 827 1050 μεταδίδωσι
870 1015 919 1046 τῆς

92 1056 232 1096 ἆχράντου
263 1058 401 1090 κοινωνίας
431 1059 461 1086 τὸ
492 1060 589 1089 οἷονοῡν
618 1058 700 1099 εἶδος,
736 1058 918 1096 καθαιρείσθω,

91 1102 133 1133 ὡς
155 1101 202 1135 τῆς
238 1105 283 1130 τοῦ
319 1102 438 1140 Σίμωνος
470 1102 594 1139 ζηλωτὴς
621 1102 724 1136 πλάνης
746 1103 788 1131 καὶ
804 1113 919 1142 κακουρ-

91 1146 170 1184 γίας.

136 1189 285 1230 Ἐρώτησις
300 1186 351 1221 κθ’.
381 1193 412 1220 οἱ
433 1191 493 1220 κατ’
521 1191 662 1231 ἐπίγνωσιν
689 1192 775 1225 ἀληοἦ
790 1192 855 1230 πρὸς
871 1191 919 1225 τὴν

91 1233 230 1274 ὁρθόδοξον
245 1235 331 1264 πίπτιν
352 1235 508 1276 ἐρχόμενοι,
525 1237 691 1276 Νεστοριανοὶ
706 1235 839 1276 δηλονότι,
856 1235 920 1275 Ἀρ-

91 1278 196 1317 μένιοι,
212 1277 379 1319 Ἰακωϐτται,
394 1281 437 1307 καὶ
452 1279 536 1319 ἕτεροι
549 1281 708 1319 αἱρεσιῶται,
723 1279 765 1308 διὰ
779 1280 860 1318 μόνου
874 1279 920 1308 τοῦ

91 1324 173 1362 ἁγίου
194 1324 276 1363 μύρου
306 1323 438 1364 ὀφείλουσι
469 1324 642 1361 τελειοῦσθαι,
672 1324 690 1358 ἢ
713 1326 756 1353 καὶ
783 1323 825 1352 διὰ
851 1324 919 1352 θείου

92 1368 279 1406 βαπτίσματος
293 1378 301 1408 ;

137 1411 200 1443 ’Λπ.
220 1408 248 1441 “Ο
266 1407 313 1450 ζε’
338 1414 426 1442 κανὼν
452 1416 502 1446 τῆς
528 1413 556 1441 ὲν
575 1418 614 1452 τῷ
643 1412 768 1453 Τρούλλῴ
799 1412 918 1449 συνόδου,

961 875 1024 906 Non
1037 881 1080 906 est
1096 877 1173 906 enim
1189 875 1300 906 venalis
1315 875 1420 915 gratia,
1437 885 1493 906 nec
1508 885 1560 916 pro
1576 876 1711 916 pecuniis
1725 877 1786 917 spi-

961 921 1035 951 ritus
1047 921 1310 951 sanctilicationem
1326 920 1513 960 impertimur
1531 930 1536 950 :
1551 920 1602 951 sed
1619 930 1653 952 ea
1669 921 1717 962 iis,
1733 922 1785 962 qui

961 964 1043 1003 digni
1061 970 1140 1000 sunt,
1160 963 1271 1004 absque
1287 964 1346 994 ulla
1362 967 1408 994 est
1421 964 1603 994 calliditate0
1616 965 1786 996 communi-

962 1009 1104 1040 canda.Si
1123 1008 1188 1048 quis
1209 1012 1305 1039 autem
1318 1017 1432 1046 eorum,
1450 1008 1502 1048 qui
1517 1013 1584 1039 sunt
1599 1009 1629 1039 in
1645 1009 1717 1040 cieri
1732 1019 1784 1040 ca-

962 1053 1076 1092 talogo,
1093 1052 1186 1090 abeo,
1204 1052 1252 1083 cui
1266 1051 1485 1083 immaculatam
1501 1053 1634 1092 impertit
1649 1063 1785 1085 commu-

962 1098 1096 1138 nionem,
1110 1097 1199 1127 ullam
1211 1096 1341 1137 speciem
1354 1097 1472 1136 exigere
1483 1099 1561 1127 visus
1573 1097 1672 1135 fuerit,
1689 1098 1783 1139 depo-

961 1146 1060 1179 natur,
1078 1145 1109 1172 ut
1124 1140 1284 1172 Simoniaci
1299 1142 1408 1173 erroris
1424 1146 1453 1172 et
1469 1141 1607 1172 maleficii
1617 1143 1783 1174 aemulator.

1002 1186 1095 1217 Inter.
1111 1186 1161 1217 29.
1189 1185 1243 1222 Qui
1273 1195 1326 1226 per
1355 1195 1455 1217 veram
1471 1186 1670 1226 cognitionem
1685 1187 1722 1218 ad
1737 1198 1784 1219 or-

962 1231 1079 1261 thoxam
1111 1230 1199 1260 [idem
1235 1230 1394 1269 accedunt,
1435 1230 1602 1262 Nestoriani
1633 1232 1782 1271 videlicet,

960 1274 1111 1311 Armenii,
1130 1273 1281 1311 Jacobilm,
1292 1278 1321 1305 et
1331 1275 1382 1305 alii
1397 1275 1539 1312 haeretici,
1552 1285 1590 1305 an
1605 1275 1668 1306 solo
1683 1281 1784 1308 sancto

960 1323 1110 1358 unguento
1139 1318 1266 1350 debeant
1291 1319 1413 1356 initiari,
1429 1329 1468 1350 an
1493 1329 1562 1350 vero
1577 1320 1666 1351 etiam
1683 1321 1782 1352 divino

959 1364 1076 1394 lavacro
1087 1363 1100 1393 ἲ

1000 1407 1069 1438 Res.
1087 1409 1187 1438 Canon
1215 1407 1255 1438 95
1272 1407 1377 1447 synodi
1392 1407 1422 1438 in
1449 1408 1548 1439 Trullo
1563 1413 1682 1440 secutus
1700 1411 1715 1440 7
1731 1419 1782 1441 ca-

90 1457 275 1499 ἆκολουθήσας
296 1462 334 1496 τῷ
355 1454 380 1495 ζ’
399 1459 489 1488 κανόνι
524 1459 571 1493 τῆς
600 1460 675 1499 ἁγίας
710 1461 753 1488 καὶ
776 1460 918 1496 οἰκουμενι-

1003 1461 1070 1483 nem
1086 1457 1195 1482 sanctae
1224 1456 1254 1482 et
1278 1453 1469 1484 mcumenicae
1493 1454 1510 1484 2
1541 1455 1656 1494 synodi,
1674 1455 1736 1485 haec
1746 1455 1782 1485 ad

91 1505 147 1536 κῆς
164 1497 322 1540 β’συνόόου,
351 1502 412 1531 τάδε
437 1505 504 1532 κατᾶ
531 1504 603 1542 ῥῆμα
624 1497 801 1542 ’διαλαμϐάνει
818 1512 826 1520 ⁶
851 1505 916 1535 Τοὺς

88 1547 310 1586 προστιθεμένους
325 1551 359 1586 τῇ
376 1547 506 1587 όρθοδοξίᾳ
533 1550 576 1577 καὶ
603 1552 638 1587 τῇ
653 1548 735 1588 μερίδι
756 1552 808 1577 τῶν
830 1551 916 1583 σωζο-

92 1591 183 1629 μένων
198 1591 250 1619 ἀπὸ
265 1594 413 1631 αἱρετικῶν,
437 1591 569 1632 δεχόμεθα
597 1594 664 1623 κατὰ
685 1594 733 1627 τὴν
752 1594 803 1621 ὑπὸ
818 1603 916 1632 τεταγ-

91 1635 180 1673 μένην
202 1635 355 1666 ἀκολουθίαν
382 1647 411 1664 τε
440 1640 484 1665 καὶ
513 1639 660 1678 συνήθειαν,
690 1638 839 1676 Ἀρειανοὺς
869 1637 916 1674 μὲν

90 1680 140 1708 καὶ
176 1679 380 1713 Μακεδονιανοὺς
410 1682 454 1709 καὶ
482 1680 671 1722 Ναϐατιανοὺς,
702 1683 762 1714 τοὺς
791 1682 916 1721 λέγοντας

91 1724 204 1756 ἑαυτοὺς
229 1726 368 1765 καθαροὺς,
398 1727 441 1754 καὶ
469 1726 630 1766 ἀριστεροὺς,
662 1727 706 1755 καὶ
731 1728 791 1758 τεὺς
818 1737 916 1754 τεσσα-

91 1767 333 1808 ρεσκαιδεκατίτας,
356 1769 415 1803 ἤτοι
444 1769 604 1810 τετραὸίτις,
633 1770 714 1811 ἤγουν
735 1771 748 1791 3
771 1771 916 1799 Ἀπολινα-

91 1813 204 1851 ριαστὰς
229 1812 361 1853 δεχόμεθα
395 1813 511 1846 διδόντας
533 1814 680 1853 λιϐέλλους,
710 1816 753 1844 καὶ
782 1816 916 1853 ἀναθεμα-

90 1856 212 1892 τίζοντας
246 1861 333 1885 πᾶσαν
355 1858 456 1899 αἵρεσιν
479 1859 517 1896 μὴ
547 1863 691 1900 φρονοῦσαν
718 1861 755 1892 ὡς
787 1866 878 1899 φρονεῖ
899 1860 917 1893 ἡ

90 1901 157 1940 ἁγία
170 1906 216 1931 τοῦ
240 1903 305 1930 Θεοῦ
323 1903 452 1937 καθολικὴ
479 1905 523 1932 καὶ
544 1904 708 1938 ἀποστολικὴ
744 1903 889 1937 Ἐκκλησία
907 1912 914 1918 “

89 1946 317 1985 σφραγιζομένους
346 1946 405 1981 ἤτοι
444 1948 602 1988 χριομένους
644 1952 748 1987 πρῶτον
784 1952 821 1985 τῷ
850 1947 916 1987 ἆγίῷ

960 1496 1083 1528 verbum
1099 1496 1305 1536 complectitur
1321 1507 1328 1526 :
1346 1496 1414 1532 Eos,
1427 1497 1476 1538 qui
1491 1502 1580 1529 rectae
1595 1498 1632 1529 de
1648 1499 1706 1530 ﬁde
1718 1509 1784 1530 sen.

960 1540 1059 1571 lentiae
1072 1540 1229 1578 accedunt,
1247 1545 1276 1570 et
1302 1541 1375 1580 parti
1387 1551 1503 1580 eorum,
1521 1543 1571 1583 qui
1587 1552 1620 1573 ex
1636 1544 1784 1575 haereticis

959 1589 1124 1625 servantur,
1137 1586 1219 1624 juxta
1232 1585 1396 1624 subjectam
1412 1588 1654 1628 consequentiam
1669 1593 1698 1620 et
1708 1599 1780 1620 con-

959 1630 1149 1660 suetudlnem
1164 1629 1356 1669 recipientes,
1373 1631 1498 1662 Arianos
1510 1633 1675 1673 quidem,et
1686 1634 1782 1665 Mace-

959 1674 1115 1712 donianos,
1141 1677 1170 1704 et
1195 1675 1383 1712 Novatianos,
1414 1676 1464 1715 qui
1488 1686 1521 1707 se
1536 1679 1661 1717 καθαρους
1677 1678 1720 1718 [id
1737 1683 1782 1709 est

959 1719 1066 1758 puros]
1077 1718 1239 1757 appellant,
1257 1722 1285 1749 et
1295 1721 1574 1753 tessaresdecatitas
1592 1732 1645 1753 seu
1656 1723 1780 1754 tetradi-

958 1762 1047 1800 ditas,
1059 1767 1088 1792 et
1096 1763 1498 1804 Apollinaristas,recipimus
1507 1767 1611 1798 dantes
1621 1767 1782 1806 libellos,et

959 1816 1077 1837 omnem
1095 1807 1231 1837 haeresim
1240 1809 1602 1851 anathematizantes,quze
1610 1821 1668 1842 non
1678 1812 1779 1850 sentit,

959 1856 990 1895 ut
1000 1851 1091 1882 sentit
1101 1858 1203 1882 sancta
1213 1851 1267 1882 Dei
1278 1852 1452 1884 universalis
1467 1859 1496 1885 et
1507 1856 1667 1895 apostolica
1678 1856 1781 1887 Eccle-

958 1894 1002 1924 sia
1016 1899 1137 1926 :sancto
1150 1896 1278 1936 primum
1290 1897 1449 1929 chrismate
1461 1903 1489 1929 et
1497 1894 1668 1938 frontem,et
1679 1901 1780 1932 oculos

959 1943 989 1969 et
1000 1948 1098 1978 nares,
1117 1943 1147 1970 et
1175 1949 1219 1980 os,
1245 1945 1273 1971 et
1297 1950 1383 1973 aures
1397 1942 1614 1983 imprimentes,
1631 1945 1778 1977 dicimus:

89 1984 168 2029 μῦρῳ
183 1991 225 2029 τό,
239 2001 269 2018 τε
290 1991 414 2028 μέτωπον
443 1984 486 2021 καὶ
509 1984 574 2025 ’τοὺς
602 1984 762 2033 ὀφθαλμοὺς,
798 1984 842 2021 καὶ
869 1984 916 2024 τὰς

1001 1984 1148 2033 ;naculum
1165 1984 1235 2015 doni
1251 1985 1378 2026 Spiritus
1394 1988 1501 2018 sancti.
1515 1988 1557 2019 De
1568 1988 1604 2019 iis
1613 1990 1780 2030 autem.qui

88 2027 179 2072 ῥῖνας,
193 2027 237 2063 καὶ
257 2027 295 2063 τὸν
315 2036 412 2075 στόμα,
435 2038 479 2065 καὶ
505 2038 537 2065 τὰ
566 2027 633 2068 diu:
667 2027 716 2066 ιξαὶ
731 2027 915 2077 σερραγίζοντες

1001 2029 1090 2077 uliani
1104 2033 1216 2077 sectam
1230 2030 1323 2061 secuti
1341 2036 1420 2072 sunt,
1437 2032 1546 2064 deinde
1558 2033 1594 2063 ad
1605 2027 1779 2065 catholicam

86 2079 195 2123 αὐτοὺς,
227 2072 496 2121 λέγομενίΣιρραγὶς
525 2081 623 2122 δωρεᾶς
652 2072 812 2116 πνεύματος,
828 2082 913 2120 ἁγίου.

1001 2072 1117 2103 clesiam
1133 2073 1339 2113 confugerunt,
1356 2081 1494 2107 statutum
1508 2082 1554 2109 est
1570 2082 1600 2108 ut
1623 2078 1644 2108 ii
1657 2080 1778 2110 omnino

90 2123 157 2160 Περὶ
185 2117 213 2150 δὲ
255 2117 306 2152 ¹τῶν
343 2117 586 2163 Inmiti-imminuit,
623 2126 685 2154 εἶτα
711 2117 915 2166 προσφυγόντων

1001 2118 1188 2166 )aptiaentur.
1208 2119 1412 2166 Διεζυιιοιηὶειιιοε
1424 2130 1554 2162 quoque,
1571 2123 1621 2162 qui
1641 2123 1672 2154 in
1691 2132 1779 2154 unam

89 2169 128 2204 τῇ
154 2166 282 2206 καθολικῇ
310 2166 465 2208 Ἐκκλησία,
488 2170 548 2210 ὅρος
576 2162 738 2208 ἱκτέθειται,
768 2162 914 2198 amant-

1001 2162 1179 2210 mersionem
1207 2162 1366 2210 baptizant,
1385 2170 1422 2210 iret
1444 2167 1647 2207 Montanistas,
1664 2167 1713 2208 qui
1730 2167 1779 2198 hic

90 2211 181 2246 ζεσθαι
205 2212 298 2244 αὐτοὺς
320 2212 346 2245 ἕξ
367 2206 510 2246 ἅπαντος.-
523 2215 696 2252 Εὖνομιανοὺς
721 2206 820 2253 μέντοι
855 2214 916 2246 τοὺς

1001 2210 1094 2238 :untur
1110 2207 1249 2253 P_hryges,
1259 2213 1294 2253 et
1303 2208 1499 2251 Sabellianos,
1515 2211 1564 2251 qui
1577 2206 1684 2242 Filium
1699 2211 1779 2242 idem

90 2255 131 2287 είς
160 2255 222 2294 μίαν
250 2256 390 2286 κατάδυσιν
417 2259 636 2297 βαπτιζομένους,
667 2260 711 2289 καὶ
737 2259 915 2290 Μοντανιστὰς

89 2299 154 2331 τοὺς
181 2299 289 2329 ἑκταῦθα
311 2301 469 2341 λεγομένους
493 2304 608 2343 Φρύγας,
638 2305 682 2332 καὶ
709 2301 913 2343 Σαϐελλιανοὺς,

91 2343 155 2375 τοὺς
183 2345 349 2385 υἱοπατορίαν
376 2346 544 2385 δοξάζοντας,
580 2349 625 2389 καὶ
659 2348 735 2387 ἕτερά
764 2359 823 2376 τινα
858 2359 914 2387 χα-

90 2387 162 2416 λεπὰ
204 2393 342 2424 ποιοῦντας
359 2399 366 2407 ”
404 2393 448 2420 καὶ
481 2393 568 2425 πάσας
583 2387 643 2425 Ἲτὰς
679 2392 762 2424 ἄλλας
792 2392 914 2432 αἱρέσεις,

89 2431 184 2466 Επειδὴ
218 2433 314 2463 πολλοί
347 2437 411 2464 εἰσιν
440 2436 559 2476 ἐνταῦθα,
589 2437 705 2474 μάλιστα
740 2438 764 2465 οἱ
789 2437 842 2464 ἀπὸ
862 2439 913 2470 τῆς

90 2476 218 2506 Γαλατῶν
244 2479 335 2518 χώρας
362 2479 524 2519 ὁδμώμενοι,
546 2482 646 2514 πάντας
671 2482 730 2513 τοὺς
758 2480 804 2509 ἀπ’
827 2482 912 2509 αὐτῶν

90 2520 214 2566 θέλοντας
243 2524 423 2563 προστίθεσθαι
450 2529 484 2564 τῇ
522 2525 662 2566 ὀρθοδοξίᾳ,
706 2527 742 2558 ὡς
774 2520 912 2558 Ἕλληνας

89 2563 224 2605 δεχόμεθα
241 2575 247 2582 '
271 2569 315 2597 καὶ
335 2570 385 2603 τὴν
406 2563 514 2610 πρώτην
538 2563 642 2610 ἦμέραν
656 2563 790 2608 ’ποιοῦμεν
820 2570 912 2602 αὐτοὺς

91 2612 274 2650 Κριστιανοὺς,
304 2614 347 2642 καὶ
374 2615 423 2649 τὴν
444 2615 564 2656 δευτέραν
592 2615 821 2657 κατηχουμένους,
852 2615 913 2643 εἶτα

957 2260 1024 2282 esse
1041 2260 1108 2282 cum
1119 2250 1205 2283 Patre
1217 2251 1431 2292 existimant,et
1449 2250 1672 2296 aliad’quaedam
1682 2256 1780 2295 gravia

956 2295 1081 2334 faciunt,
1098 2300 1128 2326 et
1151 2304 1256 2328 omnes
1271 2297 1344 2328 alias
1370 2298 1509 2338 haereses,
1531 2295 1668 2340 quoniam
1695 2301 1779 2332 multi

957 2340 1006 2371 hic
1021 2345 1101 2379 sunt,
1118 2345 1148 2371 et
1176 2341 1304 2373 maxime
1329 2343 1380 2383 qui
1407 2353 1441 2374 ex
1465 2345 1633 2375 Galatarum
1657 2345 1780 2385 regione

956 2385 1080 2426 profecti
1095 2389 1164 2416 sunt
1177 2395 1184 2415 :
1208 2395 1312 2418 omnes
1324 2397 1358 2419 ex
1377 2388 1424 2426 iis,
1437 2390 1485 2428 qui
1501 2389 1539 2419 ad
1550 2393 1661 2420 rectam
1673 2391 1710 2421 de
1721 2391 1780 2421 fide

955 2430 1133 2461 sententiam
1142 2430 1242 2461 volunt
1250 2432 1571 2474 accedere,recipimus
1578 2439 1609 2465 ut
1619 2434 1739 2466 Grecos
1754 2441 1778 2466 ι’.

954 2478 990 2509 Et
1015 2479 1111 2519 primo
1140 2479 1261 2520 quidem
1278 2480 1340 2518 die,
1369 2491 1419 2512 eos
1444 2480 1626 2512 Christianos
1643 2481 1778 2520 facimus,

955 2525 1087 2555 secundo
1099 2529 1209 2566 autem,
1232 2526 1472 2564 calhecumenos,
1489 2526 1598 2557 deinde
1611 2526 1708 2564 tertio,
1723 2526 1778 2557 ad-

950 2568 1193 2607 juramus,simul
1207 2570 1294 2600 etiam
1312 2574 1358 2601 ter
1372 2570 1403 2600 in
1419 2570 1523 2602 faciem
1536 2574 1565 2602 et
1578 2580 1665 2601 aures
1682 2570 1778 2611 inspi-

954 2617 1055 2644 rantes
1071 2623 1078 2643 :
1097 2618 1126 2645 et
1141 2613 1183 2645 sic
1198 2613 1361 2656 initiamus,
1377 2619 1407 2646 et
1418 2615 1470 2647 diu
1484 2615 1515 2645 in
1528 2615 1654 2647 ecclesia
1667 2615 1779 2646 versari

759 2697 874 2732 VARI!
896 2696 1108 2730 LECTIONES.

131 2762 143 2778 '
163 2760 284 2803 fraude.
327 2770 342 2793 ι»
352 2771 500 2806 pagum.
