1946 3080
190 105 266 140 1063

876 108 892 141 J
896 111 942 142 US
961 108 1182 142 CANONIGUM

1798 107 1878 140 1064

187 181 217 209 et
231 175 399 216 Scriptores
415 174 518 207 audire
535 174 669 213 facimus,
697 179 726 206 et
739 179 808 207 tunc
820 175 900 217 ipsos
911 176 1002 217 bapti-

1086 178 1096 206 ὶ
1129 178 1178 211 τὴν
1205 178 1294 217 τρίτην
1322 177 1545 218 ἒξορκιζομένους,
1581 178 1648 216 μετά
1681 181 1729 206 τοῦ
1757 177 1880 215 ἐμφυσῷ

188 231 300 254 zamus.
317 220 391 257 Quin
407 219 496 251 etiam
525 219 714 257 Manichaaos,
732 224 761 251 et
774 219 1007 258 Valentinianos,

188 273 217 300 et
233 265 448 301 Marcionistas,
465 269 494 295 et
508 265 622 295 similes
638 265 805 296 haereticos.
818 265 1010 296 Nestorianos

187 317 284 345 autem
314 313 430 351 oportet
453 308 571 340 libellos
585 309 693 346 facere,
718 313 749 341 et
773 309 908 341 hmresim
925 319 1008 341 suam

187 355 448 394 anathematizare,
476 358 505 384 et
533 353 713 391 Nestorium,
739 359 768 385 et
792 354 953 395 Eutychen,
980 358 1009 386 et

187 403 372 437 Dioscorum,
389 403 418 430 et
432 398 585 436 Severum,
604 405 633 429 et
647 399 777 439 reliquos
792 400 892 430 talium
911 400 1007 430 hzere-

186 457 258 479 seon
275 444 435 487 principes,
449 447 477 474 et
487 443 537 484 qui
553 444 744 484 eadem,qute
757 444 811 479 illi,
825 444 965 482 St-ntiunt,
979 448 1008 475 et

187 500 292 523 omnes
320 488 473 530 praedictas
501 489 641 526 hiereses,
672 493 701 518 et
728 490 771 519 sic
801 498 868 520 esse
896 497 1008 520 sanc'ee

186 533 405 568 communionis
422 532 589 573 participes.
602 532 702 573 Itaque
717 533 801 572 juxta
813 534 935 564 canonis
950 534 1008 564 hu-

183 581 233 622 jus
249 584 381 610 tenorem
398 577 448 608 alii
460 577 579 617 quidem
597 577 727 608 haeretici
743 579 859 608 lavat-ro
875 578 1005 609 sanctiﬁ-

186 621 302 660 cantur,
316 623 365 654 alii
377 626 474 653 autem
492 626 596 652 sancto
612 621 754 653 duntaxat
770 627 917 662 unguento
933 633 1008 654 con-

186 672 354 701 secrantur.

1048 222 1135 261 τρίτον
1149 223 1185 254 εἷς
1199 223 1230 250 τὸ
1243 222 1398 261 πρόσωπον,
1425 224 1468 251 καὶ
1498 224 1534 255 εἷς
1562 223 1596 251 τὰ
1617 223 1673 252 ὦτα
1690 231 1698 239 ’
1728 223 1775 250 καὶ
1791 220 1878 251 οὕτως

1049 271 1232 307 κατηχοῧμεν,
1257 268 1301 295 καὶ
1321 271 1449 306 ποιοῦμεν
1472 267 1603 307 χρονίζειν
1632 268 1669 300 είς
1696 267 1747 300 τὴν
1773 264 1880 296 ἔκκλη-

1050 311 1119 350 σίαν,
1146 312 1190 339 καὶ
1217 311 1359 350 ἀκροᾶσθαι
1388 315 1440 340 τῶν
1462 313 1569 352 Γραφών
1587 322 1594 329 ⁸
1625 312 1669 340 καὶ
1689 312 1750 340 τότε
1780 309 1879 340 αὐτοὺς

1049 355 1221 393 βαπτίζομεν.
1246 356 1295 384 Καὶ
1322 357 1382 388 τοὺς
1405 357 1568 396 Μανιχαίους
1597 355 1636 396 δὲ,
1666 356 1710 384 καὶ
1737 355 1799 387 τὼς
1824 356 1879 381 Γι-

1048 399 1223 432 λεντινιανοὺς
1237 400 1280 438 48,
1307 401 1350 429 καὶ
1376 401 1438 433 τοὺς
1468 401 1679 440 Μαρκιωνιστάς,
1709 400 1752 428 καὶ
1767 399 1831 429 τὼς
1848 398 1879 425 ἐκ

1048 448 1101 472 τῶν
1116 446 1213 482 ὁμοίων
1241 444 1376 484 αἱρέσεων,
1407 446 1468 477 τοὺς
1498 445 1698 485 Νεστοριανοὺς,
1727 444 1784 484 χρὴ
1808 453 1877 470 ποι-

1049 496 1090 517 εῖν
1110 488 1257 529 λιϐελλους,
1271 490 1315 518 καὶ
1336 489 1531 527 ἀναθεματίζειν
1554 490 1603 523 τὴν
1624 489 1739 529 αἵρεσιν⁷
1770 491 1875 522 αὖτῶν,

1049 534 1093 561 καὶ
1135 534 1285 573 Νεστόριον,
1327 534 1371 562 καὶ
1414 535 1545 574 Εὖτυχὲα,
1576 535 1620 562 καὶ
1650 533 1808 573 Διόσκορον,
1831 532 1878 558 καὶ

1050 576 1178 618 Σείέῖἦρον⁷
1202 579 1246 606 καὶ
1281 579 1340 610 τοὺς
1369 578 1477 611 λοιποὺς
1510 579 1636 618 ἐξάρχους
1665 581 1718 606 τῶν
1745 578 1878 606 τοιούτων

1049 622 1184 662 αἱρέσεων,
1213 623 1257 651 καὶ
1284 624 1343 655 τοὺς
1381 627 1538 663 φρονοῦντας
1564 624 1596 651 τὰ
1624 623 1719 660 αὐτῶν,
1750 623 1796 650 καὶ
1817 621 1876 649 πά-

1049 678 1097 699 σας
1122 668 1372 707 προσαναφυομένας
1415 668 1527 708 αἱρέσεις
1545 676 1554 684 ⁸
1598 669 1641 696 καὶ
1676 667 1758 698 οὕτως
1789 677 1877 704 μετα-

185 714 327 753 λαμϐάνειν
343 715 392 746 τῆς
414 712 489 751 ἁγίας
504 711 651 742 κοινωνίας.
677 712 748 740 Κατᾶ
769 715 830 750 γοῦν
844 712 894 746 τὴν
906 717 952 742 τοῦ
965 713 1082 741 τοιούτου
1109 715 1217 744 κανόνος
1233 713 1386 752 περίληψιν,
1409 715 1431 740 οἱ
1447 714 1494 751 μὲν
1506 716 1558 741 τῶν
1574 714 1732 752 αἱρεσιωτῶν
1747 711 1790 740 διὰ
1804 712 1877 749 βαπ-

184 761 309 798 τίσματος
332 758 494 796 ἁγιάζονται,
511 757 533 784 οἱ
548 755 575 783 δὲ
597 754 638 783 διὰ
653 756 734 794 μόνου
748 759 794 784 τοῦ
810 756 884 796 ἁγίου
897 757 978 795 μύρου
992 760 1163 787 τελειοῦνται,

223 804 256 829 48
267 801 488 832 Βαλιντινιανούς.

224 849 317 880 Inter.
334 847 384 877 30.
403 845 434 876 Si
462 844 619 875 hmreticus
642 844 780 876 sacerdos
804 845 849 876 vel
865 845 1037 877 diaconusB

183 893 290 933 dignus
305 891 423 922 habitus
439 889 538 920 divino
569 894 599 920 et
619 894 720 920 sancto
745 889 930 931 baptismate,
960 890 1006 921 vel

183 947 237 979 per
251 941 381 969 sanctam
395 935 565 966 unctionem
580 935 778 966 sanctiﬁcatus
793 936 841 976 sit,
866 936 1006 967 licebitne

183 983 211 1013 ei
237 991 320 1014 sacra
343 981 440 1012 facere
456 989 522 1010 cum
547 979 646 1019 priore
662 979 864 1017 ordinatione,
882 990 919 1011 an
936 990 1006 1011 vero

183 1027 208 1058 si
224 1035 308 1058 sacra
323 1024 493 1056 ministrare
504 1024 585 1058 velit,
597 1024 751 1055 iterabitur
762 1025 827 1064 ejus
842 1024 1007 1055 ordinatio?

222 1071 290 1102 Res.
307 1071 407 1101 Canon
423 1070 462 1100 80
477 1073 644 1099 sanctorum
661 1069 863 1107 apostolorum
876 1078 938 1107 eos,
955 1070 1006 1110 qui

184 1125 222 1148 ex
240 1124 348 1157 pagana
365 1114 422 1144 vita
437 1113 473 1144 ad
504 1112 696 1143 orthodoxam
714 1113 801 1144 ﬁdem
817 1114 962 1146 accedunt
977 1118 1006 1145 et

182 1160 378 1200 baptizantur,
388 1158 585 1199 episcopalem
598 1157 685 1188 etiam
696 1157 868 1197 dignitatem
882 1168 1003 1199 prome-

181 1204 241 1235 reri
250 1203 364 1235 deﬁnit.
389 1201 490 1233 Priore
504 1201 774 1241 igitursacerdotio
791 1212 843 1243 pro
858 1203 1003 1242 sacrilego

181 1248 294 1288 habito,
312 1252 339 1278 et
370 1256 421 1288 pro
448 1256 506 1277 non
522 1247 608 1283 tacto,
624 1246 649 1277 si
665 1256 730 1276 cum
752 1247 895 1278 canonica
911 1247 1002 1279 disci-

181 1293 261 1333 plina
272 1292 433 1333 judicatus,
451 1290 501 1331 qui
515 1291 558 1321 sic
573 1290 660 1321 fuerit
673 1291 855 1322 ortltodoxus
867 1292 1000 1331 eﬁ'ectus,

180 1342 209 1368 et
224 1347 291 1368 cum
309 1340 389 1367 esset
401 1335 560 1376 aliquando
576 1335 715 1375 profanus
732 1336 884 1374 sacerdos,
903 1338 931 1367 in
948 1347 1002 1377 po-

180 1381 307 1413 steriore
320 1381 377 1411 vita
391 1388 444 1410 sua
472 1379 683 1410 indemnabilis
697 1381 878 1421 apparuerit,
895 1381 1003 1421 dignus

180 1430 337 1457 censeatur
351 1434 409 1455 non
426 1423 601 1454 sacerdotali
624 1425 718 1455 solum
736 1424 889 1465 dignitate,
907 1426 958 1456 sed
974 1430 1005 1457 et

180 1469 412 1511 episcopuli,per
420 1474 578 1498 consuetos
592 1469 713 1499 omnino
732 1469 840 1510 gradus
850 1470 885 1500 ad
898 1470 1003 1501 docto-

180 1514 254 1546 riam
271 1518 423 1554 promotus
437 1511 659 1544 sublimitatem.

221 1557 316 1589 Inter.
332 1557 381 1588 51.
412 1555 443 1588 Si
467 1556 610 1594 haeretici,
641 1558 692 1597 qui
720 1556 756 1588 ad
773 1557 1001 1588 orthodoxorum

181 1602 270 1634 ﬁdem
284 1601 418 1639 accessit,
436 1610 510 1632 uxor
538 1605 566 1631 et
595 1601 695 1638 liberi,
709 1602 755 1632 vel
770 1603 857 1633 etiam
873 1602 923 1632 alii
939 1603 1004 1644 ejus

179 1646 340 1678 familiares
365 1650 394 1675 et
418 1645 586 1682 domestici,
604 1655 663 1675 non
680 1646 752 1676 ﬁant
766 1646 934 1684 orthodoxi,
950 1647 1002 1678 sed

182 1691 346 1722 inhaereant
374 1689 464 1730 priori
493 1689 611 1726 haeresi,
628 1699 665 1720 an
680 1690 887 1730 prohibebitur
901 1690 937 1729 is,
954 1691 1005 1732 qui

180 1736 224 1776 (ut
238 1735 379 1774 diximus)
394 1733 570 1775 baptismate
584 1734 716 1765 initiatus
732 1738 788 1773 est,
804 1735 841 1766 ad
859 1736 1002 1766 sacerdo-

179 1780 266 1811 talem
284 1780 328 1810 vel
344 1780 517 1820 episcopum
532 1779 696 1810 ascendere
706 1779 831 1818 gradum
850 1789 856 1811 :
875 1789 913 1810 an
928 1789 999 1812 vero

177 1829 299 1866 propter
312 1824 430 1855 illorum
448 1822 590 1854 malitiam
608 1827 639 1854 et.
652 1823 717 1864 ipse
741 1823 790 1855 tali
807 1823 885 1856 bono
902 1825 1000 1866 priva-

178 1868 257 1900 bitur
266 1869 282 1899 ‘I

217 1913 285 1944 Res.
303 1914 403 1945 Canon
430 1911 550 1953 quidem
579 1911 616 1943 39
631 1912 734 1952 synodi
759 1913 1000 1952 Carthaginensis

176 1957 227 1995 ait,
246 1961 278 1988 ut
292 1956 436 1998 episcopi,
455 1961 483 1987 et
494 1955 669 1997 presbyteri,
682 1961 711 1987 et
721 1956 840 1987 diaconi
850 1967 908 1988 non
919 1958 1000 1989 ordi-

177 2006 295 2040 nentur,
313 2001 483 2042 priusquam
500 2009 604 2031 omnes
619 2000 669 2041 qui
681 2003 786 2031 suntin
796 2002 858 2032 suis
873 2002 997 2041 adibus,

176 2046 360 2078 Christianos
388 2045 568 2076 orthodoxos
605 2044 740 2075 fecerint.
770 2045 870 2077 Canon
901 2051 998 2078 autem

178 2091 215 2122 72
237 2094 347 2122 sancte
358 2094 387 2120 et
410 2089 604 2120 oecumenicte
617 2089 647 2119 in
659 2088 761 2120 Trullo
774 2091 878 2130 synodi
891 2091 952 2122 haec
968 2091 999 2123 in

176 2139 260 2176 parte
287 2134 392 2165 deﬁnit
418 2133 582 2174 expressim
614 2143 620 2165 :
653 2132 683 2164 Si
700 2137 797 2165 autem
819 2134 921 2175 aliqui,
949 2136 999 2176 qui

175 2181 271 2211 adhuc
286 2184 356 2210 sunt
370 2178 518 2216 inﬁdeles,
535 2181 564 2208 et
584 2177 615 2208 in
631 2177 862 2209 orthodoxorum
878 2189 997 2220 gregem

176 2225 307 2257 nondum
323 2223 408 2254 relati
422 2227 501 2261 sunt,
509 2222 590 2253 inter
605 2231 637 2253 se
652 2222 783 2261 legitimo
799 2228 867 2255 sunt
893 2225 998 2256 matri-

176 2269 276 2300 monio
303 2267 476 2308 conjuncti:
507 2267 617 2298 deinde
646 2267 695 2297 hic
719 2267 838 2308 quidem
855 2277 903 2309 eo,
919 2270 998 2310 quod

175 2318 219 2345 est
235 2313 390 2344 honestum
406 2317 432 2350 τι,
444 2311 589 2351 electo,ad
608 2311 706 2342 lucem
718 2312 846 2343 veritatis
857 2321 998 2344 accurre-

174 2360 213 2388 rit
229 2367 236 2390 :
254 2357 305 2388 ille
319 2366 388 2388 vero
404 2356 515 2387 erroris
531 2356 648 2387 vinculo
665 2356 803 2387 detentus
824 2357 924 2395 fuerit,
941 2367 998 2388 no-

175 2403 239 2434 lens
255 2401 371 2433 divinos
398 2401 498 2432 radios
525 2401 592 2432 ﬁxis
614 2400 709 2431 oculis
737 2401 857 2433 intueri.
876 2406 905 2433 et
919 2402 1001 2433 ﬁdeli

175 2447 288 2488 placeat
303 2455 370 2478 cum
395 2445 511 2476 inﬁdeli
540 2444 721 2486 cohabitare,
739 2455 776 2476 ne
792 2455 808 2476 a
824 2454 857 2477 se
871 2447 997 2478 invicem

174 2495 362 2533 separentur.
375 2490 415 2521 Ex
427 2490 518 2521 divini
527 2490 605 2520 enim
616 2489 698 2521 Pauli
710 2491 868 2532 sententia,
884 2493 997 2523 sancti-

176 2537 280 2567 ﬁt-atus
296 2539 341 2566 est
351 2534 394 2565 vir
402 2534 532 2565 inﬁdelis
542 2534 573 2565 in
584 2534 944 2575 muliere,etsanctiﬁcata
955 2540 1000 2567 est

176 2581 284 2612 mulier
294 2579 462 2611 inﬁdelisin
474 2580 547 2610 viro.
560 2580 803 2611 Contrarietatem
823 2580 914 2620 igitur
922 2581 998 2612 duo-

175 2634 241 2656 rum
266 2633 427 2662 canonum,
453 2633 519 2664 quae
547 2632 613 2655 esse
637 2623 763 2663 videtur,
780 2625 924 2656 canonice
938 2625 998 2657 sol-

1088 844 1233 885 Ἐρώτησις
1248 840 1284 877 λ’.
1309 845 1372 875 Ἐἀν
1400 847 1541 887 αἱρετιχὸς,
1570 847 1665 887 ἱερεὺς,
1698 846 1715 880 ἢ
1738 845 1876 886 διάκονος,

1047 889 1143 928 ἀξιωθῇ
1157 890 1203 918 τοῦ
1213 891 1282 919 θείου
1295 891 1338 918 καὶ
1353 891 1427 929 ἁγίου
1440 891 1635 929 βαπτίσματος.
1651 892 1668 925 ἢ
1683 890 1726 920 διὰ
1740 894 1788 919 τοῦ
1799 891 1877 929 ἁγίου

1047 935 1127 974 μύρου
1144 935 1268 974 ἂγιασθῇ,
1291 934 1393 963 ἐσεῖται
1417 937 1557 975 ἱερουργῶν
1579 937 1647 974 μετά
1669 939 1717 969 τῆς
1743 936 1876 975 προτέρας

1047 980 1211 1019 χειροτονίας
1226 981 1314 1017 αὐτοῦ,
1331 980 1349 1014 ἢ
1372 980 1459 1019 ἐτέρας
1488 980 1608 1015 ἀξιωθείη
1634 985 1813 1021 χειροτονίας,
1830 979 1876 1008 ἐὰν

1047 1022 1146 1061 θελήσῃ
1161 1025 1305 1063 ἱερουργεῖν
1322 1034 1330 1064 ς

1088 1067 1150 1099 ’Λπ,
1176 1064 1204 1096 ιΟ
1231 1072 1284 1097 τῶν
1312 1069 1394 1108 ἁγίων
1426 1069 1582 1098 ἀποστόλων
1598 1065 1628 1098 π’
1641 1070 1730 1098 κανὼν
1754 1070 1816 1101 τοὺς
1847 1069 1875 1101 ἐξ

1047 1111 1146 1142 ὲθνικοῦ
1174 1113 1231 1151 βίου
1256 1113 1448 1153 προσελθόντας
1475 1117 1510 1152 τῇ
1536 1113 1662 1154 ὀρθοδόξῳ
1697 1114 1784 1142 πίστει
1828 1115 1875 1141 καί

1045 1157 1246 1197 βαπτισθέντας,
1273 1158 1316 1186 καὶ
1350 1157 1523 1186 ἐπισκοπικοῦ
1550 1158 1697 1196 ἀξιώματος
1726 1157 1874 1190 καταξιοῦ-

1044 1203 1102 1230 σθαι
1127 1201 1275 1241 διορίζεται.
1299 1204 1353 1236 Τῆς
1378 1206 1440 1241 γοῦν
1461 1203 1586 1242 προτέρας
1608 1203 1764 1243 ἱερωσύνης,
1801 1214 1871 1240 μια-

1043 1246 1162 1285 ρωσύνης
1177 1246 1364 1286 νομιζομένης,
1380 1247 1424 1275 καὶ
1434 1248 1469 1280 ὡς
1481 1248 1520 1285 μὴ
1529 1247 1669 1286 γινομένης
1677 1246 1870 1286 λογιζομένης,

1043 1290 1088 1318 ἐὰν
1103 1292 1170 1329 μετὰ
1184 1293 1233 1324 τῆς
1248 1294 1388 1325 κανονικῆς
1403 1290 1535 1330 ἀκριϐείας
1545 1292 1749 1331 ἀνακρινόμενος
1758 1293 1772 1319 ὁ
1783 1290 1870 1323 οῖτως

1044 1334 1227 1375 ὀρθοδοξήσας,
1249 1337 1293 1363 καὶ
1315 1335 1352 1363 ὥν
1387 1347 1451 1364 ποτε
1486 1335 1599 1374 βέϐηλος
1626 1337 1720 1376 ἱερεὺς,
1743 1337 1802 1375 περὶ
1824 1339 1872 1364 τοῦ

1044 1379 1151 1419 ὑστέρου
1171 1381 1249 1408 αὗτοῦ
1263 1380 1319 1418 βίου
1335 1380 1508 1420 ἁκατᾶκριτος
1523 1381 1679 1420 ἀναφανείη,
1700 1380 1823 1414 ἀξιωθείη
1840 1382 1871 1409 ὠ

1045 1424 1125 1461 μόνον
1140 1425 1270 1464 ἱερατικοῦ
1285 1423 1445 1465 ἀξιώματος⁷
1469 1424 1537 1452 ἀλλὰ
1560 1425 1604 1453 καὶ
1625 1424 1811 1460 ὲπισκοπικοῧ,
1828 1423 1872 1452 διὰ

1044 1471 1096 1496 τῶν
1119 1469 1235 1504 συνήθων
1250 1469 1355 1500 πάντως
1381 1469 1487 1507 βαθμῶν
1503 1470 1539 1501 εἷς
1555 1470 1585 1497 τὸ
1600 1467 1785 1497 διδασκαλικὸν
1801 1468 1871 1506 ὕψος

1012 1529 1032 1554 c
1044 1512 1219 1551 ἀναγόμεκος.

1085 1556 1231 1597 Ἐρώτησις
1260 1553 1314 1589 λα’.
1339 1557 1402 1587 Ἐὰν
1437 1562 1483 1587 τοῦ
1504 1557 1694 1597 προσελθόντος
1781 1558 1870 1586 πίστει

1044 1604 1097 1629 τῶν
1113 1601 1254 1641 ὀρθοδόξων
1281 1604 1410 1642 αἱρετικοῠ
1430 1603 1448 1636 ἡ
1468 1603 1547 1642 γυνη,
1571 1603 1615 1630 καὶ
1630 1604 1653 1630 οἱ
1668 1601 1775 1638 παῖδες,
1791 1602 1810 1636 ἢ
1823 1603 1870 1630 καὶ

1044 1646 1128 1687 ἕτεροι
1142 1648 1226 1684 τούτῳ
1248 1648 1375 1676 συνέστιοι
1404 1648 1446 1675 καὶ
1476 1647 1657 1688 συγκατοικοι²
1681 1649 1728 1676 οὒκ
1757 1646 1870 1685 ὀρθοδοο

1044 1690 1176 1726 ξήτουσιν⁶
1199 1691 1258 1720 ἀλλ’
1279 1691 1415 1731 ὲξὲχονται
1443 1691 1491 1725 τῆς
1512 1691 1641 1731 προτέρας
1670 1691 1806 1730 αἱρέσεως,
1838 1693 1871 1721 οὗ

1042 1735 1222 1771 κωλυθήσεται
1250 1737 1264 1764 ὁ
1291 1736 1447 1774 τελειωθεὶς,
1470 1736 1507 1768 ὡς
1535 1735 1652 1776 εἴρηται⁷
1674 1735 1716 1763 διὰ
1740 1739 1786 1763 τοῦ
1813 1736 1871 1773 βα-

1040 1781 1200 1818 πτίσματος,
1244 1781 1279 1814 είς
1322 1782 1450 1820 ἱερατικὸν
1495 1780 1596 1818 βαθμὸν
1630 1780 1649 1814 ἢ
1693 1780 1872 1808 ἐπισκοπικὸν

1041 1824 1159 1853 ἀνελθεῖν
1178 1833 1184 1839 ·
1208 1825 1226 1859 ἢ
1244 1825 1287 1854 διὰ
1301 1826 1350 1859 τὴν
1366 1825 1472 1853 ἐκείνων
1494 1826 1589 1853 κακίαν
1616 1825 1661 1853 καὶ
1675 1825 1753 1857 αὐτὸς
1769 1826 1871 1854 τοσού-

1039 1880 1086 1898 του
1100 1869 1197 1908 ἀγαθοῦ
1211 1870 1378 1910 ἀποστερηθῇ
1396 1879 1404 1910 ς

1081 1913 1146 1944 Ἀπο
1176 1909 1204 1943 Ὀ
1227 1914 1275 1952 μὲν
1303 1914 1350 1951 λς·
1355 1909 1360 1918 ’
1384 1909 1472 1942 κανὼν
1499 1925 1549 1948 της
1570 1913 1597 1942 ἒν
1620 1913 1773 1954 Καρθαγένῃ
1802 1926 1869 1943 συν-

1040 1957 1111 1996 όδου,
1128 1959 1218 1998 φησὶν,
1250 1957 1410 1987 Ἐπίσκοπον
1436 1959 1481 1987 καὶ
1507 1957 1679 1998 πρεσϐύτερον
1703 1959 1748 1986 καὶ
1770 1957 1868 1987 διάκο-

1040 2013 1084 2030 νον
1104 2003 1142 2040 μὴ
1171 2005 1380 2042 χειροτονεῖσθαι
1408 2003 1468 2042 πρὶν
1490 2004 1590 2035 πάντας
1611 2003 1672 2034 τοὺς
1700 2002 1727 2030 ἐν
1742 2004 1780 2040 τῷ
1796 2002 1869 2040 οἴκῳ

1040 2048 1125 2075 «tum
1154 2046 1301 2086 ὁρθοδόξους
1329 2048 1500 2086 Χριστιανοὺς
1529 2048 1697 2083 ποιήσουσιν,
1728 2043 1757 2075 Ὀ
1785 2046 1812 2074 δὲ
1838 2044 1868 2086 β’

1041 2092 1128 2120 κανὼν
1148 2094 1197 2125 τῆς
1219 2091 1246 2119 ἐν
1281 2095 1319 2128 τῷ
1354 2091 1477 2131 Τρούλλῳ
1508 2093 1584 2131 ἁγίας
1605 2092 1649 2120 καὶ
1677 2092 1865 2130 οἷκουμενικῆς

1041 2135 1147 2164 συνόδου
1161 2135 1297 2176 διορίζεται
1319 2136 1345 2164 ἐν
1367 2136 1440 2175 μέρει
1467 2140 1548 2165 ταῦτα
1575 2137 1675 2175 ῥητῶς,
1701 2137 1730 2165 Εἰ
1752 2135 1778 2164 δέ
1793 2147 1865 2168 τινες

1040 2179 1077 2208 ἔτι
1107 2180 1134 2208 ἐν
1167 2184 1202 2219 τῇ
1224 2181 1330 2217 ἀπιστίᾳ
1357 2181 1547 2220 τυγχάνοντες,
1580 2181 1624 2209 καὶ
1652 2181 1724 2209 οὔπω
1746 2184 1781 2219 τῇ
1810 2184 1863 2208 τῶν

1039 2223 1179 2264 ὀρθοδόξων
1207 2224 1425 2264 ἓγκαταλεγέντες
1458 2225 1570 2263 ποίμνῃ,
1614 2224 1742 2260 ἀλλήλοις
1783 2226 1863 2264 γάμῳ

1039 2269 1143 2307 νομίμῳ
1168 2270 1340 2308 ἡρμόσθησαν
1355 2278 1365 2286 ⁶
1389 2270 1450 2298 εἶτα
1478 2271 1493 2298 ὁ
1521 2270 1570 2307 μὲν
1597 2271 1628 2298 τὸ
1656 2269 1738 2298 καλὸν
1753 2269 1863 2302 ἐκλεξά-

1039 2324 1129 2354 μενος,
1159 2317 1197 2351 τῷ
1225 2315 1291 2354 φωτὶ
1319 2317 1368 2348 τῆς
1396 2314 1520 2348 ἀληθείας
1547 2314 1725 2354 προσέδραμεν
1747 2322 1756 2330 '
1787 2316 1801 2342 ὁ
1836 2313 1863 2342 δὲ

1039 2359 1089 2386 ὕπὸ
1102 2359 1148 2386 τοῦ
1161 2359 1210 2392 τῆς
1223 2358 1326 2392 πλάνης
1354 2359 1515 2399 κατεσχέθη,
1545 2358 1652 2398 δεσμοῦ,
1682 2359 1721 2397 μὴ
1737 2360 1802 2398 πρὸς
1818 2360 1862 2391 τὰς

1041 2403 1111 2435 θείας
1139 2403 1254 2431 ἀτενίσαι
1291 2403 1402 2435 ἀκτῖνας
1436 2403 1562 2441 ἑλόμενος
1585 2412 1593 2420 ⁸
1628 2403 1731 2433 εὐδοκεῖ
1764 2403 1791 2431 δὲ
1825 2407 1862 2440 τῷ

1039 2451 1125 2485 πιστῷ
1145 2448 1162 2482 ἦ
1179 2447 1300 2486 ἄπιστος,
1330 2448 1349 2482 ἢ
1370 2449 1400 2476 τὸ
1428 2447 1538 2476 ἕκπαλιν
1567 2449 1581 2476 ὁ
1603 2448 1712 2480 ἄπιστος
1728 2455 1860 2477 συνοικεῖν

1038 2495 1073 2530 τῇ
1085 2495 1167 2531 πιστῇ
1185 2501 1192 2510 ⁸
1222 2493 1261 2530 μὴ
1290 2492 1453 2532 χωριζέσθω,
1483 2493 1550 2521 κατᾶ
1571 2494 1616 2521 τὸν
1638 2494 1710 2521 θετον
1737 2493 1860 2521 ἀπόστο-

1039 2536 1097 2568 )ον,
1126 2533 1262 2576 Ἠγίασται
1290 2538 1339 2576 γὰρ
1368 2538 1381 2564 ὁ
1407 2535 1518 2569 ἄπιστος
1547 2537 1613 2577 ἀνὴρ
1635 2537 1663 2564 ὲν
1683 2540 1718 2576 τῇ
1745 2538 1860 2577 γυναικὶ,

1039 2581 1194 2621 ἣὴγίασται
1215 2582 1233 2615 ἡ
1259 2581 1369 2612 ἄπιστος
1397 2581 1463 2620 γυνὴ
1490 2581 1517 2610 ἒν
1545 2585 1584 2618 τῷ
1612 2580 1693 2620 ἀνδρί.
1723 2583 1779 2615 Τὴν
1801 2582 1863 2609 ἀνα-

1040 2626 1201 2666 φαινομένην
1228 2626 1272 2655 οὖν
1301 2625 1472 2660 ἰναντιότητα
1499 2629 1552 2654 τῶν
1586 2624 1630 2654 δύο
1652 2626 1752 2654 τούτων
1781 2626 1863 2654 κανό-

839 2709 966 2742 VARlE
988 2709 1204 2742 LECTlONES.

214 2765 245 2790 48
262 2763 483 2795 Βαλιντινιανούς,

213 2835 226 2858 ς
239 2817 321 2859 quod
335 2817 444 2849 bonum
458 2819 514 2848 est.
