1946 3080
76 107 155 141 1065

743 110 1095 143 θΗιΕϐΟ-ΒΟΜΑΝΠΜ.

1682 110 1762 144 1066

69 187 124 205 νων
145 179 290 208 κανονικῶς
311 176 428 214 λύοντες,
453 177 564 217 λέγομεν
580 177 633 215 ὅτι,
656 179 670 206 ὁ
692 178 740 216 μὲν
767 177 796 206 ἐκ
818 188 893 218 γενε-

965 179 1051 215 antes,
1073 175 1200 206 dicimus
1221 184 1302 213 eum,
1318 175 1369 216 qui
1395 185 1462 207 cum
1488 175 1640 207 nativitate
1654 176 1759 207 ortho-

65 223 120 255 τῆς
155 221 192 249 ὢν
220 221 365 261 ὁρθόδοξος,
405 223 472 260 μετὰ
511 223 634 262 γυναικὸς
665 225 798 262 αἱρετικῆς
833 234 896 252 συν-

68 266 172 306 αφθεὶς,
190 267 236 294 οὒκ
257 265 378 300 ἀξιωθείη
404 266 575 306 κληρώσεως,
603 268 624 295 εἰ
654 267 692 305 μὴ
721 268 765 295 καὶ
789 268 848 300 τοὺς
870 266 896 295 ἐν

67 314 110 348 τῷ
125 310 194 347 οἴκῳ
216 312 296 340 αὐτοῦ
315 312 422 346 ποιήσει
451 311 598 351 ὀρθοδόξους
626 312 794 351 Χριστιανούς
812 321 819 328 ·
856 311 896 340 ὅτι

68 356 117 384 καὶ
146 355 194 389 τῆς
231 355 454 389 ἐκκλησιαπικῆς
498 357 699 396 κεχωρισμένος
744 357 799 385 ἐστὶ
832 367 896 385 συν-

70 399 170 440 άξεως,
197 401 234 432 ὡς
255 402 289 438 τῇ
316 403 362 428 τοῦ
384 404 498 440 Χριστοῧ
524 400 607 439 μερίδι
628 401 777 439 συμπλέξας
798 401 896 440 κλῆρον

70 443 242 484 ἁμαρτωλόν,
274 441 302 474 “0
337 443 365 473 δὲ
404 446 560 485 αἱρεσιώτης
594 446 631 474 ὢν
667 445 697 474 ἐκ
739 446 895 486 σπαργάνων

69 489 169 527 αὐτῶν,
200 489 244 517 ἐὰν
265 490 314 523 τὴν
335 488 468 528 ὀρθόὸοξον
496 490 584 518 ⁴ιιιίστιν
604 490 760 530 προέληται,
777 489 893 527 δικαίως,

70 533 118 561 ἐὰν
147 533 199 562 ἀπό
227 545 297 566 τινος
328 533 416 573 ἑτέρου
439 534 520 574 λόγου
548 535 594 563 οὐκ
625 534 807 575 εμποδίζηται,
831 545 894 575 χει-

69 578 190 617 ροτονίας
219 577 339 620 ᾲξιωθείη
367 580 511 618 ἱερατικῆς,
548 580 578 608 Τί
611 580 662 619 γὰρ
696 579 785 619 οἶδας,
816 581 894 620 φησὶν

67 623 83 650 ὁ
114 622 198 661 μέγας
229 617 401 661 ’Λπόστολος,
431 623 475 652 ἐὰν
504 624 518 651 ὁ
547 617 652 654 πιστδε
679 617 828 664 μεταγᾶγῃί
846 625 893 658 τὴν

68 666 183 695 ἄπιστον
198 667 307 706 σύζυγον
329 668 408 696 αὺτοῦ
428 669 493 708 πρὸς
521 668 572 702 τὴν
599 669 685 696 πίστιν
702 679 710 708 ;
743 668 836 701 Καλῶς
851 670 894 697 οὖν

69 712 84 739 ὁ
114 712 151 744 εἷς
179 712 228 745 τὴν
257 711 389 752 ὀρθόδοξον
424 713 511 742 πίστιν
553 712 634 741 ἐλθὼν
676 713 729 742 ἀπὸ
755 714 894 753 θρησκείας

70 756 222 795 αἱρετικῶν,
245 757 313 785 κατὰ
343 757 454 789 κανόνας
490 757 611 791 ἀξιωθείη
647 757 795 796 ἀξιώματος
823 760 896 798 ἱερα-

70 803 159 840 τικοῦ,
175 800 224 829 κᾶν
245 802 283 839 μὴ
309 801 514 840 ὀρθοδοξήσωσιν
542 803 559 836 ἡ
595 802 661 841 γυνὴ
688 803 732 830 καὶ
761 803 792 831 τὰ
820 803 897 831 τέχνα

71 856 153 875 αυτου
157 870 164 876 .

112 889 210 930 Ἐρώτ.
232 885 286 929 λβ’.
312 889 566 930 Ἀπροκριμάτιστόν
575 893 631 920 ἔστι
652 891 784 920 τελεῖσθαι
799 892 897 920 τέκνων

68 935 206 976 ἀναδοχὰς
217 935 259 965 διὰ
274 938 402 975 Λατίνων,
419 937 562 977 Ἀρμενίων
579 937 778 979 Μονοθελητῶν,
796 943 895 968 Νεστο-

68 984 177 1020 ριανῶν,
201 982 246 1010 καὶ
260 981 360 1011 λοιπῶν
375 983 500 1011 τοιούτων
516 991 524 998 ⁸
547 983 565 1017 ἢ
591 982 693 1021 μᾶλλον
718 984 832 1021 μισητὸν
853 984 896 1012 καὶ

67 1025 254 1065 ἀποτρόπαιον
271 1036 280 1066 ς

110 1070 209 1100 Ἀπόκ.
241 1072 276 1100 Τὸ
293 1066 336 1113 ,β’
363 1071 496 1110 θέσπισμα
517 1077 563 1102 τοῦ
585 1068 605 1100 ι’
631 1072 774 1113 κεφαλαίου
798 1077 844 1102 τοῦ
871 1072 899 1100 α’

69 1113 161 1143 τίτλου
189 1119 236 1144 τοῦ
269 1110 297 1144 α’
331 1115 430 1155 βιϐλίου
458 1120 510 1145 τῶν
553 1110 720 1157 βασιλικιῖινς
750 1118 896 1157 Αἱρετικὸς,

71 1159 164 1199 φησὶν,
180 1158 244 1200 ἐστὶ,
270 1161 314 1188 καὶ
335 1167 395 1192 τοῖς
418 1162 486 1190 κατὰ
508 1165 559 1190 τῶν
591 1163 727 1202 αἱρετικῶν
762 1162 897 1190 ὑπόκειται

71 1203 177 1241 νόμοις,
208 1205 221 1232 ὁ
252 1205 346 1244 μικρὸν
373 1209 434 1244 γοῦν
458 1205 584 1234 ἐκκλίνων
612 1209 662 1240 τῆς
689 1205 823 1246 ὀρθοδόξου
850 1206 896 1234 πί-

71 1258 169 1280 στεως.
213 1247 287 1277 Ἐπεὶ
328 1253 391 1289 γοῦν
431 1250 528 1283 πάντες
564 1252 588 1279 οἱ
615 1250 839 1290 ἀπαριθμηθέντες
861 1251 897 1282 είς

70 1293 120 1325 τὴν
151 1296 284 1333 παροῦσαν
313 1293 454 1334 ἐρώτησιν,
483 1295 514 1323 οὒ
539 1294 580 1324 διὰ
626 1296 718 1335 μικρὸν
754 1294 821 1323 ἀλλὰ
857 1294 898 1322 διὰ

72 1335 174 1369 πλάτος
203 1337 272 1377 μέγα
293 1339 337 1366 καὶ
364 1337 552 1372 δυσδιεξίτητον
579 1339 609 1367 ἐκ
630 1342 678 1372 τῆς
709 1342 762 1367 τῶν
789 1338 896 1378 ὀρθοδό-

70 1380 121 1413 ξων
153 1381 313 1415 Ἐκκλησίας
350 1382 562 1420 ἀπεξενώθησαν,
590 1384 696 1416 πάντως
725 1382 782 1412 οὒδὲ
816 1384 895 1423 χάριν

69 1425 209 1466 ἀναδοχῆς
251 1426 351 1455 παίδων
391 1429 576 1466 πνευματικῶν
618 1428 824 1466 μεσιτευομένης
861 1428 894 1456 δι’

66 1470 151 1509 ἁγίων
173 1472 261 1511 εὒχῶν
285 1472 329 1500 καὶ
352 1472 523 1512 ἁγιασμάτων
550 1472 670 1510 πολλῶν,
693 1474 760 1510 ἡμῖν
789 1483 896 1512 συγκοι-

67 1515 230 1550 νωνήσουσιν
246 1523 253 1530 ·
271 1515 317 1544 ἵνα
332 1517 371 1554 μὴ
392 1517 436 1545 καὶ
449 1518 522 1546 αὐτοὶ
537 1517 714 1554 ἆκοινωνησίᾳ
728 1519 893 1556 κατακριθῶ-

66 1569 126 1598 μεν,
143 1561 213 1588 κατὰ
227 1561 272 1589 τὸν
286 1561 397 1602 κανόνα,
412 1561 457 1590 τὸν
470 1560 592 1601 λέγοντα,
618 1557 646 1590 ¹0
668 1565 801 1590 κοινωνῶν
815 1561 893 1590 ἀκοι-

66 1605 191 1641 νωτήτῳ,
209 1606 253 1633 καὶ
274 1605 351 1637 αὐτὸς
366 1605 546 1640 ἆκοινώνητός
561 1606 643 1637 ἐστιν.

106 1648 205 1689 Ἐριίγτ.
231 1644 285 1689 λγ’.
313 1644 458 1690 Ὀρθόδοξαι
483 1657 607 1689 γυναῖκες
635 1651 808 1680 συνάπτονται
822 1651 895 1690 τάχα

53 1692 273 1732 ’γαμικῶςμετὰ
287 1696 459 1733 Σαρακηνῶν,
475 1694 494 1728 ἣ
505 1695 549 1722 καὶ
564 1696 735 1735 αἱρεσιωτῶν,
750 1696 794 1723 καὶ
807 1694 896 1724 θέλου-

67 1748 118 1773 σιν,
136 1738 176 1770 ὡς
205 1737 396 1779 ὁρθοδοξοῦσαι,
413 1739 498 1772 καθὼς
520 1737 702 1778 διενίστανται,
720 1738 890 1777 μεταλαμϐά-

67 1792 119 1810 νειν
134 1785 190 1811 τῶν
204 1783 278 1811 θείων
293 1783 464 1822 ἁγιασμάτων
481 1791 488 1798 ·
506 1787 636 1822 ζητοῦμεν
659 1784 703 1812 οὖν
717 1785 748 1812 τὺ
763 1783 890 1817 ποιητέον

66 1827 174 1863 μαθεῖν,

105 1871 204 1902 Ἀπόκ.
229 1866 257 1900 ι0
281 1866 306 1899 θ’
328 1872 415 1900 κανὼν
444 1875 492 1906 τῆς
521 1873 550 1900 ἴεν
571 1876 609 1909 τῷ
634 1872 758 1912 Τρούλλῳ
784 1871 890 1901 συνόδου

64 1916 144 1946 ταῦτά
173 1927 239 1956 φησι
257 1925 265 1935 ·
303 1916 347 1950 Μὴ
375 1916 470 1950 εξετναι
505 1916 639 1956 ὁρθόδοξον
666 1917 744 1956 ἄνδρα
776 1918 894 1956 αἱρετικῇ

65 1960 239 1989 συνάπτεσθαι
261 1962 374 2000 γυναικὶ,
405 1962 474 1999 μὴτε
505 1963 632 2002 αἱρετικῷ
653 1961 724 2001 ἀνδρὶ
758 1960 893 2001 ὀρθόδοξον

64 2012 178 2044 γυναῖκα
213 2006 408 2044 συζεύγνυσθαι.
452 2005 528 2034 Ἀλλ’
557 2007 579 2034 εἰ
605 2007 650 2034 καὶ
677 2009 747 2046 φανῇ
774 2009 892 2034 τοιοῦτον

64 2049 114 2078 ὑπό
128 2060 200 2082 τινος
213 2052 265 2077 τῶν
289 2050 411 2079 ἁπάντων
437 2050 588 2088 γινόμενον,
612 2050 706 2090 ἄκυρον
732 2051 777 2078 τὸν
805 2050 892 2089 γάμον

65 2095 200 2134 ἡγεῖσθαι,
217 2095 261 2122 καὶ
274 2095 306 2122 τὸ
316 2093 427 2132 ἄθεσμον
442 2093 589 2123 διαλύεσθαι
601 2095 777 2126 ωνοικέσιον,
794 2096 830 2124 Οὐ
842 2095 892 2134 γὰρ

937 219 1030 250 doxus
1045 223 1134 257 esset,
1146 229 1213 250 cum
1223 219 1363 251 haeretica
1377 220 1502 252 muliere
1513 221 1689 260 conjunctus
1700 225 1756 258 est,

937 263 1059 303 dignum
1076 273 1134 294 non
1150 263 1279 301 censeri,
1299 264 1350 304 qui
1366 265 1395 294 in
1407 265 1522 296 clerum
1537 265 1694 306 allegatur,
1702 265 1761 296 nisi

937 307 1116 339 domesticos
1132 317 1202 339 suos
1218 317 1322 338 omnes
1337 309 1521 341 Christianos
1537 309 1641 340 iecerit
1655 310 1760 341 ortho-

937 352 1029 384 doxos
1043 363 1050 383 :
1067 353 1135 394 quia
1150 361 1179 384 et
1194 353 1230 383 ab
1245 354 1446 385 ecclesiastica
1461 359 1505 385 est
1531 359 1665 387 remotus
1676 364 1757 386 com-

937 398 1088 434 munione,
1109 402 1210 438 utpote
1225 397 1275 438 qui
1292 398 1399 430 Christi
1416 399 1549 439 partibus
1562 399 1759 440 peccatricem

935 447 1048 472 sortem
1064 442 1256 482 implexuerit
1269 442 1325 478 Qui
1342 447 1451 481 autem,
1465 443 1623 475 haereticus
1634 454 1701 475 cum
1713 453 1760 475 es-

935 491 981 516 set
1003 487 1039 518 ab
1063 487 1273 528 incunabulis,
1301 488 1455 518 orthoxam
1486 487 1575 519 ﬁdem
1604 488 1757 528 delegerit,

932 531 1012 570 jure,
1030 531 1085 562 nisi
1098 541 1162 572 quae
1173 531 1253 571 justa
1270 541 1358 562 causa
1372 531 1527 572 impediat,
1539 532 1758 564 ordinationem

935 576 1149 606 sacerdotalem
1174 576 1317 616 consequi
1333 576 1438 616 possit.
1454 576 1530 612 Quid
1545 576 1626 607 enim
1652 577 1762 617 (inquit

936 629 1059 660 magnus
1072 621 1240 661 Apostolus)
1256 621 1344 657 nosti,
1363 620 1388 651 si
1403 620 1500 653 ﬁdelis
1515 621 1642 652 deducat
1654 621 1759 652 inﬁde-

936 665 995 695 lem
1009 666 1169 705 conjugem
1188 665 1226 696 ad
1237 665 1327 696 ﬁdem
1337 664 1350 696 ’ἶ
1362 666 1454 697 Recte
1470 665 1572 706 igitur,
1589 666 1641 706 qui
1655 666 1692 697 ad
1707 675 1759 696 or-

936 709 1095 740 thodoxam
1123 709 1212 741 ﬁdem
1232 711 1312 741 venit
1326 709 1362 740 ab
1378 709 1585 742 haereticorum
1613 710 1760 751 supersti-

940 754 1030 791 tione,
1048 754 1226 786 sacerdotali
1250 753 1415 785 secundum
1439 764 1570 786 canones
1599 755 1762 786 honoratur

939 798 1094 838 dignitate,
1122 799 1192 830 licet
1206 808 1282 830 uxor
1296 802 1326 830 et
1338 797 1427 829 liberi
1441 799 1507 840 ejus
1527 799 1686 831 orthodoxi
1700 808 1760 830 non

939 843 1021 875 ﬁant.

907 863 928 888 Β
939 863 1091 919 “interr.
1108 888 1157 919 32.
1168 888 1213 919 An
1224 892 1304 920 extra
1315 888 1521 929 pmjudicium
1532 888 1689 921 infantium
1697 897 1759 920 sus-

938 933 1092 972 ceptiones
1107 933 1183 964 ﬁunt
1196 943 1214 964 a
1229 933 1350 970 Latinis,
1361 933 1523 972 Armeniis,
1540 933 1758 972 Monotheletis,

938 976 1131 1014 Nestorianis,
1147 981 1177 1008 et
1191 977 1307 1009 caeteris
1323 977 1482 1018 ejusmodi,
1507 986 1545 1009 an
1572 978 1669 1018 potius
1691 978 1760 1009 odio

939 1021 1060 1061 dignum
1076 1026 1165 1062 atque
1181 1022 1412 1053 detestandum?

979 1066 1067 1107 Resp.
1084 1065 1197 1097 Thema
1207 1067 1236 1104 2,
1249 1076 1317 1106 cup.
1332 1068 1382 1104 10,
1395 1075 1417 1104 ι,
1433 1066 1487 1099 lib.
1514 1075 1523 1098 ι
1538 1066 1731 1098 Basilicarum
1751 1077 1758 1097 :

938 1109 1114 1151 Haereticus,
1130 1110 1237 1151 inquit,
1249 1115 1305 1149 est,
1322 1115 1351 1142 et
1364 1111 1492 1152 legibus,
1507 1120 1573 1152 qua:
1587 1111 1625 1142 de
1640 1111 1759 1142 haereti-

939 1154 982 1185 cis
997 1159 1077 1193 sunt,
1094 1154 1261 1195 subjicitur,
1279 1156 1329 1196 qui
1341 1155 1459 1196 paulum
1476 1155 1513 1187 ab
1524 1155 1687 1186 orthodoxa
1701 1155 1760 1186 ﬁde

939 1199 1078 1230 declinat.
1096 1200 1168 1231 Cum
1182 1199 1270 1239 igitur
1282 1200 1303 1230 ii
1319 1209 1435 1241 omnes,
1451 1201 1502 1241 qui
1525 1201 1580 1231 hac
1596 1201 1759 1240 interroga-

940 1246 1019 1275 tione
1034 1244 1199 1274 enumerati
1214 1248 1356 1282 sunt,non
1372 1245 1534 1285 parvo,sed
1549 1245 1636 1284 longo
1650 1244 1758 1285 spatio,

939 1292 968 1319 et
981 1288 1059 1329 quod
1076 1288 1198 1320 difﬁcile
1213 1289 1347 1329 superari
1359 1293 1459 1330 queat,
1471 1289 1508 1320 ab
1525 1288 1757 1321 orthodoxorum

937 1332 1072 1364 Ecclesia
1086 1342 1208 1373 prorsus
1223 1334 1359 1364 exsulent
1373 1342 1380 1364 :
1405 1343 1465 1364 non
1481 1333 1755 1372 communicabunt,

937 1378 1092 1408 nobiscum
1107 1377 1229 1417 gratiam
1245 1378 1442 1418 susceptiouis
1457 1378 1620 1409 liberorum
1636 1378 1758 1418 spirita-

936 1421 1021 1460 lium,
1036 1431 1088 1462 per
1101 1431 1201 1453 sacras
1216 1431 1320 1462 preces
1331 1428 1361 1453 et
1376 1423 1629 1454 sanctiﬁcationes
1648 1422 1759 1453 multas

935 1466 1148 1498 intercedentis
1168 1477 1177 1497 :
1194 1476 1232 1498 ne
1246 1471 1275 1498 et
1290 1467 1596 1499 excommunicatione
1610 1466 1757 1498 condem-

904 1504 924 1530 C
935 1520 1053 1548 nemur,
1068 1512 1151 1551 juxta
1164 1520 1308 1542 canonem
1327 1511 1758 1549 dicentem,Quicommunicat

935 1565 1002 1587 cum
1016 1556 1282 1594 excommunicato,
1299 1561 1344 1587 est
1354 1556 1629 1588 excommunicatus
1640 1555 1754 1596 etipse.

975 1646 1087 1677 Interr.
1104 1645 1154 1677 33.
1175 1645 1353 1677 Orthodoxae
1372 1645 1514 1677 mulieres
1535 1644 1760 1685 conjunguntur

935 1690 1010 1721 forte
1026 1699 1080 1731 per
1093 1690 1212 1731 nuptias
1227 1700 1293 1722 cum
1311 1690 1467 1722 Saracenis
1481 1690 1526 1721 vel
1542 1689 1755 1730 haireticis,vo-

930 1735 1183 1775 luutque,utbene
1191 1734 1229 1766 de
1246 1734 1305 1766 ﬁde
1320 1734 1754 1775 sentientes,quemadmodum

930 1783 1102 1811 constanter
1117 1779 1321 1818 instituerunt,
1335 1779 1494 1820 participes
1509 1779 1576 1810 ﬁeri
1587 1778 1754 1810 divinarum

930 1824 1210 1855 sanctiﬁcationum.
1225 1824 1389 1860 Quaerimus
1404 1824 1475 1864 quid
1496 1822 1665 1854 faciendum
1681 1822 1730 1854 sit.

971 1868 1059 1908 Resp.
1072 1870 1173 1899 Canon
1186 1868 1223 1900 70
1232 1868 1335 1908 synodi
1345 1870 1376 1899 in
1386 1868 1487 1899 Trullo
1499 1868 1563 1898 haec
1575 1868 1616 1898 ait
1628 1877 1636 1897 :
1646 1866 1712 1898 Non
1718 1866 1752 1898 li-

929 1921 998 1944 cere
1013 1922 1082 1944 vero
1099 1913 1262 1944 orthodoxe
1285 1922 1351 1943 cum
1375 1912 1499 1944 muliere
1523 1911 1662 1943 haeretica
1675 1920 1749 1943 con-

926 1957 1024 1997 jungi,
1041 1967 1138 1998 neque
1153 1966 1221 1988 vero
1237 1958 1367 1988 orthoxas
1378 1967 1445 1988 cum
1462 1957 1523 1988 viro
1548 1956 1689 1987 haeretica
1700 1965 1750 1987 co-

933 2003 1038 2043 pulari.
1057 2002 1115 2034 Sed
1131 2006 1160 2033 el
1175 2003 1200 2033 si
1214 2002 1286 2043 quid
1300 2001 1449 2042 ejusmodi
1462 2001 1498 2033 ab
1514 2001 1574 2032 ullo
1591 2010 1627 2032 ex
1648 2000 1749 2031 omni-

933 2048 988 2077 bus
1003 2047 1112 2077 lactum
1128 2046 1307 2086 apparuerit,
1323 2046 1425 2078 irritas
1442 2046 1560 2087 nuptias
1573 2045 1750 2084 existimari,

933 2096 964 2122 et
977 2092 1121 2122 nefarium
1138 2091 1306 2132 conjugium
1321 2091 1444 2122 dissolvi
1459 2101 1466 2121 :
1486 2100 1584 2132 neque
1606 2090 1686 2121 enim
1704 2099 1750 2128 ea,

66 2139 121 2178 χρὴ
135 2139 169 2167 τὰ
191 2137 289 2176 ἄμικτα
303 2139 436 2178 μιγνύναι,
466 2138 524 2168 οὒὸὲ
553 2143 592 2177 τῷ
612 2138 738 2179 προϐάτῳ
750 2140 796 2167 τὸν
811 2138 889 2167 λύκον

965 2146 996 2167 ιω
1011 2146 1070 2167 non
1085 2140 1153 2167 sunt
1168 2136 1331 2173 miscenda,
1352 2135 1474 2166 misceri
1488 2145 1497 2174 ;
1513 2144 1569 2167 nec
1583 2144 1668 2166 ovem
1682 2144 1751 2166 cum

67 2183 272 2221 συμπλέκεσθαι,
301 2184 345 2211 καὶ
373 2186 407 2222 τῇ
435 2187 480 2212 τοῦ
507 2188 620 2223 Χριστοῦ
648 2185 748 2222 ποίμνῃ
777 2184 822 2212 τὸν
836 2187 889 2212 τῶν

65 2228 229 2268 ἁμαρτωλῶν
243 2227 354 2267 κλῆρον.
373 2229 402 2256 Εἰ
421 2227 448 2256 δὲ
476 2227 584 2267 παραϐῇ
612 2240 652 2261 τις
675 2229 707 2256 τὰ
728 2228 790 2267 παρ’
810 2229 889 2266 ἡμῶν

65 2273 209 2312 ὁρισθέντα,
225 2272 395 2313 ἀφριζὲσθω.
414 2268 444 2301 Ἠ
459 2276 521 2313 γοῦν
535 2272 577 2301 διὰ
595 2273 645 2307 τὴν
663 2272 774 2311 ἄθεσμον
789 2273 888 2307 ταύτην

64 2318 201 2346 κοινωνίαν
215 2318 282 2356 μετᾶ
297 2318 437 2357 αἱρετικοῦ,
451 2318 621 2357 ἀφωρισμένη
638 2317 702 2346 οὖσα
715 2318 758 2346 καὶ
773 2317 887 2347 ἀκοινώ-

65 2373 154 2402 νητος,
170 2362 228 2394 πῶς
243 2364 296 2390 τῶν
317 2361 392 2390 θείων
413 2362 585 2402 ἁγιασμάτων
608 2361 751 2402 ἀξιωθείη;
783 2362 887 2395 πάντως

65 2404 190 2444 οὐδαμοῦ,
219 2406 241 2434 εἰ
276 2406 314 2444 μὴ
340 2405 446 2444 ἀποστῇ
472 2409 518 2435 τοῦ
539 2409 633 2444 κακοῦ,
663 2406 708 2434 καὶ
735 2412 886 2438 κανονικοτς

67 2449 205 2489 ἒπιτίμίοις
220 2449 358 2490 summa.

106 2539 202 2579 Ἐρώτ,
257 2534 309 2571 λδ’.
364 2540 439 2572 Τινὲς
493 2540 650 2579 γυναικείων
705 2539 888 2578 μοναστηρίων

67 2586 231 2624 προεστῶσαι
251 2588 374 2621 ζητοῦσιν
396 2584 550 2625 ἐγχώρησιν
590 2584 767 2618 ὲπισκοπικὴν
808 2584 888 2624 χάριν

67 2633 111 2658 τοῦ
138 2629 261 2670 δέχεσθαι
295 2629 438 2669 λογισμούς
475 2631 527 2659 τῶν
561 2628 605 2658 ὑπ’
639 2629 718 2662 αἰηὰς
747 2632 886 2669 μοναχῶν,

66 2677 197 2713 Ζητοῦμεν
223 2674 267 2703 οὖν
296 2675 319 2702 αἱ
346 2674 416 2703 ἔστιν
443 2673 618 2714 ἐνδεχόμενον
650 2677 728 2704 τοῦτο
756 2673 887 2713 γενέσθαι.

931 2180 1012 2221 lupo,
1030 2190 1085 2211 nec
1101 2185 1290 2221 peccatorum
1305 2185 1415 2211 sortem
1440 2189 1507 2211 cum
1529 2179 1638 2211 Christi
1665 2183 1751 2220 parte

930 2225 1071 2266 conjungi
1085 2229 1212 2266 oportet.
1229 2225 1260 2256 Si
1281 2225 1346 2266 quis
1368 2229 1467 2256 autem
1484 2234 1530 2263 ea,
1547 2234 1613 2265 quae
1631 2234 1649 2256 a
1663 2224 1751 2255 nobis

930 2271 1050 2302 decreta
1063 2275 1142 2307 sunt,
1160 2275 1361 2310 transgressus
1375 2269 1475 2301 fuerit.
1492 2268 1750 2309 segregetur.Quaa

929 2314 1018 2354 igitur
1032 2324 1085 2356 per
1101 2315 1231 2346 .llicitam
1243 2316 1320 2345 hanc
1332 2323 1399 2345 cum
1410 2314 1550 2345 haeretico
1561 2314 1749 2353 societatem,

930 2359 1123 2391 exterminata
1133 2359 1446 2398 excommunicataque
1457 2362 1647 2399 est,quonam
1664 2357 1752 2389 modo

930 2403 1087 2435 habebitur
1103 2404 1210 2435 divinis
1225 2402 1513 2436 sanctiﬁcationibus
1538 2403 1626 2443 digna
1638 2402 1654 2432 ?
1671 2402 1752 2434 nullo

929 2457 1061 2489 prorsus,
1079 2449 1135 2480 nisi
1149 2459 1165 2479 a
1182 2449 1260 2480 malo
1275 2449 1412 2487 divertat,
1426 2451 1455 2478 et
1466 2447 1618 2479 canonicis
1644 2456 1752 2479 emen-

929 2494 996 2524 data
1006 2493 1044 2524 sit
1055 2494 1302 2526 correctiouibus.

970 2537 1082 2570 Interr.
1093 2538 1142 2570 34.
1152 2538 1289 2575 Quaedam
1303 2537 1493 2570 muliebrium
1505 2537 1752 2568 monasteriorum

931 2582 1076 2623 praefractae
1086 2583 1284 2623 episcopalem
1306 2583 1465 2623 requirunt
1478 2582 1595 2614 veniam
1611 2588 1634 2619 τ,
1649 2586 1681 2613 ut
1695 2582 1752 2613 sibi

930 2627 1113 2658 subditarum
1121 2628 1292 2659 monlalium
1303 2627 1459 2659 ratiocinia
1473 2626 1752 2667 1'suscipiantﬂuae—

930 2672 1035 2711 rimus,
1043 2682 1082 2703 an
1097 2672 1170 2704 illud
1185 2672 1301 2704 admitti
1316 2673 1420 2714 possit.

725 2725 851 2758 VABIE
872 2725 1090 2760 LEGTIONES.

103 2774 114 2790 τ
122 2767 325 2807 permissam:
338 2772 349 2788 ⁸
361 2767 573 2807 confessiones.

185 2820 309 2852 PATROL.
326 2820 381 2854 Gn.
396 2819 496 2852 CXIX-
