1946 3080
251 142 327 175 1067

291 211 378 250 Resp.
395 208 472 240 Alibi
484 208 572 240 etiam
588 207 728 249 diximus,
748 207 819 240 solis
843 207 986 239 tributum
1002 212 1098 238 esseA

251 253 469 292 sacerdotibus,
492 253 716 285 confessionum
740 252 892 284 suscicere
918 251 1072 283 ratiocinia

251 310 317 332 cum
331 298 494 341 episcopali
511 298 670 339 permissu.
688 297 720 329 Si
742 297 832 338 igitur
858 307 916 329 non
940 301 1072 329 sacratus

251 345 409 386 praefectus
424 353 479 375 nec
494 353 560 374 cum
583 342 744 384 episcopali
766 343 912 383 permissu
928 342 957 373 id
974 342 1072 373 facere

251 393 359 431 potest,
373 388 465 419 multo
481 388 580 419 minus
594 388 624 419 id
637 387 785 428 praelecta;
798 396 972 418 concessum
988 386 1046 418 erit
1061 396 1068 416 :

250 434 306 465 etsi
319 434 413 465 virtus
423 433 488 473 ejus
503 433 597 465 solem
611 431 770 474 splendore
780 436 914 474 superet.

292 521 407 554 Interr.
430 522 480 554 35.
503 521 600 554 Divini
625 531 751 554 canonss
765 522 980 554 diconissarum
1008 529 1074 552 me-

253 567 412 598 minerunt.
431 567 610 608 Quaerimus,
626 567 713 608 quale
723 567 760 598 sit
773 576 874 598 earum
890 566 1031 597 ofﬁcium.

290 657 459 698 Respﬂlim
474 657 634 697 aliquando
645 656 768 688 ordines
782 656 1014 688 diaconissarum
1026 664 1073 686 ca-

252 701 383 733 nonibus
397 702 508 740 cogniti
522 702 616 740 fuere,
634 701 849 742 habebantque
862 701 933 742 ipsa;
948 699 1071 740 gradum

254 747 291 778 ad
306 746 410 778 altare.
430 748 650 778 Menstruorum
667 750 764 778 autem
784 746 948 787 inquinatio
965 744 1072 776 minis-

253 790 359 821 terium
372 799 474 822 earum
489 800 507 821 a
519 790 618 821 divino
631 795 663 823 et
682 796 785 822 sancto
801 790 885 822 altari
899 789 1024 830 expulit.
1040 788 1074 820 In

935 141 1001 172 JUS
1021 139 1244 173 CANONICUM

1862 132 1930 166 1068

1154 204 1249 238 ’Λπόκ,
1274 207 1320 234 Γαὶ
1348 205 1443 235 ἄλλοτε
1475 205 1601 244 εἴπομεν,
1631 203 1723 242 μόνοις
1749 203 1812 236 τοῖς
1847 203 1930 242 iege-Im

1113 251 1180 288 μετὰ
1208 250 1385 285 ἐπισκοπιχῆς
1419 250 1599 291 ὲκχῳρήσεως
1635 247 1774 286 δεδομένον
1803 247 1878 276 εἶναι
1909 248 1931 274 τῆ

1113 285 1234 336 δέχεσθαι
1275 295 1429 336 λογισμούς.
1452 285 1519 324 "Inv
1560 299 1623 334 γοῦν
1652 285 1709 322 ιγἙὲ
1743 293 1849 336 ἆνίερος
1877 293 1932 320 καθ-

1112 335 1260 379 ηγούμενος
1298 341 1365 378 μετὰ
1406 340 1582 374 ἐπισκοπικης
1616 338 1797 378 ἐκχωρήσεως
1838 335 1932 366 ἆῖινκται

1113 383 1235 425 δέχεσθαι
1251 384 1407 425 λογισμοὺς,
1426 384 1519 422 παλλλῷ
1539 383 1619 412 πλέον
1643 385 1691 412 οὒκ
1705 382 1853 422 ἑκχωρηθῇ
1866 384 1932 409 τοῧτε

1113 429 1184 469 παρὰ
1197 430 1397 469 καθηγουμένης
1412 430 1539 469 γίνεσθαι,
1555 427 1603 458 κᾶν
1618 429 1636 463 ἦ
1651 427 1733 467 ἀρετὴ
1747 426 1832 459 αὖτῆς
1848 425 1932 463 λάμπῃ

1114 474 1159 502 τὸν
1173 473 1261 507 ¹ἥλιον.

1155 518 1251 558 Ἐρώτ.
1274 512 1325 550 λε’.
1355 520 1384 547 Οἱ
1411 521 1479 548 θεῖοι
1505 520 1613 551 κανόνες
1643 517 1777 556 μέμνηται
1806 515 1932 545 διακονία-

1115 565 1254 593 ιιονισσῶν.
1278 566 1413 601 Ζητοῦμεθ
1427 563 1472 592 οὖν
1495 566 1589 602 μαθεῖν
1607 562 1687 592 ποτόν
1709 562 1764 590 ἐστι
1787 561 1818 589 τὸ
1842 561 1932 589 τούτωτ

1114 606 1304 647 λειτούργημα.

1155 650 1251 682 Ἀπόκ,
1274 651 1360 680 Πάλαι
1382 653 1446 681 ποτὲ
1474 653 1517 681 καὶ
1540 652 1663 692 τάγματα
1683 650 1859 680 διακονισσῶν
1887 656 1932 677 τοῖς

1115 696 1221 725 κανόσιν
1251 695 1455 736 ἔπεγινώσχετο,
1492 699 1536 726 καὶ
1557 698 1638 738 εἶχον
1658 697 1704 726 καὶ
1736 695 1813 724 αὗται
1843 695 1932 733 βαθμῶ

1114 740 1140 770 ἐν
1167 744 1206 778 τῷ
1239 742 1368 780 βήματι·
1397 743 1415 776 ἡ
1451 741 1478 770 δὲ
1507 744 1560 771 τῶν
1594 742 1723 780 ἐμμήνων
1751 741 1873 771 κάκωσις
1895 738 1932 771 τὴν

1113 786 1255 826 ὑπηρεσίαν
1270 787 1368 820 ταύτην
1382 788 1414 815 ὲκ
1433 791 1479 816 τοῦ
1492 788 1560 816 θείου
1583 787 1626 816 Ααὶ
1647 787 1722 826 ἁγίου
1735 786 1861 824 βήματος
1878 784 1932 811 ἁπτ-

253 835 445 881 sanctissima
456 839 554 881 autem
570 835 707 881 Ecclesia
718 835 798 867 sedis
809 828 1068 881 Constantinopoli-

1157 841 1209 858 ωσε
1227 839 1234 846 ⁸
1251 831 1321 870 παρὰ
1335 830 1363 859 δὲ
1377 834 1411 870 τῇ
1432 832 1567 871 ἁγιωτάτῃ
1595 830 1742 867 Ἐκκλησία
1770 834 1818 858 τοῦ
1853 828 1932 868 θρόνω

253 883 390 911 tanorum
417 879 591 911 diaconissae
618 879 799 920 deliguntur,
828 889 918 910 unam
953 878 1074 919 quidem

254 924 555 956 communicationem
580 934 640 955 non
673 924 818 956 habentes
846 924 883 956 ad
909 924 1010 962 altare,
1042 923 1075 953 in

254 968 356 999 multis
371 972 471 1000 autem
486 968 631 1001 habentes
645 973 833 1008 conventum,
850 973 879 1000 et
895 968 1073 1000 muliebrem

253 1015 364 1044 catum
376 1013 578 1045 ecclesiastice
593 1013 765 1054 dirigentes.

293 1057 407 1089 Interr.
425 1058 475 1091 36.
492 1060 537 1090 An
552 1057 754 1090 subdiaconus
769 1063 799 1090 et
817 1058 959 1090 diaconus
974 1056 1074 1097 legiti-

255 1111 304 1133 me
319 1102 412 1143 possit
426 1111 492 1133 cum
505 1102 630 1134 muliere
645 1103 776 1144 copulari
787 1112 893 1135 necne.

293 1146 384 1187 Resp.
400 1146 437 1177 Et
450 1156 589 1185 canones,
607 1151 636 1179 et
652 1148 734 1188 leges
751 1148 840 1179 varias
858 1151 957 1178 vetant
972 1156 1073 1179 sacra-

255 1194 301 1222 tos
314 1194 382 1231 post
396 1191 614 1223 ordinationem
630 1191 805 1225 mulieribus
827 1192 977 1233 conjungi.
1002 1191 1074 1224 Cum

254 1239 353 1266 autem
370 1236 415 1276 (ut
424 1236 550 1276 videtur)
565 1237 742 1268 canonicum
767 1238 823 1269 hoc
836 1241 1077 1269 contemneretur

255 1280 458 1319 interdictum,
470 1281 550 1313 inter
562 1281 761 1322 imperatores
777 1282 901 1322 inclytus
917 1286 946 1313 et
954 1281 1075 1323 sapien-

256 1325 387 1357 tissimus
402 1326 541 1358 dominus
555 1326 615 1359 Leo
640 1336 693 1368 per
714 1326 865 1358 Novellam
889 1327 1075 1359 sanctionem

256 1369 361 1401 vitium
375 1370 554 1402 emendavit.
569 1371 667 1412 Inquit
693 1371 772 1402 enim
794 1372 857 1402 haec
872 1371 903 1402 in
923 1376 1007 1412 parte
1020 1381 1075 1403 ex-

258 1414 383 1454 pressim
401 1415 486 1446 tertia
501 1415 567 1456 ejus
577 1416 702 1447 Novella
716 1427 723 1448 :
739 1416 885 1447 Jubemus
900 1418 934 1448 ut
945 1416 982 1447 ad
993 1421 1075 1448 vetus

1114 876 1167 904 τῶν
1190 875 1503 905 Κωνσταντινουπολιτῶν
1530 875 1692 905 διαχόνισσαι
1715 875 1932 915 προχειρίζονται1

1114 920 1176 958 μίαν
1192 919 1241 958 μὲν
1257 920 1395 958 μετουσίαν
1411 921 1450 959 μὴ
1464 920 1575 961 ἔχουσαι
1597 920 1624 948 ἐν
1649 922 1688 957 τῷ
1701 920 1816 958 βήματι,
1841 917 1932 950 ἐκκλη-

1115 965 1249 1000 σιάζουσαι
1264 963 1291 992 δὲ
1306 965 1339 993 τὰ
1359 964 1458 1003 πολλὰ,
1487 967 1530 994 καὶ
1553 966 1603 1000 τὴν
1631 970 1820 1005 γυναικωνῖτιν
1843 962 1932 996 E11113-

1115 1012 1259 1042 σιαστικῶς
1280 1008 1457 1049 διορθούμεναι
1463 1035 1469 1040 .

1157 1053 1251 1094 Ἐρώτ.
1268 1052 1338 1092 λς’.
1355 1051 1540 1087 ιΥιποδιάδιονος
1563 1055 1608 1083 καὶ
1632 1054 1751 1087 διάκονος
1776 1052 1886 1082 δύναται
1901 1064 1932 1081 νιν

1117 1100 1204 1138 μίμως
1221 1103 1381 1141 συναφθῆναι
1396 1100 1510 1141 γυναικὶ²
1526 1100 1543 1135 ἢ
1565 1100 1595 1128 οὗ
1609 1109 1618 1140 ς

1158 1142 1254 1176 ’Λπόκ,
1278 1146 1327 1174 Καὶ
1355 1145 1463 1177 κανόνες
1498 1146 1542 1173 καὶ
1562 1145 1639 1183 νόμοι
1668 1143 1784 1185 διάφοροι
1811 1143 1932 1172 κωλύω

1115 1189 1177 1221 τοὺς
1219 1189 1375 1229 ἱερωμένους
1417 1190 1590 1218 συνάπτεσθαι
1641 1188 1740 1229 γυναιξὶ
1780 1188 1855 1226 μετὴ
1896 1190 1932 1220 tr“

1117 1234 1293 1273 χειροτονίαν.
1324 1238 1375 1264 Τοῦ
1414 1233 1442 1262 δὲ
1468 1234 1586 1263 τοιούτου
1620 1236 1760 1262 κανονικώ
1787 1232 1932 1272 παρατγέλι

1117 1289 1201 1316 ματος
1236 1278 1420 1319 ὰθετουμένου,
1463 1279 1500 1311 ὣς
1541 1279 1639 1317 ἔοικεν,
1675 1279 1690 1307 ὃ
1723 1278 1750 1306 ἐν
1791 1277 1932 1316 ﬂamini“

1117 1321 1235 1361 ἀοίδιμος
1269 1323 1314 1352 καὶ
1341 1323 1493 1364 σοφώτατος
1528 1323 1616 1363 κύριος
1657 1323 1744 1361 Λέων,
1773 1321 1818 1351 διὰ
1851 1323 1932 1350 025:!-

1117 1378 1216 1405 σματος
1241 1371 1340 1407 Νεαροῦ
1369 1369 1400 1396 τὸ
1430 1369 1512 1397 κακὸν
1540 1367 1718 1408 διωρθώσατο.
1750 1368 1824 1401 Φησὶ
1852 1368 1903 1407 γὰρ
1925 1367 1932 1393 i

1116 1412 1190 1452 τρίτη
1220 1413 1306 1452 Νεκρὰ
1335 1413 1412 1441 αὐτοῦ
1446 1412 1473 1440 ἐν
1509 1412 1581 1453 μέρει
1619 1416 1700 1441 ταῦτα
1738 1412 1826 1451 ῥητῶς
1850 1421 1859 1430 ·
1894 1417 1932 1441 Εε-

257 1457 399 1490 Ecclesiaa
406 1469 537 1501 superne
547 1460 684 1492 traditum
699 1460 895 1502 proscriptum
907 1461 1068 1493 creatione:

1156 1456 1228 1494 ἱομεν
1256 1457 1324 1485 κατὰ
1357 1458 1388 1485 τὸ
1424 1456 1520 1486 ἄνωθεν
1549 1457 1668 1498 ἀρχαῖον
1703 1459 1752 1490 τῆς
1781 1455 1932 1490 Ἐχκλησίιε

259 1502 422 1543 procedant
438 1497 452 1535 ε’
464 1513 561 1546 neque
576 1505 656 1536 enim
682 1497 804 1544 dignum
815 1497 882 1542 'est,
899 1509 931 1535 ut
945 1504 997 1546 qui
1012 1504 1068 1545 spi-

1156 1512 1250 1540 ιταγμα
1291 1501 1338 1534 τὰς
1393 1502 1556 1542 χειροτονίας
1598 1497 1772 1542 προϐαίνειν,
1817 1502 1855 1531 Οὐ

257 1547 343 1578 ritali
357 1557 486 1580 ascensu
501 1558 589 1590 supra
604 1549 738 1590 corporis
762 1549 962 1590 abjectionem
982 1549 1076 1581 evecti

255 1596 334 1633 sunt,
350 1592 380 1623 hi
393 1602 498 1625 rursus
511 1594 548 1625 ad
563 1594 660 1626 carnis
675 1595 778 1626 sordes
802 1593 998 1635 delabantur;
1023 1594 1075 1625 sed

255 1645 273 1667 e
301 1636 429 1676 diverso,
454 1643 485 1669 ut
506 1638 638 1670 divinum
662 1638 861 1670 ministerium
882 1648 917 1669 ex
943 1639 1076 1680 corporis

255 1681 394 1713 sordibus
409 1687 547 1723 tanquam
562 1683 593 1714 in
608 1683 699 1714 altum
716 1683 845 1724 aliquem
856 1683 980 1724 gradum
992 1693 1076 1715 cons-

257 1726 376 1764 cendat,
394 1727 619 1759 convenientius
645 1728 744 1760 fuerit.
762 1728 959 1765 Quamobrem
987 1738 1075 1759 nemo

257 1779 372 1810 eorum,
390 1771 442 1812 qui
457 1771 543 1803 altari
558 1772 690 1804 serviunt
703 1777 779 1814 post.
795 1773 1013 1804 ordinationem
1026 1783 1076 1804 au-

255 1814 358 1845 dacter
378 1815 442 1855 lege
467 1816 609 1847 connubii
624 1816 739 1848 mulieri
762 1817 968 1857 conjungetur.
985 1817 1077 1858 quue

255 1860 279 1889 si
296 1859 404 1891 iecerit
432 1860 525 1897 licuit,
551 1861 629 1901 quod
661 1865 726 1902 post
749 1871 814 1893 eam
838 1861 913 1893 adeo
928 1861 1006 1894 male
1023 1861 1078 1893 fuit

255 1912 358 1935 ausus.

295 2038 411 2072 Interr.
432 2041 482 2073 37.
514 2041 638 2073 Licitum
661 2046 705 2073 est
723 2041 893 2073 saceadotes
922 2042 1075 2083 praefectos

256 2085 444 2123 exsistentes,
460 2086 505 2117 vel
528 2086 717 2128 primopapas
726 2089 762 2126 ε’,
779 2091 809 2118 et
830 2087 996 2127 pontiﬁces,
1023 2096 1075 2118 su-

257 2129 439 2170 permanicis
461 2135 491 2162 et
517 2131 784 2172 supergenualibus
810 2131 957 2172 insigniri,
978 2141 1015 2163 an
1032 2136 1077 2163 est

255 2174 393 2206 vetitum.

297 2219 673 2261 Resp.Supermanicarum
680 2222 975 2262 etsupergenualium
982 2231 1078 2253 sacra-

256 2265 389 2296 tissimus
411 2265 537 2296 amictus
559 2265 630 2296 solis
647 2266 836 2306 pontificibus
846 2267 1004 2298 attributus
1020 2270 1076 2305 est,

257 2309 334 2340 velut
346 2309 468 2350 ﬁguram
479 2309 684 2341 obtinentibus
692 2310 855 2351 Domini,et
865 2311 964 2349 Dei,et
973 2310 1079 2343 Servo-

257 2354 364 2385 vatoris
378 2355 472 2385 nostri
485 2354 555 2386 Jesu
570 2355 677 2387 Christi
689 2366 695 2385 :
709 2355 839 2396 indeque
854 2360 974 2396 peccata
988 2357 1077 2387 etiam

255 2399 407 2429 hominum
417 2399 699 2441 remittunt,aliaque
711 2400 865 2440 majoraad
880 2401 1077 2433 imitationem

256 2443 370 2476 Christi
384 2443 504 2482 faciunt,
523 2454 589 2485 qua;
609 2445 815 2476 sacerdotibus
838 2445 904 2476 data
927 2455 985 2476 non
997 2450 1076 2477 sunt.

256 2487 361 2525 Quaere
367 2497 464 2529 neque
475 2489 865 2530 supermanicarum,neque
874 2499 1075 2530 supergenua-

255 2532 328 2564 lium
345 2533 541 2565 merebuntur
573 2533 727 2566 amictum.
753 2534 826 2565 Nam
864 2534 1079 2573 supermanicae

257 2578 349 2618 ﬁgura
379 2582 447 2609 sunt
471 2579 667 2620 manicarum,
683 2577 790 2619 quibus
813 2582 897 2609 erant
912 2579 1079 2610 constrictae

257 2632 363 2655 manus
376 2622 508 2661 Domini,
530 2627 559 2655 et
574 2623 638 2661 Dei,
659 2627 688 2654 et
702 2622 868 2654 Servatoris
893 2622 988 2655 nostri
1006 2623 1075 2656 Jesu

256 2667 379 2709 Christi,
389 2668 506 2709 quando
516 2668 552 2699 ad
563 2667 757 2699 voluntariam
766 2667 936 2708 passionem
949 2672 1074 2701 conten-

1117 1544 1188 1578 ἄξιόν
1229 1545 1295 1583 ἔστιι
1339 1547 1407 1584 μετὰ
1447 1547 1478 1575 τὸ
1518 1546 1689 1585 ἇνυψωθῆναι
1717 1546 1765 1581 τῆς
1787 1549 1932 1585 σωματιλή

1116 1589 1300 1622 ταπεινώσεως
1341 1591 1392 1619 ὑπὸ
1444 1591 1493 1626 τῆς
1542 1594 1724 1629 πνευματικῆς
1776 1590 1932 1622 ἀναϐάσεως

1116 1634 1222 1667 τούτους
1236 1633 1316 1663 πάλιν
1339 1634 1381 1664 ἐπὶ
1409 1635 1458 1670 τὴν
1485 1636 1614 1676 σαρκικὴν
1649 1635 1830 1670 ταπεινότητα
1860 1648 1932 1665 κειται

1116 1677 1220 1706 πίπτειν
1238 1687 1244 1694 ·
1275 1678 1423 1707 τούναντίον
1458 1677 1485 1707 δὲ
1521 1679 1622 1717 μᾶλλον
1656 1682 1712 1720 χρὴ
1746 1680 1783 1712 εἷς
1819 1679 1932 1709 ἇνάὸαστ

1116 1721 1224 1760 ὑψηλὴν
1252 1723 1302 1756 τὴν
1328 1723 1398 1752 θείαν
1440 1723 1601 1764 λειτουργίαν
1641 1724 1672 1753 ἐκ
1706 1727 1755 1758 τῆς
1786 1728 1931 1764 σωματιχῆ

1117 1767 1307 1801 ταπεινότητος
1340 1767 1497 1798 ἀναϐαίνειν.
1530 1770 1577 1797 Διὸ
1604 1768 1686 1802 οὐδεὶς
1714 1772 1767 1799 τῶν
1788 1774 1837 1799 τοῦ
1859 1771 1932 1809 βῇμι

1119 1822 1163 1843 τος
1179 1812 1246 1849 μετὰ
1260 1813 1309 1846 τὴν
1338 1814 1502 1853 χειροτονίαν
1523 1814 1667 1854 ταλμηρῶς
1696 1816 1856 1856 συζευχθείη
1883 1828 1932 1845 κατ

1119 1857 1201 1896 νόμον
1226 1858 1314 1898 γάμου
1342 1860 1445 1899 γυναικί
1461 1869 1470 1878 '
1512 1863 1590 1889 τοῦτο
1625 1859 1653 1889 δέ
1681 1861 1797 1896 ποιήσας
1820 1863 1930 1900 καθαιρε

1118 1903 1237 1938 θήσεται.
1282 1902 1360 1938 ’Νξῆν
1403 1904 1452 1945 γὰρ
1494 1904 1566 1942 αὖτῷ
1606 1906 1656 1946 πρὸ
1696 1908 1747 1940 τῆς
1777 1908 1932 1947 χειροτονία

1114 1950 1224 1981 ποιῆσαι
1244 1949 1276 1977 τὸ
1299 1949 1367 1986 μετὰ
1394 1949 1443 1984 τὴν
1463 1951 1629 1991 χειροτονίαν
1663 1951 1732 1980 οὕτω
1754 1955 1845 1984 κακῶς
1886 1952 1930 1980 τολ

1117 1992 1202 2030 μηθέν
1208 2016 1214 2023 .

1158 2035 1253 2077 Ἐρώτ.
1280 2032 1332 2074 λζ’.
1365 2038 1538 2079 Ἐκχωρητόν
1559 2039 1614 2069 ἐστι
1643 2041 1703 2074 τοὺς
1731 2041 1830 2082 ἱερεῖς,
1861 2043 1930 2082 ἡγου

1117 2081 1212 2119 μένους
1237 2083 1326 2122 ὂντας,
1393 2084 1619 2123 πρωτοπαπάόας,
1643 2086 1687 2114 καὶ
1707 2086 1769 2119 τοὺς
1791 2081 1932 2127 ἀρχιερεῖς

1118 2125 1159 2155 διὰ
1187 2126 1349 2165 ἐπιμανίκων
1377 2128 1425 2157 χαί
1454 2128 1627 2169 ἐπιγονατίων
1657 2125 1887 2168 hasty-viniiin
1904 2139 1932 2149 “

1090 2178 1112 2203 Ι)
1121 2171 1280 2202 κεκώλυται.

1159 2215 1255 2249 Ἀπόχ,
1286 2212 1317 2246 Ἣ
1345 2219 1398 2246 τῶν
1426 2218 1588 2257 ἐπιμανίκων
1617 2220 1660 2249 καὶ
1687 2223 1741 2249 τῶν
1769 2220 1932 2261 ἐπιγονατίω

1119 2261 1248 2300 ἱερωτάτη
1279 2261 1414 2301 ἒνδυμενία
1445 2265 1536 2302 μόνοις
1569 2271 1628 2297 τοῖς
1654 2265 1805 2306 ἀρχιερεῦσι
1831 2265 1932 2306 πεφιλο

1118 2306 1239 2344 τίμηται,
1277 2307 1312 2340 ὡς
1338 2309 1384 2336 τὸν
1411 2309 1492 2338 τύπον
1523 2309 1649 2350 ἐπέχουσι
1692 2314 1739 2339 τοῦ
1775 2311 1870 2350 Κυρίου
1904 2322 1932 2338 κα

1120 2356 1184 2381 Θεοῦ
1206 2354 1249 2382 καὶ
1264 2354 1387 2394 Σωτῆρος
1414 2356 1490 2394 ἡμῶν
1519 2354 1607 2390 Ἰησοῦ
1634 2360 1770 2396 Χριστοῦ·
1808 2358 1930 2387 κάντεῦθε

1118 2398 1163 2426 καὶ
1184 2398 1310 2439 ἁμαρτίας
1345 2399 1462 2440 ἀφιοῦσιν
1490 2399 1644 2440 ἀνθρώπων,
1675 2402 1720 2431 καὶ
1750 2401 1819 2431 ἄλλα
1840 2414 1932 2432 «arma

1121 2444 1343 2487 Χριστομιμήτως
1387 2446 1504 2486 μείζονα¹
1554 2445 1604 2476 ὅσα
1643 2454 1703 2480 τοῖς
1748 2449 1861 2487 ἱερεῦσιν
1900 2450 1932 2477 03:

1120 2486 1287 2522 ἔνεδόθησαν,
1304 2489 1351 2517 Διὸ
1378 2489 1436 2518 οὐδὲ
1463 2491 1513 2525 τῆς
1534 2494 1587 2520 σῶν
1615 2491 1778 2530 ἐπιμανίων
1806 2491 1867 2522 οὐδὲ
1895 2496 1932 2521 τῶ

1120 2532 1293 2572 ἐπιγονατὶων
1347 2532 1494 2572 ἑνδυμενίας
1544 2535 1746 2572 ἂξιωθήσονται.
1803 2537 1843 2567 Τὰ

1119 2577 1263 2615 ὲπιμάνικα
1291 2578 1371 2612 τύπος
1399 2581 1447 2608 είσῖ
1473 2583 1527 2609 τῶν
1555 2581 1720 2621 χειροπεδῶν
1747 2583 1802 2611 τῶν
1824 2582 1932 2624 ἑλιχθεμ

1119 2625 1172 2651 σῶν
1201 2623 1236 2656 εἰς
1264 2623 1310 2656 τὰς
1332 2630 1428 2664 χεῖρας
1449 2630 1496 2655 τοῦ
1525 2627 1617 2666 Κυρίου
1644 2628 1688 2655 καὶ
1717 2630 1782 2656 Θεοῦ
1810 2628 1856 2656 καὶ
1893 2631 1932 2656 Σω

1116 2668 1195 2708 τῆρος
1222 2668 1299 2706 ἡμῶν
1327 2670 1417 2702 Ἰησοῦ
1453 2673 1565 2709 Χριστοῦ
1593 2670 1638 2700 ὅτε
1668 2672 1732 2712 πρὸς
1763 2672 1793 2700 τὸ
1830 2673 1932 2702 iamiam

922 2749 1045 2781 VARLE
1066 2747 1284 2781 LECTIONES.

297 2816 324 2837 ³*
341 2818 395 2858 qui
409 2816 533 2849 abbates
545 2817 618 2858 sint,
634 2818 681 2850 vel
692 2817 921 2858 prolopapodes.
