1946 3080
8 147 89 180 10³13

46 213 148 254 Ἐρώτ.
194 209 252 253 μβ’.
295 219 357 246 Τοτς

8 259 51 287 ria
82 259 154 287 ἐστὶν
184 260 200 292 ἡ
232 262 284 287 τῶν
318 260 393 288 θείων
429 260 600 299 ἁγιασμάτων
635 259 799 300 μετάληψις,
822 260 839 294 ἢ

8 303 68 344 οὖς

47 347 148 379 Ἀπόκ,
181 344 209 377 ’0
231 347 314 386 μέγας
337 348 364 376 ἐν
379 347 527 388 ἀρχιερεῦσι
543 349 674 387 βασίλειος
696 349 723 377 ἐν
742 349 836 390 διαφό-

8 404 61 424 οοις
91 392 200 421 κανόσιν
229 393 307 422 αὑτοῦ
333 393 362 421 οὗ
389 391 490 421 δίδωσιν
520 391 608 421 ἄδειαν
635 401 693 426 τοῖς
723 394 835 433 πορνεύ-

8 449 63 468 sum
90 441 145 466 τῶν
175 437 250 466 θείων
281 436 452 476 ἀγιασμάτων
481 436 703 476 μεταλαμϐάνειν.
735 438 780 467 Ἐν
808 438 835 466 δὲ

8 487 43 520 τῷ
73 478 107 510 π’
134 482 223 510 κανόνι
259 483 337 510 αὑτοῦ
371 480 516 520 διορίζεται,
560 482 610 516 τὴν
648 483 833 522 πορνεύουσαν,

8 527 163 556 Ξιποττᾶσαν
177 529 227 560 τῆς
248 527 382 566 πορνείας,
405 525 444 564 μὴ
474 525 638 562 ἂτιεντεῦθεν,
670 527 738 556 ἀλλὰ
766 528 833 566 μετὰ

8 572 122 612 τριετίαν
134 575 186 600 τῶν
207 572 282 612 θείων
298 570 471 610 ἀγιασμάτων
486 571 710 609 μεταλαμϐάνειν.

45 616 148 656 Ἐρώτ.
165 611 221 655 μγ’,
247 611 278 644 Ἠ
304 615 477 654 συμπενθερία
505 618 557 643 τῶν
577 616 722 646 συντέχνων
751 617 832 657 μέχρι

8 661 91 690 [τόσου
107 662 208 700 βαθμοῦ
221 660 351 700 κωλύεται
368 669 375 700 ;

45 699 119 734 Ἀπό
142 702 170 735 Ὀ
198 706 245 743 μὲν
275 699 317 744 νγ’
342 705 429 732 κανὼν
454 708 502 739 τῆς
525 705 552 732 ὲν
572 708 610 742 τῷ
637 705 760 745 Τρούλλνν
788 710 833 735 τοῦ

8 750 126 790 ,ιεγάλου
163 750 289 778 παλατίυυ
315 749 447 783 συστάσης
476 749 551 788 ἁγίας
581 750 624 777 καὶ
652 751 834 788 οἷκουμενικῆς

8 795 117 824 ῖυνόδου
137 794 243 831 κολάζει
270 794 331 826 τοὺς
360 793 508 834 ἀναδόχους
544 795 715 823 συνάπτεσθαι
749 807 833 835 γαμι-

683 145 1020 178 ΘΒιΕΟΟ-ΒΟΜΑΝΠΜ

1627 145 1705 178 1074

411 215 652 253 παλλακευομένοις
694 226 822 255 συγχωρη
828 232 834 236 ·

920 213 1034 245 Interr.
1049 215 1101 244 42.
1120 213 1151 244 In
1167 213 1365 244 concubinatu
1393 215 1548 254 agentibus
1571 215 1699 256 permit-

882 257 972 289 tenda
986 261 1031 289 est
1043 257 1209 289 divinarum
1221 258 1485 290 sanctificationum
1502 259 1700 300 participatio,

881 310 977 333 necne
989 303 1004 333 ?

919 347 1007 386 Resp.
1031 347 1153 386 Magnus
1174 348 1205 378 in
1228 348 1385 379 anstitibus
1408 348 1542 386 Basilius,
1559 349 1590 380 in
1614 349 1704 380 variis

880 391 1043 422 canonihus
1060 392 1121 422 suis
1137 401 1194 422 non
1205 392 1460 423 datscortantibus
1471 393 1620 424 licentiam
1633 394 1707 424 divi-

876 443 929 466 nas
946 435 1196 467 sanctiﬁcationes
1212 437 1436 468 assumendi.In
1449 437 1487 469 80
1502 441 1598 469 autem
1610 447 1703 468 cano-

876 489 913 510 ne
935 479 1048 516 deﬁnit,
1067 482 1283 522 scortatricem,
1302 491 1367 522 quae
1393 482 1574 512 scortatione
1589 482 1704 513 disces-
1726 487 1735 493 '

874 523 922 560 sit,
940 534 1000 555 non
1022 525 1140 565 exinde,
1167 525 1220 557 sed
1246 529 1312 566 post
1338 526 1514 563 triennium,
1533 526 1700 556 divinarum

876 569 1145 600 sanctiﬁcationum
1163 570 1334 610 participem
1351 570 1429 602 ﬁeri.

914 614 1025 645 Interit
1036 613 1312 646 43.Consoceratus
1326 619 1510 656 compatrum
1528 614 1564 646 ad
1580 619 1702 656 quotum

876 667 971 699 usque
982 658 1106 697 gradum
1119 659 1294 699 prohibetur
1303 659 1319 689 ‘2

916 702 1005 742 Resp.
1033 703 1134 734 Canon
1154 704 1273 744 quidem
1298 705 1561 745 quinquagesimus
1583 708 1704 745 quartus

877 752 987 778 sanctae
1001 751 1028 778 et
1041 748 1234 780 mcumenicm
1249 749 1362 789 synodi,
1381 749 1412 780 in
1429 749 1532 780 Trullo
1547 749 1645 789 magni
1653 758 1703 789 pa-

876 791 939 822 latii
948 795 1068 829 coactae,
1081 797 1158 824 vetat
1173 797 1361 834 susceptores
1376 794 1525 825 connubio
1536 794 1623 834 jungi
1635 803 1700 825 cum

8 844 59 872 ιῶς
90 846 153 872 ταῖς
182 839 297 878 μητράσι
328 842 379 867 τῶν
415 839 444 867 ἐκ
477 842 523 867 τοῦ
551 839 626 878 ἁγίου
653 839 834 878 βαπτίσματος

909 836 1020 867 atribus
1035 837 1192 868 infantium
1209 847 1225 868 e
1240 843 1342 870 sancto
1353 839 1468 869 lavacro
1481 842 1701 879 susceptorum,

8 884 205 925 ὶναδεχθέντων
246 882 344 912 παίδων
350 906 356 913 .

8 941 102 970 ιακου,
139 927 332 958 καθυποϐάλλει
367 928 545 968 πορνευόντων
574 928 717 970 ἐπιτιμίῳ..
744 930 779 958 Τὸ
810 926 838 957 δὲ

8 968 163 1004 τελευταῖον
185 974 316 1012 θέσπισμα
331 976 377 1002 τοῦ
403 968 424 1001 ι’
450 972 592 1013 κεφαλαίου
620 977 666 1002 τοῦ
693 968 717 1002 εΙ
751 973 838 1013 τίτλου

8 1025 51 1050 τοὺ
75 1015 124 1054 κη’
146 1017 250 1048 Βιϐλίου
277 1019 329 1046 τιῦν
356 1011 500 1056 βασιλικῶν
528 1017 570 1046 ἐπὶ
593 1017 674 1046 πλέον
695 1011 838 1047 ἐπεκτείνει

8 1067 55 1099 τὴν
68 1064 193 1094 κόλασιν.
212 1058 277 1092 υοτι
291 1061 319 1090 δὲ
332 1063 376 1090 καὶ
391 1063 405 1090 ὁ
419 1061 546 1096 δηλωθεὶς
573 1063 660 1091 κανὼν
682 1064 725 1090 καὶ
740 1064 754 1090 ὸ
776 1062 836 1091 δια-

8 1111 120 1147 ληφθεὶς
135 1109 216 1147 νόμος
247 1107 352 1145 μείζονα
376 1107 425 1140 τὴν
453 1107 521 1135 κατὰ
553 1111 657 1145 πνεῦμα
684 1107 835 1147 συγγένειαν

8 1142 118 1194 λέγουσι
133 1142 182 1186 τῆς
211 1142 367 1190 σιιῇιατικῆς
398 1153 549 1191 συναφείας,
572 1142 664 1191 γέγονε
693 1142 836 1190 σημείωμα

8 1198 145 1228 πυνοδικὺν
174 1197 216 1225 ἐπὶ
243 1201 290 1226 τοῦ
330 1196 489 1235 ἁγιωτάτιιυ.
528 1196 644 1226 Ἐκείνου
670 1197 835 1237 πατριάρλου

8 1244 97 1283 κυρίου
115 1241 257 1277 Νικολάου,
274 1241 342 1270 κατὰ
370 1243 442 1278 μῆνα
471 1240 557 1269 Μάϊον
573 1243 621 1275 τῆς
651 1237 685 1269 ιε’
706 1242 838 1279 ἐπινεμή-

8 1300 89 1326 πεως,
108 1287 151 1316 ἐπὶ
172 1287 299 1326 ἐρωτήσει
315 1289 360 1314 τοῦ
374 1285 516 1325 ὕπερτίμου
544 1285 642 1314 ἐκείνου
655 1286 743 1325 κυρίου
766 1289 837 1325 Γρη-

8 1334 99 1373 γορίου
117 1335 162 1360 τοῦ
178 1333 280 1370 Ξηροῦ,
293 1329 469 1369 διοριζόμενον
479 1336 536 1362 τοῖς
547 1331 636 1362 αὐτοῖς
647 1329 717 1370 ὅροις
733 1331 839 1370 συσφίγ-

8 1380 101 1419 γεσθαι
118 1377 161 1405 καὶ
170 1375 353 1416 ὑφαπλοῦσθαι
368 1375 417 1408 την
431 1374 473 1403 διὰ
487 1377 536 1409 τῆς
547 1376 695 1408 συντεκνίας
708 1379 838 1404 συστᾶσαν

8 1421 208 1461 πνευματικὴν
230 1420 392 1460 συγγένειαν,
409 1421 452 1452 οἷς
467 1420 511 1448 καὶ
525 1421 551 1448 αἱ
577 1421 726 1458 σωματικαὶ
740 1420 838 1462 συγγέ-

8 1479 89 1505 νειαι,
110 1465 312 1506 περιορίζονται,

400 883 450 912 Καὶ
492 883 559 921 μετὰ
600 883 746 912 ἀπόστασιν
789 889 834 913 τοῦ

924 886 989 921 post
1001 882 1216 913 discessionem
1232 893 1249 914 a
1263 883 1350 921 malo,
1368 883 1488 923 subjicit
1510 883 1704 914 scortantium

882 934 985 965 poenae.
1003 925 1129 957 Ultimus
1144 932 1240 958 autem
1258 927 1420 958 versiculus
1438 928 1475 958 10
1490 937 1516 960 c.
1534 929 1562 964 5,
1590 929 1635 959 tit.
1651 928 1702 964 28,

881 969 957 1000 libro
971 970 1126 1008 Basilicam,
1140 971 1264 1002 alterius
1281 972 1479 1011 puntitionem
1492 971 1703 1004 extendit.Sed

882 1015 1022 1054 quoniam
1039 1019 1068 1045 et
1082 1015 1248 1047 declaratus
1263 1026 1369 1055 canon,
1387 1022 1416 1048 et
1432 1026 1520 1057 supra
1535 1017 1645 1057 scripta
1658 1016 1703 1047 lex

877 1058 1063 1098 spiritualem
1080 1060 1287 1099 cognationem
1300 1061 1404 1092 dicunt
1417 1062 1559 1101 majorem
1575 1061 1702 1100 conjun-

878 1103 976 1133 ctione
992 1104 1139 1144 carporali
1151 1113 1157 1135 :
1170 1104 1245 1136 facta
1254 1105 1308 1136 fuit
1323 1106 1464 1146 synodica
1479 1105 1700 1140 subnotatione,

878 1152 1013 1189 tempore
1029 1150 1704 1192 sanctissimiilliuspatriarchazﬁominiNico-

881 1193 933 1234 lai,
959 1203 1060 1225 mense
1075 1195 1161 1232 Maio,
1176 1195 1394 1237 decimaqninta
1409 1196 1582 1233 indictione,
1601 1195 1637 1226 ad
1653 1195 1702 1225 in-

881 1239 1108 1278 terrogationem
1126 1249 1266 1281 perquam
1295 1241 1463 1272 honorandi
1487 1241 1567 1272 illius
1591 1240 1704 1271 domini

881 1282 1016 1323 Gregorii
1028 1284 1109 1321 Xeri,
1127 1284 1275 1316 definiens
1291 1285 1397 1316 iisdem
1421 1285 1583 1324 constringi
1598 1288 1628 1315 et
1648 1294 1701 1315 ex-

883 1327 986 1367 plicari
1003 1329 1137 1360 terminis
1152 1330 1166 1351 b
1181 1330 1445 1370 spiritualem,qu:e
1466 1339 1519 1370 per
1533 1333 1705 1368 compater-

881 1372 1003 1404 nitatem
1018 1373 1212 1411 contrahitur,
1230 1375 1455 1414 cognationem;
1471 1374 1577 1414 quibus
1593 1383 1702 1414 corpo-

880 1417 957 1448 rales
968 1418 1158 1457 cognationes
1174 1419 1470 1450 circumscribuntur.

919 1461 1032 1494 Interr.
1048 1463 1099 1494 44.
1116 1463 1385 1495 Alexandrinorum
1400 1464 1482 1504 regio
1497 1462 1599 1495 multis
1608 1471 1702 1502 gene-

47 1502 150 1552 Ἐμγτξ
180 1502 235 1549 μδ’,
274 1505 305 1538 Ἠ
341 1509 419 1549 χώρα
455 1511 508 1536 τῶν
544 1507 734 1548 Ἀλεξανδρέων
770 1510 834 1539 πολ-

909 1506 1027 1537 ιιίοηυιη
1044 1507 1225 1547 myriadibus
1240 1508 1382 1548 populosa
1403 1502 1448 1539 est
1466 1512 1495 1539 et
1510 1508 1700 1552 amplificata,

8 1557 70 1590 λατς
117 1556 223 1596 μυριάσι
264 1553 503 1593 γενεαλογουμένη,
554 1554 597 1582 καὶ
638 1553 837 1594 πληθυνομένη,

8 1600 154 1642 ὀρθοδόξων
203 1601 430 1639 Χριστιανῶν.....
473 1601 602 1642 ζητοῦμεν
645 1598 688 1627 οὖν
731 1601 836 1636 μαθεῖν,

8 1637 30 1676 εί
56 1647 164 1686 ἐφεῖται
197 1637 241 1672 καὶ
275 1643 348 1674 ἐντὸς
376 1647 424 1672 τοῦ
437 1637 497 1680 ’
530 1643 631 1681 βαθμοῦ
667 1643 838 1684 συνάλλαγμα

8 1692 126 1731 γίνεσθαι
161 1690 285 1731 γαμικὸν,
319 1686 362 1716 διὰ
397 1687 446 1721 τὴν
483 1687 601 1727 ἀνάγκην
630 1692 675 1718 τοῦ
710 1689 838 1728 πράγμα-

8 1747 52 1768 τος
58 1761 64 1767 .

49 1779 151 1809 Ἀπόκ.
169 1780 199 1808 Οἱ
212 1780 279 1808 θεῖοι
294 1779 338 1806 καὶ
365 1778 428 1817 ἱεροὶ
448 1776 556 1808 κανόνες
585 1777 628 1805 καὶ
649 1777 725 1814 νόμοι
757 1778 836 1818 χάριν

8 1815 63 1854 τῶν
91 1826 215 1863 γαμικῶν
243 1815 469 1862 συναλλαγμάτων
511 1820 539 1848 ἐν
573 1825 653 1850 πᾶσιν
688 1815 839 1862 ὁμοφρόνήέ

8 1881 119 1903 σαντες,
149 1869 193 1896 καὶ
232 1867 379 1907 θεαρὲστοις
415 1867 585 1906 σχοινίσμασι
623 1866 667 1894 καὶ
695 1865 835 1906 διδάγμασι

8 1915 39 1942 τα
61 1913 167 1954 γαμικὰ
193 1913 387 1951 περιορίσαντες
423 1909 638 1949 συναλλάγματα,
670 1909 697 1943 ἐξ
729 1911 834 1954 οἱουδήτ

8 1952 78 1990 τινος
103 1957 202 1998 τρόπου
223 1956 336 1990 ἐξελθεῖν
371 1960 453 1984 ταῦτα
473 1954 522 1982 οὐκ
549 1953 718 1994 ἐξεγώρησαν
735 1965 742 1972 ·
775 1952 834 1984 ἀλλ’

8 2003 47 2032 ἐπὶ
70 2004 123 2041 μὲν
158 2005 210 2030 τῶν
245 2001 372 2029 ἀνιόντων
396 2002 440 2028 και
468 1999 611 2028 κατιόντων
646 2000 696 2033 τὴν
716 2001 834 2039 γαμικὴν

8 2049 150 2088 πυνάφειαν
178 2045 367 2083 κεκωλυμένην
390 2045 461 2073 εἶναι
488 2043 626 2076 παντελῶς
654 2043 807 2084 διωρίσαντο
825 2054 831 2061 ·

8 2096 56 2128 τῶν
86 2092 120 2120 ἐκ
140 2090 253 2130 πλαγίου
274 2090 302 2118 δὲ
333 2091 382 2124 τὴν
417 2089 569 2128 συγγένειαν
597 2088 693 2128 μέχρις
722 2089 834 2128 ἑϐδόμου

8 2139 108 2174 Ξαθμοῦ
137 2135 243 2168 δικαίως
270 2135 500 2174 ἑστενοχώρησαν,
543 2133 598 2166 Τὴν
631 2132 658 2161 δὲ
686 2132 712 2166 ἐξ
747 2134 832 2174 ἀγχι-

8 2183 106 2214 ττείας,
144 2180 204 2214 ἤτοι
239 2179 440 2218 συμπενθερίας,
478 2177 643 2217 συγγένειαν,
685 2178 752 2207 κατὰ
786 2180 832 2207 τὸν

8 2226 77 2254 ἕκτον
96 2225 198 2264 βαθμὸν
221 2224 364 2255 ἀπέλυσαν,
391 2218 536 2263 Ὀφείλοοσι
557 2225 619 2261 γοῦν
634 2223 678 2250 καὶ
698 2224 722 2251 οἱ
738 2222 831 2256 Ἀλεξ-

8 2270 110 2311 ινδρετς
140 2269 208 2298 οὕτω
228 2272 349 2308 γαμικῶς
385 2267 581 2304 συναλλάττειν,
617 2267 661 2295 καὶ
687 2267 737 2301 τὴν
769 2278 832 2295 στε-

8 2315 140 2356 νοχωρίαν
167 2317 219 2343 τῶν
260 2312 401 2354 ὀρθοόόξων
442 2315 606 2352 Χριστιανῶν
636 2313 672 2344 εἰς
702 2313 830 2352 ἁμαρτίας

8 2359 137 2397 ἲικαίωμα
159 2359 197 2397 μὴ
218 2357 425 2399 προϐάλλεσθαι,
456 2357 687 2392 Διασπασοήσεται
722 2357 772 2396 γὰρ
800 2358 830 2385 τὸ

8 2406 71 2445 παρὰ
101 2409 183 2433 ταῦτα
209 2404 387 2443 γενησόμενον
402 2401 562 2431 συνοικέσιον
579 2409 586 2416 ·
616 2402 661 2430 καὶ
683 2402 830 2440 μοιχετόνσ

8 2461 52 2478 ιων
74 2448 220 2486 ἐπιτιμίοις
257 2449 280 2476 οἱ
309 2448 339 2476 τὸ
373 2447 495 2485 ἀθέμιτον
524 2445 730 2479 συναλλάξαντες
765 2448 831 2474 καθ-

8 2493 245 2528 ητοϐληθήσονται,
275 2492 350 2521 Ἐπεὶ
383 2491 410 2520 δὲ
444 2492 488 2520 καὶ
520 2491 572 2519 ὰπὸ
600 2494 646 2518 τοῦ
673 2491 757 2528 τόμου
786 2494 832 2519 τοῦ

8 2538 152 2577 ἱγιωτάτου
179 2538 346 2577 πατριάρχου
372 2536 471 2565 ἐκείνου
502 2536 590 2575 κυρίου
618 2535 747 2564 Σισιννίου
787 2534 831 2563 δύο

8 2584 101 2623 πρῶτοι
136 2581 270 2622 ἒξάδελφοι
297 2580 341 2610 δύο
369 2580 482 2621 ἀδελφὰς
512 2581 541 2609 οὒ
576 2579 754 2618 λαμϐάνουσι,
789 2577 832 2607 καὶ

8 2631 95 2664 ταῦτα,
118 2629 166 2655 τοῦ
187 2625 406 2665 συναλλάγματος
434 2625 599 2664 ἀναγομένου
636 2625 673 2656 είς
700 2624 777 2653 ἕκτον
806 2623 831 2656 ἐξ

8 2671 158 2712 ῖιγχιστείας
185 2671 296 2709 βαθμὸν,
321 2670 366 2699 ἔσο
394 2671 436 2699 καὶ
459 2670 492 2699 τὰ
523 2670 583 2709 περὶ
607 2669 699 2697 τούτου
731 2668 806 2701 εἰδώς
822 2679 828 2686 ·

8 2715 47 2745 ἵνα
62 2717 103 2754 μὴ
125 2716 195 2750 κατὴ
216 2715 300 2751 λήθην
313 2717 352 2753 τῷ
373 2717 423 2748 τῆς
439 2713 599 2748 Ἐκκλησίας
622 2713 673 2742 ἔθει
689 2712 831 2753 ψυχοϐλα-

8 2759 56 2794 Ξῶς
71 2761 242 2799 ὲναντιωθῃς.

878 1551 1056 1583 Christianis
1069 1556 1167 1583 autem
1184 1552 1354 1583 orthodoxis
1373 1556 1572 1591 coangustata.
1589 1551 1703 1588 Quaeri-

880 1605 945 1626 mus
956 1605 1026 1636 ergo
1041 1596 1168 1634 discere,
1183 1606 1220 1627 an
1238 1598 1416 1637 permissum
1436 1597 1476 1628 sit
1496 1601 1526 1628 et
1541 1597 1617 1628 intra
1632 1605 1702 1627 sex—

880 1643 941 1670 tum
958 1642 1079 1680 gradum
1095 1641 1212 1682 nuptias
1227 1642 1416 1678 contrahere,
1434 1646 1555 1682 propter
1581 1641 1627 1672 rei
1651 1650 1703 1672 ne-

880 1685 1062 1716 cessitatem.

919 1773 1010 1814 Resp.
1027 1774 1123 1806 Divini
1137 1779 1166 1806 et
1180 1775 1256 1806 sacri
1279 1779 1456 1814 canones,et
1471 1775 1564 1815 leges,
1580 1775 1699 1815 nuptia-

878 1818 950 1849 lium
962 1823 1165 1850 contractuum
1173 1829 1259 1850 causa
1270 1820 1301 1851 in
1317 1819 1455 1851 omnibus
1466 1819 1700 1858 consentientes,

879 1867 908 1893 et
929 1865 990 1895 Deo
1012 1863 1106 1903 gratis
1129 1864 1294 1895 intervallis
1317 1868 1346 1895 et
1370 1864 1525 1904 praeceptis
1554 1864 1701 1904 nuptiales

876 1911 1044 1938 contractus
1056 1908 1346 1945 circumscribentes,
1364 1909 1444 1939 nullo
1460 1908 1547 1939 modo
1559 1907 1702 1947 eaegredi

877 1951 1008 1982 siverunt
1031 1954 1104 1983 :sed
1127 1952 1204 1983 inter
1230 1953 1427 1984 ascendentes
1451 1953 1570 1993 quidem
1586 1957 1615 1984 et
1629 1952 1702 1983 des-

877 1996 1038 2026 cendentes
1066 1997 1229 2037 nuptialem
1260 1997 1396 2037 copulam
1427 1997 1604 2037 prohibitam
1634 2005 1699 2028 esse

877 2041 1181 2072 deﬁnierunt.Eorum
1196 2045 1307 2079 autem,
1318 2042 1368 2082 qui
1383 2045 1452 2072 sunt
1466 2051 1499 2072 ex
1515 2046 1700 2080 transverso,

875 2086 1082 2125 cognationem
1109 2085 1146 2116 ad
1177 2086 1337 2126 septimum
1364 2096 1458 2127 usque
1485 2086 1608 2126 gradum
1632 2086 1700 2125 jure

875 2134 1106 2170 coangustarunt
1122 2140 1129 2160 :
1148 2131 1351 2170 cognationem
1368 2140 1519 2171 vero,quae
1533 2140 1586 2171 per
1601 2130 1700 2161 afﬁni-

875 2178 975 2211 tatem,
992 2175 1035 2205 vel
1049 2179 1274 2206 consoceratum
1300 2175 1486 2216 conciliatur,
1504 2179 1570 2215 post
1585 2179 1699 2205 sextum

874 2220 996 2259 gradum
1012 2220 1218 2251 obsoluerunt.
1228 2219 1343 2251 Debent
1358 2220 1447 2260 igitur
1461 2225 1489 2251 et
1504 2219 1701 2251 Alexandrini

874 2264 990 2304 nuptias
1002 2264 1033 2295 in
1048 2265 1126 2295 hunc
1145 2265 1265 2296 modum
1277 2266 1465 2304 contrahere,
1478 2269 1507 2296 et
1520 2264 1696 2305 paucitatem

874 2308 1103 2340 orthodoxorum
1120 2309 1358 2341 Christianorum
1373 2310 1410 2340 ad
1426 2310 1539 2350 peccati
1549 2309 1697 2349 justiﬁca-

874 2353 982 2384 tionem
1012 2363 1071 2384 non
1100 2363 1277 2394 proponere.
1305 2354 1483 2385 Distrahitur
1513 2362 1595 2393 ergo,
1617 2353 1698 2394 quod

876 2402 981 2439 praeter
996 2398 1058 2429 haec
1073 2398 1181 2428 factum
1194 2398 1292 2436 fuerit,
1310 2399 1492 2440 conjugium;
1505 2403 1534 2430 et
1546 2399 1699 2430 maechan-

874 2443 946 2473 tium
962 2443 1068 2483 pcenis,
1085 2443 1134 2483 qui
1149 2443 1284 2473 illicitum
1300 2443 1512 2480 contraxerint,
1530 2443 1696 2483 subjicien-

875 2492 931 2519 tur.
945 2486 1019 2523 Quia
1026 2490 1122 2517 autem
1132 2487 1311 2518 sanctissimi
1321 2488 1409 2518 etiam
1419 2488 1594 2528 patriarchm
1604 2487 1694 2526 illius,

874 2531 987 2562 domini
1002 2531 1127 2562 Sisinuii
1149 2531 1314 2570 decisione,
1335 2532 1394 2563 duo
1410 2533 1562 2572 patrueles
1574 2541 1606 2563 se
1620 2541 1696 2563 con-

874 2575 998 2613 sobrini,
1015 2584 1132 2607 sorores
1147 2576 1222 2607 duas
1238 2586 1296 2607 non
1307 2577 1468 2617 accipiunt,
1487 2581 1515 2608 et
1529 2577 1603 2614 haec,
1621 2585 1695 2607 con-

875 2624 969 2652 tractu
983 2620 1109 2651 deducto
1125 2620 1162 2651 ad
1178 2625 1290 2652 sextum
1308 2622 1459 2653 atﬁnitatis
1474 2621 1697 2661 gradum,disce

872 2675 938 2707 quae
952 2665 983 2695 in
1000 2674 1035 2696 ea
1051 2665 1240 2697 continentur
1254 2677 1261 2697 :
1274 2676 1323 2704 ne,
1335 2676 1390 2707 per
1403 2667 1566 2704 oblionem,
1589 2665 1695 2696 Eccle-

872 2712 922 2742 siae
937 2710 1145 2742 consuetudini
1161 2719 1228 2742 cum
1253 2711 1361 2742 animai
1384 2711 1563 2743 detrimento
1587 2710 1692 2741 adver-

871 2763 946 2787 seris
952 2778 957 2784 .
1603 2765 1611 2770 ‘

669 2810 799 2844 VARIIE
821 2806 1042 2842 LECTIONES.

41 2879 56 2900 ιι
71 2867 194 2901 extendi
206 2867 327 2909 ﬁnibus.
