1946 3080
204 157 282 191 1075

202 269 315 310 captiva
331 269 508 309 Christiana,
525 270 694 311 pariterque
707 271 880 310 orthodoxa,
890 271 956 304 sine
970 281 1024 313 pe-

200 313 295 345 riculo
311 318 342 345 ut
357 323 471 346 servam
488 325 552 347 eam
568 315 703 347 vendet?

240 403 330 444 Resp.
349 405 524 435 Potestatem
550 404 639 436 habet
666 405 806 437 dominus
821 415 838 436 a
852 415 884 439 se
900 411 1022 438 constu-

202 453 313 488 pratam
329 448 466 480 ancillam
482 458 564 480 suam
583 449 740 488 vendendi,
759 450 884 491 ejusque
899 451 1024 491 pretium

201 492 417 524 lucrifaciendi.
434 493 518 524 Tunc
545 493 624 524 enim
648 493 816 525 libertatem
842 501 1028 536 promeretur

201 538 319 577 ancilla,
343 547 410 578 quae
433 548 500 569 cum
529 539 651 570 domino
675 539 762 570 simul
782 545 919 581 corrupta
940 543 1024 574 estd,

201 581 318 623 quando
332 582 369 613 ad
380 586 543 614 extremum
560 593 653 624 usque
667 583 817 624 spiritum,
835 585 947 616 nullum
961 585 1027 625 ejus

201 627 398 660 divendendae
412 627 536 665 Habuit
549 633 767 668 argumentum.
780 629 828 660 Ait
839 629 917 660 enim
932 630 949 661 2
959 637 1024 670 cap.

202 672 240 703 19
252 671 297 702 tit.
322 673 361 705 48
383 672 435 704 lib.
462 674 525 704 haec
551 673 726 704 nominatim
743 684 749 704 :
765 672 796 705 Si
812 674 878 714 quis
894 683 951 704 non
970 675 1025 705 ha-

201 715 276 746 bens
292 726 424 756 uxorem,
441 717 472 747 in
487 726 541 748 suo
567 716 726 748 concubitu
751 717 888 748 aucillam
904 718 1023 756 habeat,

202 763 314 791 etcum
330 771 365 793 ea
379 762 416 793 ad
444 766 570 793 mortem
594 771 688 802 usque
715 766 845 800 maneat,
865 762 926 794 sive
941 772 975 794 ex
991 772 1026 794 ea

202 806 376 846 susceperit,
394 806 456 838 sive
481 816 540 837 non
557 810 586 837 et
608 805 645 837 de
660 815 695 837 ea
710 806 785 837 nihil
801 807 831 837 iu
848 811 1024 838 testamento

202 859 257 881 suo
272 850 382 882 dixerit
396 860 402 883 :
418 851 456 882 sit
468 851 519 882 illa
532 851 638 882 libera.

241 939 359 972 Interr.
375 939 426 972 47.
443 939 474 972 Si
490 940 668 972 orthodoxus
683 944 828 973 scortatus
839 940 878 973 sit
892 949 960 972 cum
970 941 1023 972 Ju-

202 983 276 1022 dzea,
293 987 343 1015 aut
356 983 491 1024 Agarena
505 985 642 1024 muliere,
663 995 788 1017 censura
804 984 1020 1023 emendabitur,

201 1037 240 1059 an
254 1028 483 1070 rebaptizabitur
492 1029 508 1059 ‘P

241 1075 333 1116 Resp.
350 1075 599 1117 Quadragesimus
622 1077 766 1118 septimus
791 1076 911 1117 quidem
928 1085 1022 1107 canon

201 1124 371 1151 sanctorum
387 1125 418 1152 et
431 1122 511 1153 omni
528 1122 616 1154 laude
633 1121 795 1153 celebrium
820 1121 1022 1161 apostolorum

202 1165 265 1196 haec
280 1166 322 1196 ait
337 1175 344 1197 :
362 1165 537 1207 Episcopus,
563 1167 609 1197 vel
639 1165 800 1207 presbyter,
825 1165 850 1196 si
874 1174 954 1202 eum,
972 1166 1023 1206 qui

202 1218 272 1241 vere
287 1209 378 1242 habet
403 1210 595 1251 baptismum,
620 1210 658 1242 de
682 1211 797 1250 integro
820 1210 1021 1251 baptizavorit,

202 1254 247 1286 vel
263 1255 288 1286 si
304 1264 384 1294 eum,
396 1258 446 1296 qui
461 1255 496 1287 ab
508 1256 609 1296 impiis
634 1255 763 1296 pollutus
779 1259 833 1294 est,
857 1265 915 1286 non
927 1255 1024 1296 bapti-

203 1299 326 1341 zaverit,
342 1300 518 1341 deponatur,
533 1305 565 1332 ut
578 1300 627 1341 qui
643 1300 764 1331 irrideat
779 1303 904 1330 mortem
918 1305 1024 1331 etcru-

204 1353 268 1375 cem
285 1345 415 1384 Domgni,
428 1349 457 1375 et
471 1354 530 1376 non
545 1345 695 1376 discernat
715 1344 887 1375 sacerdotes
907 1354 924 1376 a
945 1344 1026 1375 falsis

204 1388 422 1421 sacerdotibus.
436 1389 547 1420 Forsan
563 1390 652 1429 igitur
666 1390 774 1421 dixerit
799 1389 957 1430 quispiam,
975 1399 1024 1421 or-

204 1432 378 1471 thodoxum,
390 1433 441 1474 qui
455 1443 523 1464 cum
538 1433 630 1474 impia
645 1439 791 1465 scortatus
808 1438 862 1471 est,
881 1434 1024 1474 pollutum

205 1485 283 1518 esse,
301 1482 331 1508 et
345 1477 520 1518 rebaptizari
535 1478 656 1510 debere.
672 1478 755 1514 Quod
772 1487 873 1508 verum
890 1487 949 1508 non
965 1481 1023 1510 est:

204 1521 230 1552 is
264 1521 344 1552 enim
380 1522 416 1553 ab
443 1522 481 1554 iis
509 1523 659 1563 polluitur,
675 1523 725 1563 qui
753 1527 857 1563 sponte
880 1522 1026 1554 abluendo

205 1566 285 1597 exuit
313 1566 444 1598 divinum
468 1572 662 1608 sanctumque
691 1568 837 1608 baptisma
870 1567 1027 1609 induitque

205 1611 355 1651 baptisma
369 1611 541 1652 impiorum.
566 1612 683 1644 Judicio
713 1621 783 1651 ergo
799 1612 956 1653 episcopali
975 1621 1028 1653 per

205 1655 370 1695 graviorem
388 1666 504 1697 poenam
518 1657 736 1698 emendabitur,
748 1661 777 1688 et
792 1661 825 1688 ut
839 1661 1028 1693 scortator,et

206 1702 238 1731 ut
249 1701 387 1732 satanicaa
401 1701 617 1733 communionis
633 1702 801 1742 cumimpio
816 1702 909 1733 factus
933 1702 1024 1743 parti—

204 1754 274 1785 ceps
290 1755 297 1777 :
316 1755 418 1778 verum
434 1757 493 1778 non
509 1746 717 1787 baptizabitur.

242 1790 360 1823 Interr.
376 1791 425 1823 48.
443 1791 518 1829 Quot
541 1801 688 1823 annorum
704 1801 767 1822 mas
782 1795 832 1823 aut
846 1791 957 1822 femina
971 1791 1025 1822 ad-

203 1835 337 1868 mittatur
350 1837 387 1868 ad
401 1837 644 1869 confessionem?

242 1881 335 1921 Resp.
347 1881 439 1921 Leges
451 1881 571 1922 quidem
583 1881 701 1912 delictis
714 1880 903 1921 impuberum
910 1881 1005 1912 condo
1012 1897 1024 1904 -

202 1925 335 1957 nandum
350 1935 414 1957 esse
426 1925 720 1966 dicunt.lmpubeles
734 1929 832 1957 autem
845 1929 915 1956 sunt
930 1934 1026 1956 mares

202 1970 336 2011 quidem,
356 1970 407 2011 qui
431 1970 581 2002 decimum
603 1975 738 2011 quartum
754 1979 864 2000 annum
880 1969 1026 2010 impleve-

202 2018 272 2046 runt
289 2024 295 2046 :
312 2015 431 2046 feminae
445 2024 525 2052 vero,
542 2015 700 2046 duodecim
722 2024 879 2045 annorum.
896 2013 1022 2045 Forsan.

201 2059 293 2098 igitur
304 2059 413 2091 dixerit
422 2059 528 2100 aliquis
539 2064 606 2101 post
617 2059 827 2090 duodecimum
840 2063 868 2089 et
877 2058 1025 2090 decimum

203 2108 340 2144 quartum
358 2104 450 2135 aetatis
461 2114 571 2136 annum
588 2114 640 2136 eos
654 2104 764 2136 debere
781 2107 901 2144 peccata
909 2113 960 2134 sua
976 2103 1026 2134 de-

203 2148 317 2180 clarare
333 2158 341 2188 ;
355 2153 457 2189 utpote
479 2149 656 2181 delictorum
676 2148 823 2190 judicium
853 2147 1025 2185 subeuntes,

203 2197 233 2225 et
247 2203 374 2234 capaces
389 2194 590 2232 scortationis,
607 2194 794 2234 aliorumque
822 2192 1027 2233 quorumpiam

203 2242 392 2279 peccatorum
408 2239 542 2270 eﬂ‘ectos.
555 2239 615 2270 Nos
629 2243 727 2270 autem
742 2237 779 2269 ab
796 2238 859 2278 ipsa
873 2237 1029 2278 experien-

203 2283 254 2321 tia,
271 2283 323 2315 sed
340 2283 376 2315 ab
392 2283 440 2321 iis,
458 2293 525 2324 qua:
540 2283 642 2314 talium
658 2282 854 2324 quorumdam
871 2291 960 2312 causa
976 2290 1029 2322 per

202 2328 283 2359 varia
298 2332 432 2369 tempora
442 2328 582 2369 synodice
598 2328 711 2369 prolata
726 2331 806 2365 sunt,
824 2326 1027 2365 consulimus;

202 2378 235 2405 ut
249 2377 349 2414 potest
364 2382 465 2404 sexum
478 2382 590 2404 annum
607 2382 705 2403 mares
717 2376 746 2404 et
755 2372 873 2403 femine
885 2381 939 2412 per
952 2380 1027 2402 con-

202 2417 351 2449 fessiones
365 2417 520 2449 emendari
536 2421 564 2448 et
579 2416 756 2448 sanctiﬁcari
774 2415 989 2451 debeantQuia
1000 2419 1029 2446 et

202 2462 330 2494 clericus
349 2462 468 2504 quidam
486 2471 541 2503 per
555 2461 731 2501 obligatoria
746 2461 865 2501 scripta,
882 2460 1029 2499 desponsa

203 2517 295 2539 uxore
324 2507 474 2548 septenni,
498 2511 528 2538 et
551 2510 619 2547 post
642 2506 706 2546 ejus
730 2509 855 2536 mortem
881 2504 931 2535 alii
952 2514 1025 2535 con-

199 2553 323 2593 junctus
339 2551 468 2590 mulieri,
485 2551 625 2592 synodico
651 2560 710 2581 non
734 2549 912 2590 impetravit,
928 2553 959 2580 ut
974 2557 1026 2580 ea-

203 2596 341 2628 nonicam
377 2600 612 2638 consequeretur
651 2595 895 2635 ordinationem,
923 2598 1026 2634 utpote

202 2641 350 2682 bigamus.
380 2641 430 2673 Ait
457 2641 537 2672 enim
563 2643 666 2672 sancta
700 2638 1023 2680 Constantinopolitana

1104 2638 1241 2676 ιροτονίας,
1271 2638 1308 2670 ὡς
1336 2637 1458 2677 δίγαμος.
1490 2638 1558 2668 Εἶπε
1587 2639 1636 2679 γὰρ
1664 2639 1681 2673 ἡ
1702 2638 1729 2667 ὲν
1752 2645 1905 2670 Κωνσταν-

203 2686 345 2728 synodus,
362 2690 536 2728 septennem
560 2685 701 2716 feminam
729 2683 838 2715 amoris
855 2693 920 2715 esse
935 2692 1024 2723 capa-

894 161 909 192 ,Ι
913 162 959 193 US
980 160 1200 194 GANONIGUM

241 224 357 257 Interr.
367 225 416 258 46.
429 224 529 266 Siquis
540 230 686 257 scortatus
700 227 770 258 furit
785 232 799 248 θ
813 236 879 258 cum
896 227 1022 259 muliere
1032 233 1053 256 Α

1813 155 1880 188 1076

1104 227 1199 268 Ἐρώτ.
1253 224 1325 266 μς’,
1378 227 1441 259 Ἐὰν
1494 239 1533 259 τις
1576 231 1706 267 πορνικῶς
1750 227 1879 265 συμσθαρῇ

1066 274 1134 310 μετὰ
1175 274 1298 313 γυναικὸς
1341 272 1516 313 αἰχμαλώτου
1551 271 1724 311 Χριστιανῆς,
1757 270 1802 298 καὶ
1821 269 1880 297 κατᾶ

1065 319 1158 347 ταῦτὸν
1199 317 1346 359 ὀρθοδόξου,
1378 317 1520 350 ἀκινδύνως
1555 318 1592 350 ὣς
1631 316 1727 350 δούλην
1770 314 1881 348 πωλήσει

1065 364 1147 398 αὐτήν
1162 373 1171 403 ς

1104 407 1200 438 Ἀπόκ.
1233 402 1343 437 "Adam
1369 408 1383 436 ὃ
1410 405 1540 441 δεσπότης
1562 407 1618 442 ἥξει
1639 407 1688 440 τὴν
1718 406 1769 433 ὑπὸ
1797 403 1881 432 τούτου

1065 453 1258 492 πορνευομένην
1295 451 1390 485 δούλην
1425 452 1502 481 αὖτοῦ
1543 451 1658 491 πωλεῖν⁷
1699 451 1743 478 καὶ
1772 449 1880 486 ἀποκερ-

1066 496 1161 525 δαίνειν
1196 498 1226 525 τὸ
1269 498 1368 530 ταύτης
1396 497 1511 534 τίμημα.
1550 495 1711 535 Ἐλευθερίας
1746 494 1798 534 γὰρ
1830 503 1881 520 τοτε

1067 541 1181 574 ἀξιοῦται
1216 543 1234 576 ἡ
1261 541 1341 575 δούλη
1377 541 1444 578 μετὰ
1478 544 1525 569 τοῦ
1565 540 1692 569 δεσπότου
1730 539 1881 579 συμφθειρο·

1068 585 1144 624 μένη⁷
1177 585 1220 614 ὅτε
1250 585 1329 626 μέχρι
1362 585 1511 617 τελευταίας
1534 585 1625 614 τούτου
1651 585 1785 616 ἀναπνοῆς
1817 580 1883 610 οὺδὲν

1066 642 1092 659 τι
1120 632 1178 671 περὶ
1216 630 1379 670 δια-πράσεως
1408 631 1506 663 ταύτης
1534 631 1625 670 φθάσει
1660 629 1790 671 γενέσθαι.
1820 627 1885 659 Φησὶ

1066 676 1116 716 γὰρ
1130 668 1161 704 τδ
1175 671 1203 714 β’
1229 668 1371 715 κεφαλαιον
1399 679 1446 703 τοῦ
1473 671 1508 704 ιθ’
1535 668 1621 704 τίτλου
1647 668 1694 704 τοῦ
1715 668 1766 712 μη⁴
1790 671 1885 711 βιϐλίου

1066 724 1148 749 ταῦτα
1168 721 1255 760 ῥητῶς
1273 729 1279 736 '
1311 719 1374 749 Ἐάν
1394 731 1433 753 τις
1455 718 1549 753 δούλην
1654 719 1680 748 ἐν
1702 722 1736 757 τῇ
1759 717 1811 754 ἰδίᾳ
1825 729 1884 745 συν-

1066 766 1154 805 αφεία,
1189 765 1228 803 μὴ
1263 764 1336 805 ἔχων
1365 765 1496 804 γαμετὴν,
1529 765 1574 793 καὶ
1605 764 1680 802 μείνᾳ
1708 762 1765 802 μετ’
1809 763 1885 794 mihi:

1066 810 1147 850 μέχρι
1169 809 1306 850 τελευτῆς,
1331 808 1386 837 εἴτε
1402 809 1478 849 ἔχων
1495 807 1593 840 παῖδας
1609 808 1635 841 ἐξ
1650 810 1745 845 αὒτῆς,
1759 807 1815 835 εἴτε
1829 807 1866 844 μή
1876 814 1882 819 “

1065 855 1109 883 καὶ
1123 853 1207 892 μηδὲν
1223 853 1289 893 εἴπῃ
1303 855 1361 892 περὶ
1388 854 1469 887 αὐτῆς
1492 853 1518 881 ἒν
1546 853 1596 890 ἰδίᾳ
1624 852 1736 891 διαθήκῃ
1754 861 1761 868 “
1792 851 1887 891 γίνεται

1032 896 1052 920 Β
1064 899 1151 933 ἐκείνη
1174 898 1304 937 ἐλευθέρα.

1104 943 1200 983 Ἐρώτ.
1216 938 1274 981 μζ’.
1291 943 1353 972 Ἐὰν
1369 942 1502 983 ὁρθόδοξος
1515 945 1655 983 συμφθαρῇ
1676 944 1808 982 πορνικῶς
1825 942 1888 979 μετὰ

1066 988 1191 1021 Ἰουδαίας
1213 988 1230 1022 ἢ
1248 987 1399 1027 Ἀγαρηνῆς
1421 988 1557 1027 γυναικὸς²
1586 986 1619 1015 δι’
1635 985 1767 1025 ἐπιτιμίου
1781 985 1889 1024 διορθω-

1063 1033 1132 1073 θείη,
1149 1033 1168 1068 ἢ
1183 1032 1438 1073 ὰναϐαπτισθήσεται
1452 1042 1460 1073 ς

1104 1076 1200 1107 Ἀπόκ.
1218 1073 1247 1106 Ὀ
1270 1077 1318 1115 μὲν
1333 1072 1378 1115 μζ’
1398 1072 1484 1105 κανὼν
1512 1080 1565 1104 τῶν
1591 1077 1671 1115 ἁγίων
1686 1076 1729 1104 καὶ
1750 1075 1888 1114 πανευφή-

1064 1134 1122 1160 μων
1143 1121 1298 1150 ἀποστόλων
1334 1122 1415 1149 ταῦτά
1450 1132 1530 1162 φησιν
1547 1131 1553 1138 ·

1064 1165 1186 1206 σϐύτερος
1214 1167 1259 1194 τὸν
1287 1166 1354 1194 κατὰ
1388 1165 1514 1201 ἀλήθειαν
1555 1165 1654 1205 ἔχοντα
1681 1164 1819 1203 βάπτισμα
1848 1163 1890 1191 ἐὰν

1064 1211 1160 1240 ἄνωθεν
1202 1211 1319 1250 βαπτισῃ
1359 1209 1377 1244 ἢ
1405 1211 1451 1238 τὸν
1483 1209 1685 1248 μεμολυσμένον
1726 1209 1797 1248 παρὰ
1840 1211 1892 1235 τῶν

1067 1255 1168 1284 ἀσεϐῶν
1196 1256 1235 1293 μὴ
1265 1255 1393 1293 βαπτίσῃ,
1435 1255 1617 1294 καθαιρείσθω,
1654 1254 1690 1285 ὡς
1726 1252 1813 1292 γελῶν
1848 1253 1892 1279 τὸν

1585 1120 1746 1151 Ἐπίσκοπος
1779 1119 1798 1153 ἢ
1827 1129 1890 1158 πρε-
1929 1126 1930 1132 ‘

1067 1300 1176 1338 σταυρὸν
1201 1299 1309 1327 καὶτὸν
1338 1302 1384 1326 τοῦ
1421 1298 1513 1338 Κυρίου
1546 1299 1669 1335 θάνατον,
1699 1298 1744 1326 καὶ
1776 1298 1816 1334 μὴ
1838 1295 1892 1324 δια·
1929 1300 1930 1305 ¹

1066 1345 1160 1383 κρίνων
1195 1343 1278 1383 ἱερέας
1313 1342 1500 1383 ψευδοίερέων.
1539 1337 1622 1374 ἨΙσως
1665 1342 1709 1370 οὖν
1751 1341 1825 1370 εἴποι
1852 1353 1891 1372 τις

1067 1387 1179 1429 ὀφείλειν
1214 1389 1258 1416 καὶ
1291 1389 1337 1416 τὸν
1360 1388 1538 1427 πορνεύσαντα
1566 1386 1699 1428 ὁρθόδοξον
1740 1387 1808 1425 μετὰ
1843 1389 1890 1425 in:

1067 1432 1176 1465 ἀσεϐοὖζ
1212 1432 1384 1470 μολυνθῑήνσιι²
1421 1432 1465 1460 καὶ
1500 1431 1724 1465 ἀναϐαπτισθῆναι
1766 1430 1889 1471 ὀφείλειν.

1068 1479 1122 1507 0-54
1148 1478 1203 1506 ἔστι
1223 1476 1250 1505 δὲ
1277 1480 1354 1505 τοῦτο
1388 1476 1496 1510 ἀληθές,
1522 1476 1642 1508 Ἐκεῖνος
1675 1477 1724 1516 γὰρ
1753 1475 1893 1514 μολύνεται

1037 1523 1137 1570 απαρὰ
1165 1525 1218 1550 τῶν
1245 1520 1358 1560 ἀσεϐῶν,
1399 1522 1427 1553 ὃς
1455 1521 1542 1550 ἑκοντὶ
1576 1522 1625 1559 μὲν
1656 1521 1829 1550 ἂπονίπτεται
1865 1521 1895 1548 τὸ

1068 1569 1139 1595 θετον
1160 1567 1204 1595 καὶ
1224 1566 1299 1606 ἅγιον
1319 1566 1467 1604 βάπτισμα,
1491 1565 1605 1594 ἐνδύεται
1627 1566 1654 1594 δὲ
1676 1566 1798 1605 βάπισμα
1828 1566 1895 1594 ἀσε-

1068 1610 1133 1641 ϐῶν,
1159 1610 1199 1639 Δι’
1223 1611 1355 1649 ἐπιτιμίου
1383 1614 1445 1649 γοῦν
1479 1609 1650 1650 σγοδροτέρου
1689 1611 1747 1639 κατ’
1778 1610 1896 1639 ἐπισκο-

1068 1656 1149 1690 πικὴν
1176 1655 1302 1695 διάκρισιν
1331 1654 1493 1695 διορθωθείη,
1520 1656 1564 1683 καὶ
1585 1656 1622 1687 ὡς
1646 1656 1756 1695 πόρνος,
1784 1656 1832 1683 καὶ
1862 1656 1899 1688 ὡς

1067 1701 1230 1736 κοινωνήσας
1245 1701 1312 1738 μειὰ
1324 1698 1431 1732 ἀσεϐους
1445 1701 1583 1732 κοινωνίας
1598 1703 1744 1734 σατανικῆς
1762 1710 1770 1718 ·
1787 1699 1852 1728 ἀλλ’
1869 1702 1900 1728 οὖ

1066 1745 1272 1783 βαπτισθήσεται
1277 1768 1285 1776 .

1100 1788 1201 1828 ⁴Ερώτ.
1225 1785 1284 1827 μη’.
1315 1790 1451 1822 Ποσαετηὶπς
1479 1789 1546 1829 ἀνὴρ
1577 1789 1595 1824 ἢ
1623 1789 1689 1829 γυνὴ
1719 1788 1831 1829 δεχθείη
1862 1791 1898 1822 εἷς

1067 1834 1215 1874 ἐξαγορείαν
1231 1844 1239 1874 ;

1107 1878 1202 1908 Ἀπόκ.
1227 1880 1256 1908 Οἱ
1278 1879 1326 1916 μὲν
1351 1879 1426 1917 νόμοι
1455 1879 1632 1919 συγχωρητέα
1653 1879 1685 1907 τὰ
1711 1881 1764 1907 τῶν
1787 1880 1841 1914 ἆνῆ
1850 1879 1901 1908 ξων

1067 1924 1246 1963 ἁμαρτήματα
1274 1923 1393 1963 λέγουσιν
1432 1918 1525 1955 εἶναιί
1555 1918 1672 1957 ”Λνηϐοι
1699 1923 1726 1952 δὲ
1756 1924 1824 1952 εἰσιν
1857 1924 1902 1952 ἐπὶ

1067 1968 1115 2006 μὲν
1130 1971 1183 1996 τῶν
1205 1967 1328 2008 ἆῤῥένων,
1358 1969 1381 1996 οἱ
1407 1969 1447 1996 τὸν
1476 1967 1758 2008 τεσσαρεσκαιδέκατον
1794 1969 1902 2008 χρόνον

1066 2011 1253 2052 πληρώσαντες
1271 2021 1278 2028 ·
1308 2012 1350 2040 ἐπὶ
1379 2011 1406 2040 δὲ
1420 2016 1474 2040 τῶν
1509 2012 1633 2053 θηλειῶν⁷
1657 2014 1682 2040 αἱ
1704 2011 1899 2044 δωδεκαετεῖς.

1069 2051 1152 2089 νΙσως
1178 2057 1222 2086 οὖν
1244 2057 1310 2095 εἴπῃ
1325 2068 1376 2094 τις,
1400 2058 1466 2095 μετὰ
1478 2059 1523 2086 τὸν
1538 2056 1683 2086 δωδέκατον
1709 2058 1753 2086 καὶ
1767 2059 1815 2086 τὸν
1832 2069 1899 2086 τεσ-

1068 2102 1301 2143 σαρεσκαιδέκατον
1329 2103 1425 2143 χρόνον
1457 2107 1506 2137 τῆς
1534 2103 1638 2138 ἡλικίας
1673 2106 1758 2133 αὐτῶν
1776 2104 1898 2143 ὀφείλειν

1069 2148 1173 2180 τούτους
1195 2147 1366 2187 ἐξαγορεύειν,
1398 2150 1435 2180 ὡς
1465 2149 1508 2176 καὶ
1538 2149 1562 2181 ἐξ
1592 2149 1792 2188 ἁμαρτημάτων
1820 2150 1896 2179 5'30;-

1039 2188 1202 2231 θνομένους,
1218 2192 1266 2220 καὶ
1280 2193 1423 2232 γεγονότας
1452 2193 1572 2233 πορνείας
1595 2194 1637 2221 καὶ
1659 2192 1746 2221 ἄλλων
1772 2193 1887 2234 ἆμαρτη

1070 2238 1161 2275 μάτων
1175 2240 1253 2265 τινῶν
1268 2236 1413 2270 δεκτικούς,
1443 2233 1525 2276 Ἡμῖν
1551 2237 1578 2266 δὲ
1606 2238 1659 2266 ἀπὸ
1688 2238 1780 2278 πείρας
1798 2241 1898 2275 αὒτῆς,

1068 2281 1136 2311 ἀλλὰ
1151 2282 1205 2320 μὴν
1226 2283 1269 2310 καὶ
1296 2281 1349 2310 ἀπὸ
1377 2281 1544 2316 λαληθέντων
1571 2282 1715 2314 συνοδικὼς
1744 2284 1817 2311 κατὰ
1845 2283 1901 2312 δια-

1068 2327 1162 2366 φόρους
1187 2326 1304 2366 καιροὺς,
1328 2326 1408 2366 χάριν
1429 2327 1555 2355 τοιούτων
1583 2330 1672 2364 τινῶν,
1709 2327 1899 2366 γνωμοδοτεῖ-

1067 2382 1110 2399 ται
1128 2379 1134 2386 ⁸
1159 2371 1226 2409 μετὰ
1240 2371 1285 2398 τὸν
1301 2370 1374 2399 ἕκτον
1396 2371 1512 2400 ἐνιαυτὸν
1542 2371 1655 2411 ὀφείλειν
1677 2372 1721 2400 καὶ
1754 2373 1820 2405 τοὺς
1851 2373 1900 2412 ἆῤ-

1068 2416 1142 2454 ῥενας
1178 2416 1222 2443 καὶ
1262 2416 1309 2448 τὰς
1335 2415 1443 2448 θηλείας
1478 2415 1512 2444 δι’
1547 2415 1695 2455 ἐξαγορείας
1730 2415 1899 2454 διορθοῦσθαι

1067 2461 1111 2488 καὶ
1126 2460 1291 2499 ἁγιάζεσθαι.
1323 2454 1389 2489 “Ott
1417 2461 1461 2488 καὶ
1490 2454 1678 2495 κληρικύςντις
1700 2459 1741 2488 διὰ
1757 2460 1899 2499 δεσμωτι-

1067 2507 1122 2532 κῶν
1150 2503 1288 2544 ἐγγράφων
1323 2505 1571 2544 κατεγγυῃσάμενος
1612 2511 1725 2543 γυνεΓκα
1762 2505 1897 2541 ἑπταετῆ,

1067 2549 1111 2577 καὶ
1133 2549 1201 2586 μετὰ
1229 2549 1340 2577 θάνατον
1361 2550 1459 2582 ταύτης
1487 2548 1563 2588 ἑτέρᾳ
1598 2550 1747 2588 συζευχθεὶς
1776 2553 1900 2590 γυναικὶ,

1067 2594 1096 2622 οὒ
1137 2594 1318 2634 παρεχωρήθη
1367 2593 1509 2626 συνοδικῶς
1559 2595 1699 2627 κανονικῆς
1751 2594 1903 2628 ἀξιωθῆναι

1066 2681 1216 2711 τινουπόλει
1238 2683 1299 2722 ἁγία
1320 2682 1425 2715 σύνοδος
1454 2683 1503 2717 τὴν
1526 2683 1641 2717 ἑπταετῆ
1663 2691 1774 2722 γυναϊνα
1806 2684 1903 2714 δεκτι-
1926 2696 1930 2707 ι

863 2767 994 2800 VARI/El
1014 2765 1230 2799 LECTIONES.

240 2843 251 2858 ο
264 2837 365 2878 stupri
378 2836 627 2869 comuetuﬁ'nem
641 2833 791 2866 habuerit.
808 2841 821 2862 α
834 2835 936 2875 stupri
950 2835 1195 2867 consuetudinem
1207 2833 1308 2866 habet.
