1946 3080
183 151 194 182 1
201 151 260 182 079

866 152 931 183 JUS
954 153 1177 185 CANONIGUM

1795 157 1806 188 1
1812 155 1869 188 080

1215 208 1224 221 ,.

179 226 244 250 rem
261 222 454 252 consecratus
479 218 528 258 sit,
555 227 609 250 nos
625 219 751 250 aliorum
779 218 815 250 ad
840 227 928 258 opera
952 227 979 249 us

1085 219 1179 260 ιμίας;
1216 218 1242 248 Ἠ
1279 221 1335 252 πῶς
1368 222 1398 249 οὗ
1437 221 1573 254 παντελῶς
1601 221 1768 256 ἀσυνείδητον
1804 223 1870 251 ἑπτᾶ

178 266 337 294 contentos
353 272 413 294 non
427 272 504 300 esse,
518 271 615 303 neque
626 263 709 294 illum
721 262 847 294 Domino
863 262 1004 293 eximium

179 310 208 338 et
222 307 397 338 inviolatum
414 316 612 339 conservare:
628 308 680 339 sed
696 308 792 348 ipsum
807 307 894 338 etiam
909 308 1005 347 vulga-

177 360 242 384 rem
257 351 366 390 facere,
387 351 559 392 nostrisque
576 351 716 392 operibus
730 352 938 392 applicandum
950 362 1005 392 pu-

178 402 253 434 tare,
269 396 426 437 religionis
442 406 500 427 non
516 399 561 427 est
576 405 697 436 prorsus
706 396 1004 437 dissolutae?Quapro-

178 444 244 482 pter
254 441 382 472 dicimus
396 445 426 472 et
441 451 508 477 nos,
520 441 602 472 omni
618 441 791 481 operatione
804 441 992 481 (quemadmo

177 485 248 517 dum
274 485 386 517 dictum
414 488 469 523 est)
493 489 628 516 cessante
639 488 667 523 ιι,
682 494 749 518 cum
769 490 798 516 et
819 486 876 526 ipsi
900 482 1006 517 rustici

176 530 377 570 negotientur,
394 533 424 561 et
438 529 576 561 omnibus
601 530 710 561 coactis
736 530 848 561 versari
865 530 894 561 in
912 530 1007 562 eccle-

178 574 276 612 siis,et
287 574 453 614 gloriﬁcare
467 574 565 615 potius
576 573 669 605 Deum
685 574 735 605 die
750 574 1006 616 D0minico,{quod

178 619 284 650 ﬁdeles
299 619 350 660 qui
364 628 478 659 sumus,
493 619 525 649 in
540 628 575 650 ea
589 619 752 650 viderimus
769 619 892 659 justitiae
904 620 1005 650 Solem

176 663 400 704 resplenduisse
410 665 432 694 ι.
443 663 545 704 Neque
560 663 652 702 igitur
666 663 717 704 qui
731 663 907 694 balneorum
927 674 1003 704 prae-

176 707 314 740 censoria
329 708 503 749 lavacraque
515 708 663 748 etreliqua
670 708 843 747 faciunt,his
855 709 1003 740 ministra-

176 753 260 791 bunt,
278 762 374 793 neque
390 752 488 783 ﬁdelis
500 752 579 784 ullus
593 752 711 784 veniam
725 752 954 794 merebitur,qui
965 753 1001 784 ab

176 797 310 829 oratione
325 797 490 835 abstinens,
506 801 535 828 et
549 807 566 828 a
581 797 708 828 multum
729 797 916 828 celebrandis
936 798 999 837 glo-

176 841 392 874 riﬁcationibus
426 841 735 883 praeceptionibusque
764 842 825 873 diei
854 842 1001 873 Dominici

1045 265 1152 304 ἡμερῶν
1166 265 1262 305 οὒσῶν,
1283 266 1319 293 ὧν
1353 265 1399 303 μία
1426 266 1461 298 εἰς
1491 267 1656 300 Δεσποτικὴν
1689 267 1772 305 τιμὴν
1793 267 1869 296 ἀνετ-

1045 319 1100 348 ται,
1130 310 1169 347 μὴ
1212 309 1348 348 ἀρκεῖσθαι
1381 311 1452 347 ἡμᾶς
1480 317 1542 344 ταῖς
1571 311 1596 344 ἐξ
1632 311 1870 352 ἂποκεχρημένους

1046 354 1083 385 εἰς
1125 353 1211 393 ἔργον,
1254 354 1298 382 καὶ
1339 354 1511 394 ἀναφαίρετον
1552 358 1591 392 τῷ
1620 356 1745 395 Δεσπότῃ
1768 356 1871 389 ἐκείνην

1046 405 1139 437 τηρεῖν
1156 407 1163 414 “
1194 398 1262 427 ἀλλὰ
1297 400 1342 427 καὶ
1367 399 1464 432 ταύτην
1492 402 1713 437 κοινοποιεϊσθαι,
1748 401 1794 429 καὶ
1820 404 1871 429 τῶι

1047 442 1182 482 ἡμετέρων
1225 443 1308 483 ἔργων
1342 444 1457 481 νομίζειν
1490 445 1606 484 καιρόν;
1639 446 1685 473 Διό
1714 457 1801 485 φαμεν
1829 449 1872 475 καὶ

1047 488 1140 526 ἡμεῖς,
1173 489 1261 522 πάσης
1295 489 1426 528 ἐνεργείας
1454 488 1685 528 ἑμπορευομένων,
1721 492 1765 520 καὶ
1787 493 1872 520 αὐτῶν

1047 531 1080 566 δὴ
1108 536 1160 560 τῶν
1190 536 1328 573 γεωργῶν,
1358 533 1578 573 ἂπρακτησάσης,
1608 536 1645 567 ὡς
1674 535 1793 575 εἴρηται,
1828 536 1872 564 καὶ

1047 577 1152 605 πάντων
1177 577 1397 616 ἀναγκαζομένων
1432 585 1493 611 ταῖς
1530 578 1684 612 ἐκκλησίαις
1714 579 1872 620 ἐνασχολετ-

1046 623 1115 662 σθαι,
1132 622 1175 650 καὶ
1200 621 1350 661 δοξολογεῖν
1378 625 1432 650 τῶν
1462 624 1526 652 Θεὸν
1555 623 1658 661 μᾶλλον
1682 624 1751 652 κατὰ
1771 624 1873 657 ταύτην

1045 666 1093 699 τὴν
1114 666 1288 706 κυριώνυμον,
1324 665 1366 695 διὰ
1392 668 1423 695 τὸ
1451 667 1478 695 ἐν
1505 667 1573 707 αὗτῇ
1608 667 1675 697 ἰδεῖν
1703 669 1776 706 ἡμᾶς
1811 669 1873 700 τοὺς

1043 711 1150 743 πιστοὺς
1166 711 1211 739 τὸν
1226 714 1275 744 τῆς
1296 710 1462 745 δικαιοσύνης
1502 714 1583 741 Ηλιον
1612 712 1756 751 λάμψαντα
1774 723 1781 729 '
1814 712 1872 741 οὔτε

1044 754 1087 782 οὖν
1102 756 1124 783 οἱ
1140 755 1172 783 τὰ
1189 757 1241 784 τῶν
1269 754 1414 793 βαλανείων
1441 757 1649 796 προκαυστήρια,
1675 757 1802 796 λουτήριά
1829 768 1871 796 τε,

1044 800 1086 826 καὶ
1111 798 1191 827 λοιπᾶ
1220 799 1384 838 ἐνεργοῦντες
1418 801 1528 832 ’τούτοις
1557 801 1780 841 ὑπηρετήσωσιν,
1813 801 1871 830 οὔτε

1042 854 1082 874 τις
1103 845 1196 876 πιστὸς
1219 844 1379 884 συγγνώμης
1395 843 1516 878 ἀξιωθείη
1535 853 1543 860 ⁸
1568 848 1618 879 τῆς
1648 846 1697 883 μὲν
1714 849 1872 886 προσευχῆς

175 887 333 925 recedens,
345 888 430 928 aquis
449 886 552 918 calidis
572 887 705 918 adhaeret
719 891 748 917 et
758 890 937 927 occupatur:
952 895 979 917 se

1085 887 1232 928 οσχόμενος
1261 889 1304 916 καὶ
1330 892 1384 916 τῶν
1420 888 1612 927 πολυΰμνήτων
1638 889 1797 929 δοξολογιῶν
1826 891 1872 917 καὶ

179 932 341 972 episcopali
348 931 463 972 judicio
478 931 737 963 emendationibus
752 931 929 971 corrigetur.

178 984 241 1015 μοῖς
268 976 341 1006 ὕδασι
379 977 554 1017 προσανέχων
584 978 627 1005 καὶ
655 976 852 1017 ἀσχολούμενος
876 985 883 993 ⁸

179 1022 280 1061 ορθωθή
284 1032 355 1050 σεται
361 1045 367 1051 .

218 1065 331 1098 Interr.
347 1065 398 1096 52.
413 1064 564 1105 Jejunium
578 1065 696 1096 solvens
710 1064 861 1103 carnibus,
879 1074 964 1096 caseo
975 1068 1005 1095 et

179 1119 244 1151 ovo,
259 1109 365 1141 diebus
380 1109 523 1141 Mercurii
539 1112 569 1140 et
578 1110 705 1141 Veneris
717 1109 809 1141 totius
820 1110 904 1147 anni,
919 1109 1006 1140 venia

179 1155 296 1195 dignus,
314 1154 438 1185 annon?

218 1199 310 1239 Resp.
323 1198 532 1238 Sexagesimus
544 1208 639 1230 nonus
650 1208 747 1230 canon
759 1203 929 1230 sanctorum
936 1207 1004 1239 apo-

178 1243 325 1275 stolorum
336 1243 395 1275 ait:
409 1242 441 1275 Si
456 1243 521 1284 quis
533 1243 705 1283 episcopus,
721 1243 767 1274 vel
780 1242 943 1283 presbyter,
958 1241 1002 1273 vel

177 1287 330 1326 diaconus,
347 1288 392 1318 vel
408 1287 511 1324 lector,
531 1288 576 1319 vel
593 1291 706 1325 cantor,
732 1292 863 1318 sanctam
882 1287 1003 1318 Pascha

181 1332 443 1373 Quadragesimam
457 1341 515 1364 non
529 1332 707 1374 jejunat,vel
715 1336 849 1373 quartum
863 1331 1003 1369 diem,vel

179 1378 488 1418 Parasceven,praeter
499 1387 587 1418 quam
600 1377 625 1408 si
639 1381 758 1418 propter
767 1376 1001 1408 imbecillitatem

178 1422 365 1462 corporalem
391 1422 581 1462 impediatur,
605 1421 825 1462 deponatur:si
845 1421 882 1452 sit
902 1425 999 1452 autem

177 1466 282 1504 laicus,
300 1470 483 1506 segregetur.
497 1466 552 1503 Qui
567 1467 657 1506 igitur
671 1466 736 1497 sine
751 1465 900 1506 corporali
918 1466 1002 1496 inﬁr-

178 1511 280 1542 mitate
294 1511 427 1543 dissolvit
442 1511 452 1541 i
467 1511 531 1542 dies
545 1511 684 1542 Mercurii
697 1515 727 1542 et
740 1510 1004 1551 Veneris,punitur

1044 930 1217 960 διδασκαλιῶν
1244 935 1294 966 τῆς
1329 934 1491 973 χυριωνύμου
1520 934 1710 974 ἀφιστάμενος,
1740 935 1784 962 καὶ
1814 936 1859 973 θερ

915 977 982 1005 ἀλλὰ
1019 975 1061 1005 διὰ
1103 977 1262 1017 ἔπιτιμίωνξ
1277 978 1345 1006 κατὰ
1381 978 1431 1012 τὴν
1461 978 1637 1013 ἐπισκοπικήν
1672 978 1800 1019 διάκρισιν
1829 977 1871 1006 δι-

1085 1066 1181 1106 Ἐρώτ,
1204 1061 1256 1104 νβ’.
1275 1062 1303 1096 Ὀ
1316 1065 1454 1096 καταλύων
1466 1066 1508 1095 διὰ
1522 1067 1643 1107 κρέατος,
1659 1071 1736 1107 τυροῦ
1749 1068 1795 1096 καὶ
1803 1068 1870 1108 ὠοῦ,

1044 1111 1090 1143 τὰς
1111 1110 1235 1151 τετράδας
1255 1112 1299 1140 καὶ
1319 1112 1367 1144 τὰς
1389 1112 1556 1151 παρασκευὰς
1586 1115 1632 1141 τοῦ
1660 1112 1723 1141 ὅλου
1756 1113 1869 1152 χρόνου,

1044 1155 1226 1195 συγγνωστέος
1248 1155 1328 1194 ἐστὶν,
1344 1156 1361 1190 ἢ
1377 1156 1407 1184 ού
1422 1165 1431 1196 ς

1085 1200 1180 1231 Ἀπόκ,
1214 1196 1242 1229 ιΟ
1264 1195 1302 1233 ξθ¹
1322 1201 1409 1229 κανὼν
1423 1195 1487 1229 γτῶν
1501 1201 1583 1240 ἁγίων
1597 1200 1754 1230 ἀποστόλων
1776 1203 1868 1242 φησίν·

1044 1244 1079 1273 Εἴ
1093 1256 1133 1277 τις
1155 1245 1309 1282 ἐπίσκοπος,
1333 1245 1351 1280 ἢ
1365 1244 1549 1285 πρεσϐύτερος,
1571 1245 1590 1279 ἢ
1612 1245 1743 1283 διάκονος,
1765 1246 1783 1280 ἢ
1800 1247 1869 1274 ἀνα-

1043 1288 1176 1328 γνώστης,
1201 1289 1218 1324 ἢ
1251 1289 1368 1330 ψάλτης,
1398 1291 1447 1323 τὴν
1476 1290 1551 1329 ἁγίαν
1580 1291 1800 1330 Τεσσαρακοστὴν
1821 1294 1871 1319 τοῦ

1044 1334 1141 1374 Πάσχα
1162 1336 1192 1363 οὐ
1216 1335 1347 1372 νηστεύει,
1376 1334 1393 1368 ἣ
1415 1333 1536 1374 τετράδα,
1564 1335 1582 1369 ἢ
1610 1335 1789 1374 παρασκευὴν,
1807 1337 1870 1363 καθ-

1043 1379 1185 1417 αιρείσθω·
1212 1379 1234 1407 εῑ
1269 1379 1307 1416 μὴ
1343 1378 1375 1407 δι’
1405 1379 1539 1408 ἆσθὲνειπν
1567 1378 1744 1417 ἒμποδίζειτο.
1774 1380 1804 1408 Εἰ
1840 1379 1868 1408 δὲ

1043 1422 1137 1455 λαϊκὸς
1152 1422 1210 1460 εἴη,
1227 1423 1398 1463 ἀφοριζέσθω.
1423 1419 1451 1452 (Ο
1479 1428 1541 1463 γοῦν
1569 1423 1709 1452 καταλύων
1733 1423 1794 1451 ἄνευ
1815 1435 1868 1452 σω-

1043 1470 1159 1504 ματικῆς
1201 1468 1334 1500 ἀσθενείας
1369 1468 1416 1500 τὰς
1450 1468 1573 1508 τετράδας
1608 1469 1651 1496 καὶ
1690 1468 1736 1500 τὰς
1778 1479 1868 1508 παρα-

1044 1513 1149 1550 σκευὰς,
1188 1512 1325 1548 κολάζεται
1357 1513 1425 1541 κατὰ
1453 1513 1501 1546 τὴν
1523 1516 1569 1541 τοῦ
1603 1513 1722 1541 τοιούτου
1757 1513 1868 1545 κανόνος

175 1556 258 1597 juxta
268 1555 394 1588 canonis
403 1557 492 1596 hujus
506 1560 652 1588 tenorem.
663 1556 787 1592 Quando
803 1564 871 1586 vero
883 1558 979 1596 prorte

1085 1556 1197 1594 νίληψιν.
1229 1551 1297 1586 ΗΟτε
1337 1556 1363 1584 δὲ
1396 1555 1429 1585 δι’
1458 1557 1592 1585 ἀσθένειαν
1614 1557 1791 1596 ἀναγκασθείη
1827 1569 1869 1590 τις

175 1600 413 1632 imbecillitatem
430 1605 549 1632 coactus
573 1601 664 1632 fuerit
680 1600 854 1640 dissolvere,
873 1599 1003 1641 piscibus

176 1645 294 1677 veloleo
307 1645 511 1676 moderabitur
518 1644 1002 1686 aagrotationisamictionem.Car-

179 1699 233 1722 nes
242 1690 322 1722 enim
334 1690 379 1721 vel
390 1699 523 1732 caseum,
536 1695 585 1721 aut
599 1699 684 1721 ovum
695 1691 839 1729 attingere
848 1699 907 1720 non
918 1688 1005 1719 fuerit

178 1735 438 1774 concessum,licet
453 1739 615 1766 extremam
626 1735 707 1766 efﬂet
720 1735 961 1774 animam,neque
972 1733 1003 1764 in

179 1789 286 1820 magna
297 1779 605 1821 Quadragena,neque
616 1780 645 1810 in
657 1779 856 1820 qualicunque
865 1778 1004 1810 Mercurii

177 1824 223 1856 vel
236 1824 363 1856 Veneris
377 1824 555 1856 die.Sufﬁcit
567 1825 645 1856 enim
664 1824 758 1864 ei.qui
771 1822 940 1855 necessario
953 1832 1005 1863 per

178 1868 329 1900 aridorum
341 1878 424 1900 esum
439 1869 629 1910 magniﬁcare
644 1868 733 1899 debet
744 1869 809 1899 dies
824 1868 964 1899 Mercurii
976 1871 1004 1898 et

177 1913 316 1952 Veneris,
334 1923 387 1955 per
411 1914 510 1946 oleum
527 1919 555 1945 et
571 1914 668 1956 pisces
690 1913 786 1944 morbi
811 1912 1003 1944 acerbitatem

179 1957 325 1998 mitigare.
349 1958 460 2000 Excipe
481 1958 555 1990 mihi
579 1959 644 1990 dies
668 1958 809 1992 Mercurii
825 1961 855 1989 et
865 1957 1002 1994 Veneris,

179 2003 377 2043 carniSprivii,
387 2004 626 2044 septuagesimw,
636 2003 837 2036 renovationis
849 2007 877 2033 et
889 2002 1005 2033 duode-

179 2047 238 2078 cim
255 2047 384 2079 dierum.
402 2048 435 2079 In
447 2049 493 2079 his
511 2048 592 2079 enim
609 2058 662 2090 per
683 2057 788 2080 carnes
815 2047 915 2083 etiam,
933 2047 1006 2078 citra

179 2092 346 2133 periclilum
360 2093 475 2133 jejunia
491 2092 654 2133 frangimus
668 2103 675 2125 :
690 2094 759 2135 quia
775 2093 854 2124 circa
876 2091 1006 2122 dodeca-

178 2136 335 2168 hemerum
345 2138 385 2178 jej
391 2143 483 2168 unant
489 2138 624 2169 Armenii
636 2142 756 2179 propter
762 2136 1009 2174 Arlziburium,in

178 2181 368 2212 hebdomade
379 2182 475 2222 prima
488 2183 688 2224 carnisprivii,
707 2186 826 2223 propter
840 2180 984 2214 Ninivitas
1001 2189 1008 2212 ζ

1043 1600 1200 1641 καταλῦσαι,
1224 1600 1265 1629 διὰ
1288 1601 1387 1642 ἰχθύων
1414 1600 1432 1635 ἢ
1462 1600 1549 1630 ἐλαίου
1581 1602 1717 1641 μετριάσει
1745 1602 1792 1629 τοῦ
1818 1601 1870 1640 ἆῤ-

1044 1645 1217 1684 ῥωστήματος
1244 1646 1293 1679 τὴν
1322 1646 1470 1679 κακότητα.
1508 1645 1623 1685 Κρέατος
1666 1647 1716 1685 γὰρ
1744 1646 1761 1680 ἢ
1792 1650 1870 1685 τυροῦ

1044 1689 1062 1723 ἢ
1078 1691 1131 1718 ὠοῦ
1145 1690 1260 1727 ἅψασθαι
1284 1690 1313 1719 οὒ
1342 1690 1539 1730 συγχωρηθείη,
1571 1690 1619 1719 κᾶν
1646 1690 1714 1728 πνέῃ
1742 1691 1776 1718 τα
1809 1689 1870 1718 λοί-

1044 1736 1114 1771 σθια,
1143 1733 1199 1762 οὔτε
1223 1734 1249 1762 ἐν
1285 1737 1320 1773 τῇ
1352 1734 1457 1774 μεγάλῃ
1492 1737 1710 1775 Τεσσαρακοστῇ,
1740 1735 1800 1763 οὗτε
1844 1735 1871 1763 ἐν

1044 1778 1171 1815 οἱᾳδήτινι
1193 1777 1294 1818 τετράδι
1315 1779 1359 1807 καὶ
1387 1782 1539 1819 παρασκευῇ
1556 1786 1562 1794 ·
1594 1779 1671 1819 ἀρκεῖ
1692 1780 1742 1818 γὰρ
1770 1783 1809 1816 τῷ
1846 1779 1872 1812 ἐξ

1046 1823 1162 1863 ὰνάγκης
1205 1822 1247 1851 διὰ
1282 1822 1443 1863 ξηροφαγίας
1478 1821 1632 1862 μεγαλύνειν
1659 1822 1790 1863 ὀφείλοντι
1823 1824 1871 1856 τὰς

1045 1867 1167 1906 τετράδας
1184 1868 1225 1896 mi
1253 1867 1300 1900 τὰς
1325 1868 1502 1907 παρασκευὰς,
1532 1867 1574 1895 διὰ
1596 1867 1683 1896 ἐλαίου
1705 1868 1748 1896 καὶ
1769 1868 1872 1908 ἰχθύων

1046 1912 1204 1942 ἐπιεικεῦσαι
1230 1912 1261 1940 τὸ
1289 1911 1405 1949 νόσημα.
1431 1907 1553 1944 ’Υπέξελέ
1583 1924 1626 1950 μοι
1655 1912 1703 1943 τὰς
1730 1907 1870 1951 τετράδας,

1045 1958 1088 1985 καὶ
1117 1957 1163 1989 τας
1192 1956 1358 1996 παρασκευὰς
1387 1957 1437 1990 τῆς
1470 1956 1605 1996 ἇιπόκρεω¹
1644 1959 1694 1990 τῆς
1722 1957 1874 1996 τυροφάγου

1046 2005 1094 2035 τῆς
1125 2000 1309 2039 κιακινησίμου
1321 2000 1364 2038 ιθ,
1400 2001 1444 2029 καὶ
1486 2005 1532 2030 τοῦ
1568 2000 1780 2040 δωδεκιημὲρου.
1827 2000 1873 2029 Ἐν

1047 2047 1153 2079 ταύταις
1189 2047 1239 2085 γὰρ
1273 2046 1316 2074 καὶ
1345 2044 1386 2073 διὰ
1420 2044 1529 2085 κρέατος
1563 2044 1703 2077 ἀκινδύνως
1738 2044 1872 2073 καταλύο-

1049 2102 1097 2128 μεν
1111 2100 1119 2108 ⁶
1157 2090 1197 2119 ὅτι
1231 2090 1299 2118 κατὰ
1339 2090 1369 2118 τὸ
1408 2088 1608 2129 δωδεκαήμερον
1643 2090 1812 2123 νηστεύουσιν
1849 2092 1872 2118 οἱ

1050 2135 1172 2176 Ἀρμένοι
1214 2134 1256 2162 διὰ
1296 2135 1341 2162 τὸν
1370 2132 1561 2173 Ἀρτζιϐούριον
1579 2143 1586 2150 ·
1621 2135 1691 2162 κατὰ
1718 2134 1766 2167 τὴν
1802 2132 1874 2162 ἐϐδο-

1053 2180 1122 2219 μάδα
1143 2182 1192 2214 τῆς
1207 2179 1316 2219 πρώτης
1331 2178 1464 2218 ἆπόκρεω,
1493 2177 1535 2205 διὰ
1561 2178 1621 2210 τοὺς
1638 2179 1777 2210 Νινευίτας
1795 2187 1804 2195 ⁸
1827 2179 1874 2206 καὶ

180 2229 211 2258 et
224 2227 255 2257 in
269 2221 619 2268 hebdomadetyrophagi
629 2221 787 2259 Tetraditee
799 2225 979 2266 hmreticijej‘

1085 2236 1117 2253 τα
1151 2224 1200 2258 τὴν
1229 2221 1358 2260 ἑϐδομαδα
1387 2222 1435 2256 τῆς
1469 2222 1616 2262 τυροφάγου
1645 2222 1814 2256 νηστεύουσιν
1851 2226 1874 2252 0':

181 2271 265 2302 nium
281 2280 421 2312 magnum
439 2272 608 2304 observant.
625 2272 685 2304 Nos
701 2273 790 2312 igitur
806 2270 956 2302 contraria
971 2270 1009 2300 iis

181 2315 344 2356 facientes,
372 2315 536 2355 Irangimus
546 2318 573 2355 ις,
586 2326 624 2348 ne
640 2316 794 2348 videamur
805 2325 871 2346 cum
892 2314 929 2345 iis
937 2324 1009 2345 con-

181 2360 306 2400 sentire,
325 2369 371 2398 eo,
386 2364 524 2401 excepto,
537 2361 616 2401 quod
638 2361 710 2392 illud
734 2361 795 2397 fiet,
817 2361 839 2391 si
865 2359 931 2400 quis
945 2368 1011 2389 cum

180 2403 347 2436 Tetradilis
366 2409 418 2436 aut
432 2405 583 2436 Armeniis
602 2405 727 2437 habitet.
745 2405 862 2445 Alioqui
877 2404 968 2442 enim,
985 2403 1011 2434 si

179 2448 210 2479 in
225 2449 348 2488 regione
364 2449 460 2489 degat,
475 2449 526 2481 ubi
545 2450 644 2481 nullus
660 2455 703 2482 est
718 2448 1012 2491 ejuscemodi,degu-

181 2492 272 2524 stabit
288 2497 401 2525 tantum
419 2495 448 2526 in
467 2495 618 2536 carnibus,
638 2496 684 2527 vel
700 2503 799 2532 caseo,
817 2498 846 2525 et
861 2492 1009 2534 suspicio-

180 2547 250 2570 nem
266 2539 433 2571 attenuabit
449 2548 503 2580 per
518 2540 746 2578 continentiam,
763 2548 823 2570 non
839 2547 894 2579 per
908 2537 1009 2576 inglu-

1051 2267 1204 2309 Τετραδϊται
1237 2269 1260 2296 οἱ
1295 2267 1418 2306 αἱρετικοὶ
1453 2267 1574 2300 νηστείαν
1611 2266 1744 2306 μεγάλην,
1776 2263 1874 2304 Ἡμεῖς

1052 2314 1096 2343 οὖν
1125 2313 1355 2352 ἀντιπράττοντες,
1391 2311 1505 2348 τούτοις,

1054 2359 1167 2396 δόξωμεν
1182 2359 1339 2398 ὁμοφρονετν
1367 2359 1469 2388 αὺτοῖς.
1500 2355 1573 2390 Πλὴν
1601 2357 1644 2385 καὶ
1685 2361 1762 2386 τοῦτο
1790 2358 1874 2396 γενή-

1052 2414 1136 2441 σεται,
1160 2402 1222 2430 ὅταν
1240 2412 1281 2432 τις
1311 2401 1377 2438 μετὰ
1404 2399 1564 2440 Τετραδιτῶν
1586 2401 1604 2434 ἢ
1632 2400 1776 2440 Ἀρμενίων
1811 2412 1873 2428 συν-

1052 2448 1199 2483 αυλίζηται.
1228 2447 1257 2475 Εἰ
1278 2447 1327 2486 γὰρ
1359 2446 1394 2477 εἰς
1426 2445 1518 2485 χώραν
1544 2444 1627 2484 διάγει
1656 2444 1714 2473 ἔνθα
1743 2446 1791 2473 οὒκ
1819 2445 1875 2474 ἔστι

1051 2496 1180 2528 τοιοῦτος,
1217 2491 1390 2530 ἀπογεύσεται
1419 2489 1498 2527 μόνον
1527 2488 1636 2528 κρέατος
1666 2489 1684 2524 ἢ
1712 2493 1801 2529 τυροῦ,
1833 2491 1875 2517 καὶ

1051 2536 1203 2576 μετεωρίσει
1224 2536 1273 2571 τήν
1295 2535 1409 2573 ὑποψίαν
1437 2533 1470 2562 δι’
1500 2533 1668 2574 ἐγκρατείας,
1697 2534 1728 2562 οὖ
1757 2534 1812 2572 μὴν
1835 2533 1876 2562 διὰ

1548 2311 1724 2351 καταλύομεν,
1753 2311 1800 2340 ἵνα
1835 2312 1874 2349 μὴ

849 2622 976 2654 VARLE
997 2619 1211 2653 LECTIONES.

220 2671 252 2697 49
268 2671 482 2711 διακαινησίμου.

219 2741 232 2763 ιι
248 2741 317 2773 cum
331 2741 420 2764 omne
435 2741 510 2773 opus
523 2733 758 2772 negotiatorum,
774 2734 802 2763 et
817 2731 952 2773 ipsorum
966 2736 1081 2769 quoque
1108 2726 1313 2773 agricolarum
1339 2728 1442 2773 cesset,
1459 2727 1498 2773 _ut
1513 2723 1628 2773 dictum
1643 2727 1698 2761 est,
1714 2732 1878 2773 cautesque

178 2771 211 2803 in
226 2772 362 2804 ecclesiis
377 2764 506 2805 versari.
523 2783 529 2805 ι
543 2764 764 2812 νὲδριεηάυἱεεὲ
778 2781 784 2803 :
802 2764 840 2802 ηὲ
856 2764 1052 2812 quiileoieoi,
1070 2764 1315 2812 qqi'balnearum
1341 2767 1483 2798 actuaria
1505 2768 1533 2796 et
1558 2764 1697 2806 lavacra,
1714 2768 1742 2796 et
1756 2764 1876 2805 reliqua

178 2815 321 2852 tractant,
340 2813 387 2845 his
402 2822 510 2854 operas
525 2807 599 2844 suas"
608 2814 762 2853 facturos!
780 2807 873 2844 viola?
900 2811 913 2832 ιε
927 2807 1083 2842 uiolamus
1097 2807 1170 2840 haec.
