1946 3080
91 156 166 187 1081

83 221 262 262 ἀδδηφαγίας,
301 221 374 250 Κατὰ
395 219 423 248 δῖ
456 221 506 254 τὴν
535 218 667 258 ἑϐδομάδα
695 221 745 252 τῆς
768 217 916 262 διακινησί-

82 261 182 304 μουῦο
209 263 351 298 ἀκινδύνως
379 265 617 305 κριωφαγήσομεν,
661 263 729 292 κατά
757 262 807 296 τὴν
835 261 915 296 αὐτῆς

81 311 206 351 τετράδα,
236 311 281 340 καὶ
311 311 492 351 παρασκευήν.
543 305 589 343 Ὠς
624 310 671 347 μία
708 308 758 348 γὰρ
785 306 915 347 λογίζεται

81 357 249 396 κυριώνυμος
270 356 302 396 το
323 356 494 395 ἒπταήμερον
507 359 584 385 τοῦτο
599 353 744 391 διάστημα.

125 400 223 441 Ἐρώτ.
257 395 310 440 νγ’.
343 402 374 429 Αἱ
402 405 524 434 νηστεῒαι
551 399 600 433 τῆς
629 398 722 438 ὲορτῆς
743 398 796 426 τῶν
832 398 914 437 ἁγίων

82 445 254 483 ἀποστόλων,
282 445 330 474 καὶ
367 447 416 478 τῆς
453 445 566 485 Χριστοῦ
603 444 765 484 γεννήσεως,
793 442 838 471 καὶ
864 445 913 477 τῆς

82 491 240 527 κοιμήσεως
267 493 317 524 τῆν
345 490 421 529 ἁγίας
450 489 590 526 Θεοτόκου,
620 489 664 518 καὶ
701 491 747 517 τοῦ
774 489 911 528 Σωτῆρος⁷

81 534 260 575 ἀπαραίτητοι
273 535 350 575 εἰσιν,
366 534 384 568 ἢ
400 533 587 574 συγχωρητέαι
609 534 652 562 καὶ
665 531 800 572 ἀδιάφοροι
816 541 824 572 ;

124 574 222 611 ’Ᾰπόκ,
274 574 305 606 Ἦ
351 579 400 617 μὲν
440 577 468 606 ἐν
525 575 799 608 Κωνσταντινουπόλει
851 576 911 616 ἁγία

79 623 189 657 σύνοδος
225 623 268 652 ἐπὶ
308 625 360 652 τῶν
416 623 522 662 ἡμερῶν
565 623 612 652 τοῦ
637 622 785 662 ἁγιωτάτου
813 620 912 650 ἐκείνου

76 669 341 708 πατριάρχου.,.....
369 667 534 707 ἐρωτηθεῖσα
558 667 580 696 εἰ
605 667 660 707 χρὴ
681 665 732 699 τὴν
756 665 784 693 ἒν
798 668 836 703 τῷ
858 665 912 694 Αὖ-

76 713 184 752 γούοτῳ
219 712 342 746 νηστείαν
371 711 515 749 ἐπιτελεῖν,
558 710 746 750 ἀπελογήσατο
780 711 817 742 ὡς
844 709 911 743 αὕτη

77 759 95 792 ἡ
113 757 222 791 νηστεία
262 756 400 795 μετετέθη,
431 755 474 784 διὰ
497 757 528 785 τὸ
564 756 603 794 μὴ
644 755 810 795 περιπίπτειν
850 761 911 786 ταῖς

80 802 152 831 κατὰ
167 803 213 830 τὸν
239 802 330 841 καιρὸν
365 806 457 831 τοῦτον
482 801 632 841 γινομέναις
660 799 776 831 tomum
803 799 910 832 νηστεί-

79 858 135 878 αις.
161 846 235 880 Πλὴν
256 847 301 874 καὶ
316 845 354 873 ἔτι
369 845 464 874 πολλοὶ
491 846 544 874 τῶν
571 844 716 884 ἀνθρώπων
743 844 842 877 ταύτην
863 844 912 877 τὴν

80 890 206 924 νηστείαν
240 890 422 924 νηστεύουσιν,
466 885 562 928 Ἡμεῖς
601 887 640 928 δὲ,
669 888 851 923 σκοπήσαντες
879 887 912 915 τὰ

79 934 144 975 περί
181 935 284 973 τούτου,
313 933 524 974 ἀπολογούμεθα,
560 933 601 962 ὅτι
639 932 665 966 ἐξ
693 933 812 972 ἀνάγκης
848 943 911 972 προσ

78 983 208 1019 ηγοῦνται
224 986 346 1013 νηστεται
370 979 421 1019 πρὸ
442 982 494 1007 τῶν
515 979 650 1019 τεσσάρων
673 978 772 1006 τούτων
787 977 883 1017 ἑορτῶν
900 987 908 995 ·

78 1023 163 1063 ἣγουν
177 1024 228 1062 πρὸ
243 1023 291 1057 τῆς
321 1018 414 1062 ἑορτῆς
444 1025 498 1051 τῶν
525 1018 621 1062 Ἁγίων
649 1020 831 1062 Ἀποστόλων,
861 1021 909 1055 sit:

78 1068 232 1103 Γεννήσεως
266 1071 313 1096 τοῦ
350 1071 473 1107 Χριστοῦ,
510 1070 560 1101 τῆς
602 1066 842 1107 Μεταμορφώσεως
863 1069 910 1095 τοῦ

79 1112 195 1152 Χριστοῦ
222 1112 265 1141 καὶ
293 1116 360 1140 Θεου
393 1113 483 1150 ἡμῶν,
521 1111 566 1140 καὶ
594 1111 644 1145 τῆς
679 1111 837 1149 Κοιμήσεως
857 1113 907 1145 τῆς

79 1157 157 1196 ἁγίας
191 1157 305 1186 Θετόκου
320 1166 327 1174 ’
357 1155 427 1190 πλὴν
470 1157 645 1196 ἑπταήμεροι.
675 1156 727 1183 Μία
769 1155 820 1195 γὰρ
847 1166 910 1183 τεσ-

80 1202 313 1242 σαρακονθήμερος
342 1202 450 1236 νηστεία
477 1201 558 1238 ἐστὶν,
581 1201 598 1235 ἡ
627 1201 673 1229 τοῦ
700 1200 776 1239 ἁγίου
796 1200 840 1228 καὶ
857 1211 910 1238 με·-

79 1245 164 1285 γάλου
186 1246 295 1287 Πάσχα,
319 1247 348 1275 Εἰ
376 1245 404 1274 δέ
418 1257 459 1278 τις
476 1246 529 1287 -καὶ
554 1245 635 1274 πλέον
664 1247 717 1273 τῶν
744 1244 812 1273 ἐπτά
846 1245 911 1282 ἡμε-

78 1294 131 1330 ρῶν
145 1291 215 1320 κατὰ
298 1291 391 1331 ἑορτὴν
405 1291 458 1320 τῶν
475 1285 570 1330 ιΑγίων
586 1288 755 1319 ’Λποστόλων
778 1288 826 1317 καὶ
843 1289 910 1317 κατὰ

78 1336 130 1369 τὴν
165 1336 261 1375 ἑορτὴν
295 1338 345 1369 τῆς
373 1335 531 1370 Γηννήσεως
559 1339 606 1365 τοῦ
633 1338 746 1374 Χριστοῦ
776 1334 908 1374 νηστεύει,

77 1380 95 1414 ἢ
118 1380 217 1418 ἑκοντὶ,
248 1379 267 1412 ἢ
296 1380 350 1408 ἀπὸ
370 1383 530 1419 κτητορικοῦ
562 1382 674 1408 τυπικοῦ
702 1377 908 1416 συνωθούμενος,

77 1424 107 1453 οὒ
135 1425 405 1465 καταισχυνθήσεται.
439 1420 538 1457 ιὈπως
567 1422 595 1452 δὲ
624 1423 669 1452 καὶ
690 1421 759 1451 διατί
772 1423 824 1462 πρὸ
845 1422 909 1451 ἑκά-

78 1480 145 1503 στης
184 1469 285 1498 τούτων
333 1473 387 1498 τῶν
427 1469 561 1508 τεσσάρων
603 1469 701 1508 ἑορτῶν
741 1467 908 1506 ἑπταήμερον

755 149 1114 184 ϐΒιΕΟΟ-ΒΟΜΑΝΠΜ.

1702 149 1782 183 1082

928 221 948 246 Α
959 218 1048 248 viem.
1066 216 1258 248 Hebdomade
1272 221 1370 248 autem
1396 216 1609 258 antipaschalis
1623 217 1688 249 sine
1701 219 1782 258 peri-

957 261 1023 293 culo
1040 261 1181 293 carnibus
1208 271 1364 293 vescemur
1393 261 1423 292 in
1440 262 1506 302 ejus
1531 261 1670 294 Mercurii
1687 262 1736 294 die
1753 268 1783 294 et

956 306 1094 339 Veneris.
1112 306 1185 338 Nam
1202 315 1255 348 pro
1269 315 1329 337 uno
1342 305 1391 337 die
1407 306 1562 339 Dominico
1583 306 1711 339 habetur
1725 308 1782 340 hoc

955 356 1070 392 septem
1086 351 1205 383 dierum
1218 350 1416 382 intervallum.

995 396 1107 428 Inlerr.
1119 395 1158 428 53
1166 395 1286 436 Jejunia
1295 395 1354 426 diei
1365 395 1431 426 festi
1442 395 1617 427 Sanctorum
1627 395 1782 436 Apostolo-

954 449 1034 478 rum,
1050 444 1079 472 et
1093 440 1205 473 Natalis
1233 440 1355 477 Christi,
1371 445 1402 471 et
1422 439 1660 472 Obdormitionis
1674 445 1782 473 sanctae

955 485 1090 526 Deiparaa
1104 489 1135 517 et
1150 484 1326 522 Servatoris,
1344 484 1557 516 inexcusabilia
1567 490 1649 525 sunt,
1664 494 1701 516 an
1716 495 1780 526 per-

955 530 1100 561 mittenda
1114 534 1144 561 et
1155 529 1356 560 inditferentia
1367 531 1381 559 ‘l

993 575 1081 615 Resp.
1090 574 1414 615 Constantinopolitana
1420 572 1540 614 quidem
1548 575 1781 614 sanctasynodus

954 619 983 650 in
997 619 1104 651 diebus
1118 618 1300 650 sanctissimi
1316 618 1397 649 illius
1413 617 1639 659 patriarcha...
1657 618 1781 650 interro-

953 668 1028 703 gata.
1045 673 1083 695 an
1101 667 1236 704 oporteat
1252 663 1376 703 Augusti
1403 661 1515 694 mensis
1527 662 1676 702 jejunium
1690 663 1780 704 perﬁ-

953 709 1045 740 cere‘
1063 719 1070 739 :
1085 708 1250 749 respondit,
1270 708 1298 739 id
1308 708 1457 748 jejunium
1482 711 1627 738 mutatum
1649 717 1726 744 esse,
1743 719 1781 740 ne

952 762 1019 784 cum
1036 752 1156 793 paganis
1167 752 1293 793 jejuniis
1321 762 1387 793 quae
1413 753 1519 784 eodem
1542 756 1676 792 tempore
1692 753 1779 791 ﬁunt,

952 801 1118 828 concurrat.
1136 797 1219 828 Multi
1230 801 1328 829 tamen
1337 796 1474 828 homines
1485 795 1514 827 id
1524 796 1672 836 jejunium
1684 797 1781 829 adhuc

953 841 1122 873 observant.
1140 841 1200 873 Nos
1216 845 1312 872 autem
1330 851 1398 872 eum
1415 850 1459 872 ea.
1478 850 1543 881 qum
1558 841 1596 872 ad
1613 841 1669 872 hoc
1685 841 1779 882 perti-

923 879 942 903 Β
954 891 1034 923 nent,
1048 886 1348 923 consideravorimus,
1360 879 1669 925 defendimusjejunia
1679 879 1780 917 neces-

951 931 1030 962 sario
1042 930 1212 971 praecedere
1218 931 1280 962 hzec
1291 934 1418 971 quatuor
1428 930 1510 961 festa:
1520 929 1660 961 nimirum
1670 930 1777 961 festum

950 976 1125 1007 Sanctorum
1151 975 1371 1016 Apostolorum,
1399 974 1510 1006 Natalis
1533 974 1652 1011 Christi.
1670 974 1780 1007 Trans-

949 1019 1135 1050 formationis
1151 1019 1261 1051 Christi
1274 1023 1302 1050 et
1315 1019 1368 1050 Dei
1385 1018 1490 1055 nostri,
1507 1023 1536 1049 et
1547 1018 1782 1050 Obdormitionis

949 1068 1059 1095 sanch
1069 1063 1216 1105 Deiparaa,
1229 1064 1282 1095 sed
1292 1067 1404 1094 tantum
1414 1067 1528 1103 septem
1537 1062 1668 1095 dierum.
1682 1063 1779 1095 Unum

948 1109 1028 1140 enim
1038 1115 1082 1140 est
1095 1109 1287 1150 quadraginta
1299 1109 1413 1140 dierum
1422 1107 1572 1149 jejunium
1581 1108 1708 1140 sanctiet
1722 1118 1778 1140 ma-

951 1154 1002 1194 gni
1017 1153 1180 1186 Paschalis.
1197 1153 1280 1191 Quod
1293 1154 1318 1184 si
1329 1153 1396 1194 quis
1420 1153 1574 1194 plusquam
1587 1157 1700 1194 septem
1711 1153 1778 1184 die-

952 1198 1007 1229 bus
1022 1198 1102 1230 circa
1111 1199 1217 1230 festum
1227 1198 1401 1230 Sanctorum
1414 1197 1624 1238 Apostolorum
1635 1197 1778 1230 ett‘estum

953 1242 1059 1274 natalis
1070 1243 1180 1275 Christi
1195 1243 1324 1283 jejunet,
1341 1251 1392 1273 seu
1410 1246 1525 1282 sponte,
1543 1251 1596 1272 seu
1610 1251 1627 1273 a
1640 1241 1778 1274 fundato-

953 1287 997 1319 ria
1011 1288 1113 1328 regula
1124 1295 1143 1310 ιιι
1156 1287 1312 1328 impulsus,
1336 1296 1395 1318 non
1410 1286 1634 1327 vituperabitur.
1650 1286 1778 1324 Quomo-

950 1333 987 1364 do
993 1337 1138 1369 autem,et
1147 1338 1268 1374 propter
1277 1333 1347 1374 quid
1354 1337 1422 1364 ante
1433 1333 1665 1374 unumquodque
1671 1333 1776 1365 horum

949 1382 1076 1419 quatuor
1088 1378 1230 1410 festorum
1245 1377 1384 1418 jejunare
1399 1377 1574 1414 debeamus,
1595 1377 1775 1408 declaratum

949 1422 979 1453 in
995 1422 1127 1463 synodali
1143 1422 1308 1459 decisione,
1341 1421 1378 1452 de
1407 1431 1443 1453 co
1470 1431 1487 1452 a
1502 1421 1588 1452 nobis
1604 1421 1693 1454 facta.
1720 1422 1777 1459 Qui

949 1466 1037 1506 igitur
1051 1477 1109 1498 non
1117 1467 1255 1508 jejunant
1265 1470 1335 1498 ante
1346 1465 1582 1507 unumquodque
1593 1466 1699 1497 horum
1707 1476 1775 1507 qua-

80 1514 209 1548 νηστείαν
233 1513 259 1547 ἐξ
286 1513 405 1554 ἀνάγκης
434 1513 567 1548 νηστεύειν
602 1512 752 1553 ὀφείλομεν,
787 1510 894 1545 ἐδηλώθη

991 1521 1015 1542 η’
1024 1511 1244 1550 festorum_sine
1255 1511 1316 1542 ulla
1325 1511 1449 1542 omnino
1460 1510 1652 1542 excusatione
1662 1511 1776 1552 magnis

78 1558 108 1586 ἐν
139 1562 180 1596 τῷ
206 1557 327 1599 γεγονότι
355 1557 418 1598 παρ’
445 1559 523 1596 ἡμῶν
551 1557 629 1598 χάριν
664 1557 756 1585 τούτου
783 1555 910 1594 συνοδικῷ

951 1556 1190 1587 emendabuntur
1204 1555 1315 1597 poenis.

79 1603 166 1642 τύμῳ.
185 1604 214 1632 Οἱ
236 1606 299 1643 γοῦν
322 1603 362 1641 μὴ
386 1603 556 1637 νηστεύοντες
591 1603 641 1642 πρὸ
676 1602 789 1635 ἑκάστης
823 1601 922 1630 τούτων
943 1604 995 1629 τῶν
1025 1602 1157 1641 τεστάρων
1185 1602 1284 1641 ἑορτῶν
1310 1601 1378 1629 κατὰ
1407 1601 1436 1629 τὶ
1461 1600 1548 1634 πάντη
1576 1599 1769 1640 ἀπαραίτητον,

81 1647 115 1676 δι’
131 1648 272 1686 ἐπιτιμίων
287 1647 411 1688 μεγάλων
426 1647 655 1688 διοςβωθήσονται.

121 1692 219 1734 Ἐρών.
241 1692 278 1721 v'o"
307 1694 337 1722 Οἱ
364 1692 434 1721 κατά
461 1692 557 1724 ταύτας
591 1692 637 1723 τὰς
667 1690 788 1724 νηστείας
814 1689 907 1734 ἐγκρα-

78 1738 228 1776 τευόμενοι,
259 1738 324 1777 πρὸς
352 1737 380 1766 δὲ
433 1737 477 1766 καὶ
519 1738 543 1764 οὶ
591 1736 660 1764 κατά
700 1736 747 1767 τὰς
781 1733 906 1774 τετράδας

78 1783 121 1811 καὶ
145 1783 314 1822 παρασκευὰς
351 1781 570 1822 ξηροφαγοῦντες,
600 1781 837 1820 ἑκχωρηθήσονται
865 1778 907 1807 διὰ

80 1825 202 1866 δευτέρας
243 1826 375 1867 τραπέζης
417 1828 574 1866 θεραπεῦσαι
615 1825 666 1859 τὴν
707 1828 753 1854 τοῦ
783 1825 906 1862 σώματος

78 1871 191 1912 ἔνδειαν,
206 1871 225 1906 ἢ
240 1872 270 1900 οὗ
285 1881 294 1912 ;

117 1916 218 1948 Ἀπόκ,
242 1916 334 1956 Κυρίος
348 1917 366 1950 ἡ
383 1915 532 1956 ἐγκράτεια,
570 1914 679 1949 νηστεία
699 1913 768 1942 ἐστίν
785 1922 792 1929 '
809 1912 850 1941 ὅτι
864 1913 908 1941 καὶ

80 1961 255 1998 παθοκτόνος,
292 1961 339 1990 οὒκ
373 1959 588 2000 ἀνθρωποκτόνος
619 1958 754 1988 καλεῖται.
791 1958 820 1987 El
847 1960 908 2000 γοῦν

79 2006 102 2033 οἱ
134 2005 366 2045 ἔγκρατευόμενοι,
396 1998 437 2033 ὂιά
472 2005 595 2033 συστάσιν
631 2007 677 2032 τοῦ
705 2003 830 2041 σώματος
865 1998 908 2030 καὶ

78 2049 199 2089 δευτέρας
237 2049 370 2089 τραπέζης
411 2048 552 2087 δεηθῶσιν,
609 2051 639 2078 οὔ
687 2047 910 2087 προκριματισθή·

990 1690 1101 1722 lnlerr.
1119 1690 1168 1722 54.
1185 1689 1241 1726 Qui
1257 1690 1303 1721 his
1325 1689 1451 1730 jejuniis
1467 1690 1656 1721 continenter
1670 1693 1772 1731 agunt,

950 1734 1052 1766 adhwc
1063 1739 1092 1766 et
1102 1734 1210 1766 diebus
1222 1734 1361 1765 Mercurii
1373 1738 1403 1766 et.
1412 1734 1537 1766 Ventris
1548 1734 1640 1765 aridis
1650 1744 1773 1766 vescun-

949 1782 1007 1816 tur,
1023 1779 1159 1810 sinentur
1170 1788 1222 1818 per
1233 1779 1439 1810 secundariam
1452 1787 1584 1810 mensam
1596 1788 1700 1810 curare
1709 1787 1774 1812 cor-

948 1823 1030 1864 poris
1044 1823 1249 1864 indigentiam,
1265 1833 1363 1854 annon
1374 1823 1390 1854 ?

989 1913 1077 1953 Resp.
1102 1912 1226 1952 Proprie
1241 1911 1436 1947 continentia,
1450 1911 1598 1952 jejunium
1625 1916 1689 1951 est;
1707 1913 1775 1954 quia

949 1961 979 1988 et
993 1957 1170 1994 atfecticida,
1188 1966 1247 1987 non
1263 1956 1413 1987 homicida
1427 1961 1556 1994 vocatur,
1575 1955 1605 1988 Si
1627 1966 1709 1996 ergo,
1724 1957 1774 1998 qui

952 2002 1139 2033 continenter
1166 2000 1277 2039 vivunt,
1305 2001 1341 2032 ad
1373 2000 1505 2041 corporis
1530 2002 1773 2033 sustentationem

950 2046 1125 2077 secundaria
1151 2055 1253 2076 mensa
1282 2045 1445 2085 indigeant,
1480 2045 1684 2086 przejudicium
1715 2056 1774 2077 non

78 2105 179 2123 ιτονταιΔ
212 2095 320 2127 Πάντως
349 2095 399 2134 γὰρ
427 2095 471 2123 καὶ
499 2094 571 2123 αὐτοὶ
599 2094 648 2127 τὴν
677 2093 826 2132 ὁΛοῆμερον
861 2092 894 2120 οὒκ

991 2091 1109 2122 lienlur.
1122 2089 1195 2121 Nam
1209 2099 1262 2120 nec
1275 2090 1305 2120 hi
1318 2094 1376 2140 tota
1400 2089 1449 2122 die
1465 2090 1679 2140 continentiam
1696 2090 1774 2121 infa-

76 2138 250 2177 ἀτιμάσουσιν
294 2139 459 2178 ἐγκράτειαν,
495 2138 538 2168 διὰ
587 2138 727 2177 ἐσπερινῆς
769 2135 893 2176 ἄκρασίκς

991 2135 1071 2166 Ibunt
1084 2144 1137 2175 per
1152 2134 1397 2166 incontinentiam
1414 2139 1587 2166 nocturnam
1603 2140 1627 2166 υ.
1645 2134 1675 2166 Id
1692 2135 1772 2166 enim

79 2187 165 2212 Τοῦτο
181 2182 213 2212 δὰ
224 2184 396 2222 ποιήσαντες,
417 2183 666 2221 ἐπιτιμηθήσονται.

993 2180 1129 2216 fecerint,
1148 2178 1375 2210 cocrcchuntur.

122 2225 220 2268 Ἐρώτ.
250 2223 300 2260 νε’.
338 2228 412 2257 Κατὰ
447 2228 496 2261 τὴν
531 2227 688 2267 παραμονὴν
717 2228 767 2260 τῆς
807 2225 837 2253 ἐκ
864 2235 891 2252 νε

991 2224 1105 2256 Ιηίεντ.
1128 2224 1177 2256 55.
1210 2225 1242 2255 ln
1271 2225 1476 2264 expectatione
1505 2223 1735 2255 resurrectionis
1758 2233 1775 2254 a

81 2274 149 2311 κρῶν
173 2272 301 2312 ἒγὲρσεως
330 2275 376 2301 τοῦ
411 2271 510 2300 δικαίου
539 2273 670 2312 Λαζάρου,
699 2271 743 2299 καὶ
771 2270 839 2299 κατὰ
859 2270 894 2303 τὴ

991 2269 1078 2300 thuis
1091 2269 1163 2309 juin
1180 2268 1291 2301 anari,
1309 2272 1337 2299 et
1361 2269 1391 2299 in
1413 2268 1487 2298 festo
1503 2268 1678 2300 Sanctorum
1692 2268 1772 2304 Qua-

82 2316 174 2355 ἑορτὴν
198 2319 251 2344 τῶν
285 2316 373 2355 Λγίων
400 2316 614 2356 Τεσσαράκοντα,
641 2314 782 2356 ἀκινδύνως
807 2312 894 2341 τελεια

991 2313 1098 2353 aginta,
1116 2313 1179 2344 sine
1192 2312 1324 2353 periculo
1334 2312 1513 2343 sacriﬁcium
1525 2312 1669 2353 quispiam
1680 2313 1775 2352 perfe-

83 2360 227 2400 ὶερουργίαν
273 2361 436 2401 ἱερουργήσει
476 2355 530 2400 τις,
558 2360 577 2394 ἢ
606 2359 660 2401 οὕ;
704 2355 838 2390 ιῼσοιιῖιτως
867 2369 894 2386 κο

991 2368 1032 2388 ηπ
1050 2357 1224 2394 celebraLit,
1254 2358 1378 2388 annon?
1394 2357 1508 2388 Pariter
1537 2362 1565 2388 et
1592 2361 1649 2387 tota
1674 2361 1775 2388 sancta

82 2406 150 2433 κατὰ
170 2406 220 2439 τὴν
249 2404 315 2439 ὃλην
343 2406 419 2444 ἁγίαν
449 2405 667 2445 Τεσσαρακοστὴν
697 2403 780 2437 ἔξεστι
811 2403 892 2441 βαπτί

991 2402 1147 2441 iadragena
1177 2402 1245 2432 licet
1282 2401 1440 2442 baptizare,
1473 2405 1522 2432 aut
1552 2401 1775 2433 benedictiones

81 2451 144 2486 ζειν,
185 2449 204 2484 ἢ
246 2449 392 2489 ἱερολογίας
427 2449 523 2489 γάμων
555 2450 599 2478 καὶ
629 2451 777 2488 μνηστειῶν
807 2454 894 2476 ποιεῖν

993 2446 1118 2488 ptiarum
1136 2446 1410 2487 sponsaliorumque
1424 2446 1533 2485 facere,
1549 2447 1673 2478 annon?

81 2492 167 2527 ἢοῦς

121 2518 218 2569 acula.
237 2534 282 2567 1[Ιν
302 2534 308 2543 ’
320 2539 408 2567 κανὼν
420 2541 470 2573 τῆς
491 2539 517 2568 ὲν
532 2542 571 2577 τῷ
585 2538 707 2577 Τρούλλῳ
725 2537 771 2567 τοῦ
786 2534 904 2575 μεγάλου

743 2618 872 2653 VARIIE
893 2619 1111 2652 LECTIONES.

985 2535 1074 2577 Resp.
1089 2535 1358 2576 Quinquagesimus
1364 2535 1514 2568 secundus
1521 2545 1613 2567 canon
1623 2541 1731 2567 sanch
1745 2540 1775 2567 ct

124 2688 156 2715 50
169 2688 382 2728 διακαινησίμου.

127 2755 138 2802 t
154 2756 295 2802 Auguste
303 2764 417 2802 mense,
431 2757 584 2802 iejunium
593 2759 728 2802 servaret
739 2765 749 2787 :
760 2761 780 2776 ³
790 2764 844 2787 seu
855 2763 873 2787 a
884 2755 1065 2802 municipali
1073 2755 1342 2802 quodamaecrqto.
1361 2763 1373 2778 ιι
1386 2755 1517 2802 omnino
1527 2759 1625 2786 tamen
1642 2763 1698 2786 nec
1713 2754 1772 2797 ipsi

89 2797 150 2827 tota
164 2795 215 2828 die
227 2796 436 2828 continuatam
450 2798 695 2838 temperantiam,
709 2805 764 2838 per
777 2796 981 2837 vespertinam
996 2795 1267 2837 intemperantiam
1280 2795 1505 2836 deformabunt.
