1946 3080
80 128 101 159 1
109 128 193 162 085
775 131 1133 165 ϐΒιΕΟΟ-ΗΟΜΔΝΗΜ.
1719 134 1796 167 1086

81 195 235 231 μοσύνων
271 196 471 236 κατοιχομένων
496 198 698 236 εἰσκομιζόμενα
728 201 767 235 τῷ
801 201 849 236 vni

1034 203 1147 230 ctorum
1166 200 1329 238 n;emoriis,
1348 204 1377 231 et
1393 209 1446 241 pro
1475 205 1658 232 mortuorum
1674 210 1802 233 comme-

83 239 135 267 τὰ
183 240 246 281 ὅπερ
275 243 399 281 ψυχικῶν
425 240 566 270 διαδόσεων
593 249 654 275 ταῖς
696 241 849 276 ἐκκλησίαις

1033 243 1196 274 rationibus
1212 243 1382 275 inferuntur
1394 239 1427 275 in
1446 245 1600 286 templum,
1613 250 1641 275 et
1653 255 1718 286 qua
1732 255 1801 286 pro—

83 294 193 313 τινων
215 285 428 325 προσφερόμενα,
457 293 517 319 τοῖς
545 285 700 320 ἐπισκόποις
729 286 840 316 δίδοσθαι
856 299 939 316 κεκα-

86 328 243 368 νόνισται,
275 329 322 358 καί
343 331 413 370 παρὰ
444 331 542 360 τούτων
572 332 637 372 πρός
664 342 694 360 τε
714 332 775 364 τοὺς
797 332 939 372 κληρικοὺς

88 375 156 403 καὶ
175 376 235 407 τοὺς
270 374 447 413 ξενιζομένους
476 376 520 405 καὶ
541 375 628 408 ἄλλως
649 378 840 411 πενητεύοντας
865 377 938 406 ἀδελ-

90 419 179 459 φοὺς
201 419 401 462 διαμερίζεσθαι,
419 421 487 449 κατὰ
512 422 560 455 τὴν
582 422 680 450 τούτων
715 421 853 462 διάκρισιν,
870 423 940 457 Φησὶ

90 464 164 502 γὰρ
180 465 194 492 ὁ
209 458 236 504 γΙ
249 458 336 493 κανὼν
357 467 410 493 τῶν
431 466 512 505 ἁγίων
549 464 704 495 ἀποστόλων
717 458 799 495 ταῦτα
826 467 912 506 ῥητῶς
930 475 936 481 '

90 507 142 536 Εἴ
172 519 211 542 τις
237 508 380 542 ἐπίσκοπος
408 510 426 544 ἢ
451 509 624 550 πρεσϐύτερος
653 511 724 547 παρὰ
744 511 794 545 τὴν
823 515 869 540 τοῦ
891 516 940 541 Κυ-

92 552 171 592 ρίου
199 553 312 587 διάταξιν
339 555 389 589 τὴν
413 555 457 583 επὶ
494 558 528 594 τῇ
561 555 635 591 θυσίᾳ
674 556 838 596 προσενέγκῃ
865 556 940 596 ἕτερά

93 609 175 626 τινα
197 597 239 626 ἐπὶ
253 600 284 627 τὸ
318 600 513 640 θυσιαστήριον,
544 601 562 634 ἢ
598 599 670 638 μέλι,
699 601 716 635 ἢ
745 600 825 641 γάλα,
852 601 941 636 ἢάντὶ

95 641 192 671 οἴνου
216 646 306 683 σίκερα
332 643 500 681 ἔπιτηδευτὰ,
526 644 545 678 ἢ
569 643 649 685 ὅρνις,
697 645 715 680 ἢ
743 645 798 681 ζῶά
823 657 894 683 τινα,
922 645 940 680 ἢ

95 687 225 728 ὄσπρια,
256 689 326 729 παρὰ
367 689 416 723 τὴν
457 689 582 724 διάταξιν,
639 690 809 730 καθαιρείσθω
825 699 833 707 ⁸
870 690 940 724 πλὴν

96 732 182 760 νέων
204 731 314 773 χίδρων,
330 737 369 772 κῷ
390 738 473 775 καιρῷ
487 735 525 771 τῷ
559 733 653 763 δέοντι.
686 735 729 769 Μὴ
758 734 814 768 ἐξὸν
830 734 857 763 δὲ
871 734 940 764 ’έστω

96 777 206 817 ἕτερόν
228 789 253 806 τι
280 779 456 818 προσάγεσθαι
478 779 514 812 εἷς
543 780 573 807 τὸ
601 780 795 820 θυσιαστήριον,
819 780 837 814 ἢ
859 781 939 818 μόνον

98 821 205 851 ἐλαιον
220 823 256 855 είς
284 823 333 857 τὴν
362 822 484 864 λυχνίαν,
512 824 556 852 καὶ
580 824 698 862 θυμίαμα
725 828 763 862 τῷ
787 828 871 864 καιρῷ
891 827 970 867 τῆςη

98 867 192 906 ἁγίας
221 871 371 908 προσφορᾶς
389 876 396 883 ·
427 869 444 903 ἡ
465 867 535 903 ἕλλη
557 868 584 897 δὲ
611 872 682 897 πᾶσα
704 869 795 909 οπρώα
810 870 846 902 εἰς
863 869 939 898 οἷκον

99 911 331 952 ἀποστελλέσθω,
360 912 471 953 ἀπαρχὴ
498 917 536 951 τῷ
564 914 702 950 ἐπισκόπῳ
728 915 772 942 καὶ
800 921 858 947 τοῖς
879 925 940 954 πρε-

101 955 261 997 σϐυτέροις,
287 956 356 985 ἀλλὰ
381 956 420 995 μιὶ
448 958 513 997 πρὸς
541 959 571 986 τὸ
593 959 786 999 θυσιαστήριον.
812 958 899 993 Δῆλον
913 958 940 987 δὲ

103 1002 151 1033 ὥς
171 1003 185 1029 ὁ
207 1002 349 1034 ἐπίσκοπος
376 1003 420 1030 καὶ
441 1004 464 1031 oi
492 1002 660 1044 πρεσϐύτεροι
682 1003 860 1043 ἐπιμερίσουσι
880 1011 939 1044 τοῖς

104 1045 249 1088 διακόνοις
277 1047 321 1075 καὶ
348 1054 407 1079 τοῖς
442 1046 548 1081 λοιποῖς
577 1047 729 1088 κληρικοτς.
760 1049 809 1077 Καὶ
830 1049 844 1076 ὁ
859 1043 940 1084 ζ’καὶ

105 1092 124 1119 ὁ
151 1085 185 1124 η’
205 1091 292 1120 κανὼν
306 1094 355 1125 τῆς
370 1093 397 1120 ἒν
412 1092 518 1132 Γάγγρᾳ
540 1085 647 1121 συνόδου
668 1096 749 1121 ταῦτα
763 1092 940 1132 παρακελεύε-

105 1146 160 1163 ται.
177 1145 183 1152 ·
203 1135 236 1164 Εἴ
258 1147 297 1168 τις
326 1136 503 1177 καρποφορίας
529 1137 610 1166 ἐθέλει
633 1137 788 1176 λαμϐάνειν,
811 1138 828 1172 ἢ
844 1137 941 1166 διδόναι

106 1179 168 1213 ἔξω
196 1183 245 1214 τῆς
274 1180 426 1218 ἐκκλησίας,
465 1182 535 1221 παρὰ
575 1182 685 1221 γνώμην
709 1186 755 1211 τοῦ
784 1182 939 1219 ἐπισκόπου,

106 1226 129 1260 ἥ
155 1229 205 1254 τοῦ
220 1225 452 1266 ἐγκεχειρισμένα)
466 1227 499 1255 τὰ
526 1230 646 1264 τοιαῦτα,
669 1227 713 1256 καὶ
734 1228 773 1266 μὴ
795 1227 861 1266 μετὰ
875 1227 943 1266 γνώ-

107 1281 174 1311 μης
204 1269 281 1300 αὐτοῦ
308 1270 390 1299 ἐθέλει
425 1271 558 1311 πράττειν.
589 1272 705 1311 ἀνάθεμα
741 1272 819 1301 ἔστιν).
858 1271 906 1302 Καὶ
928 1273 942 1300 ὁ

109 1310 161 1354 οβ’
175 1315 351 1347 ἀποστολικὸς
367 1310 452 1345 κανὼν
467 1317 549 1347 ταῦτά
570 1329 649 1358 φησιν
665 1325 672 1333 ·
687 1317 722 1346 Εἴ
746 1329 786 1350 τις
800 1317 940 1357 κληρικὸς,

107 1359 129 1394 ἢ
149 1359 260 1398 λα’ἰκὸς,
276 1360 329 1388 ἀπὸ
349 1363 397 1394 τῆς
424 1361 498 1401 ἁγίας
527 1361 668 1396 ἐκκλησίας
697 1361 844 1402 ὰφέλληται
859 1363 942 1402 κηρὸν

109 1405 130 1439 ἣ
149 1404 240 1433 ἔλαιον
263 1405 435 1445 ἂφοριζέσθω.
465 1407 514 1436 Καὶ
542 1408 556 1435 δ
579 1402 718 1446 ογ’κανὼν
735 1408 806 1448 λέγει
823 1416 830 1423 '
844 1411 941 1438 Σκεῦος

115 1452 240 1489 χρυσοῦν
276 1449 294 1484 ἢ
329 1450 455 1490 ἀργυροῦν
466 1452 599 1491 ἁγιασθὲν,
625 1452 643 1487 ἢ
667 1453 771 1490 ὀθόνην,
791 1451 882 1491 μηδεὶς
905 1453 942 1483 είς

107 1494 214 1545 οἰκείαν
242 1497 340 1534 χρῆσιν
368 1495 556 1545 σιρετεριζὲσθω
572 1504 578 1512 '
626 1498 779 1545 παράνομον
805 1498 876 1545 γάρ,
912 1499 943 1526 Εἰ

981 287 1160 319 animalibus
1175 288 1401 329 trajectionibus
1428 289 1563 321 ecclesiis
1577 296 1591 312 υ
1605 289 1642 321 ab
1657 289 1806 331 aliquibus

981 332 1155 370 oﬂ‘eruntur,
1183 333 1332 374 episcopis
1353 333 1415 364 dari
1431 336 1574 366 canouiee
1589 338 1728 366 statutum
1745 340 1803 373 est,

981 381 1010 408 et
1025 376 1061 408 ab
1074 377 1121 408 his
1143 377 1280 408 distribui
1302 378 1331 409 in
1345 378 1371 408 cl
1393 378 1471 409 ricos
1487 379 1660 419 peregrinos
1675 379 1804 420 hospitio

981 426 1131 462 exceptos,
1144 426 1172 453 et
1187 422 1318 463 alioquin
1332 422 1430 463 inopia
1454 433 1574 464 pressos
1586 423 1702 462 fratres,
1719 427 1805 465 prout

981 466 1037 507 ipsi
1050 467 1259 508 jndicaverint.
1273 467 1405 498 Citeuim
1418 468 1522 499 tertius
1528 477 1623 499 canon
1633 472 1802 499 sanctorum

980 512 1181 552 apostolorum
1202 513 1263 544 haec
1280 512 1442 552 expressim
1469 523 1476 543 :
1506 512 1536 544 Si
1551 513 1618 554 quis
1633 513 1801 554 episcopus,

980 557 1025 588 vel
1041 557 1204 598 presbyter,
1220 562 1329 597 praeter
1339 557 1457 589 Domini
1467 557 1505 588 de
1519 557 1664 589 sacrificio
1679 557 1802 588 ordina-

982 601 1108 642 tionem,
1123 601 1180 633 alia
1202 601 1336 641 quaedam
1353 601 1388 632 ad
1405 601 1497 633 altare
1513 602 1656 643 attulerit,
1673 602 1743 641 mel,
1757 602 1800 632 vel

982 645 1038 686 lac,
1054 646 1100 677 vel
1111 655 1163 687 pro
1176 647 1241 677 vino
1255 649 1380 677 siceram
1398 652 1421 682 ',
1437 646 1483 677 vel
1498 647 1643 685 confecta,
1660 647 1705 678 vel
1722 656 1801 685 aves,

980 690 1024 722 vel
1040 691 1138 731 aliqua
1152 691 1300 727 animalia,
1319 691 1362 722 vel
1380 691 1538 731 legumina,
1557 695 1664 732 praeter
1678 691 1801 722 ordina-

981 735 1104 773 tionem,
1121 735 1288 776 deponatur
1308 745 1315 768 :
1333 740 1528 776 praeterquam
1545 745 1619 766 nova
1642 735 1801 775 legumina,

980 783 1115 821 tempore
1127 784 1304 821 opportuno.
1321 779 1364 812 Ne
1378 781 1466 811 liceat
1481 784 1580 811 autem
1597 779 1707 821 aliquid
1723 779 1802 810 aliud

981 823 1017 855 ad
1034 824 1127 855 altare
1152 825 1270 863 ott‘erre,
1300 834 1388 866 quam
1416 825 1513 856 oleum
1538 825 1575 855 ad
1598 824 1756 861 luminare,
1773 827 1803 855 et

981 869 1149 910 incensum,
1184 873 1323 910 tempore
1353 873 1462 900 sancta:
1498 868 1667 900 oblationis.
1701 868 1804 900 Omnis

981 917 1079 944 autem
1106 913 1181 944 alius
1208 913 1321 945 fructus
1351 914 1472 945 domum
1511 913 1654 951 mittatur,
1689 916 1720 943 ut
1745 911 1805 943 sint

982 956 1119 998 primitiae
1141 958 1293 1000 episcopo,
1311 962 1340 990 et
1363 958 1554 999 presbyteris.
1571 958 1689 988 Clarum
1702 961 1803 988 autem

982 1006 1036 1040 est,
1056 1002 1228 1044 episcopum
1245 1008 1273 1034 et
1286 1003 1473 1044 presbyteros
1483 1003 1628 1040 diaconis,
1643 1006 1671 1033 et
1683 1001 1804 1042 reliquis

982 1046 1100 1078 clericis
1115 1047 1334 1079 distributuros.
1355 1049 1390 1078 Et
1406 1048 1422 1078 'l
1438 1051 1469 1079 et
1483 1047 1502 1079 8
1526 1057 1622 1078 canon
1642 1046 1804 1085 Gangrenaa

982 1091 1160 1132 synodihazc
1172 1092 1321 1133 praecipit:
1339 1091 1369 1124 Si
1391 1091 1456 1133 quis
1469 1091 1528 1123 vult
1543 1092 1655 1123 fructus
1671 1090 1804 1122 ecclesiae

983 1135 1098 1167 oblatos
1108 1136 1256 1178 accipere,
1274 1137 1318 1167 vel
1334 1137 1406 1168 dare
1422 1141 1503 1168 extra
1518 1136 1805 1176 ecclveiam,praater

985 1180 1116 1222 episcopi
1142 1181 1332 1219 sententiam,
1363 1180 1408 1213 vel
1438 1182 1514 1222 ejus,
1530 1181 1577 1212 cui
1603 1190 1674 1212 cura
1702 1189 1804 1210 eorum

984 1225 1089 1256 tradita
1118 1229 1173 1264 est,
1203 1230 1231 1256 et
1259 1235 1317 1257 non
1345 1236 1410 1257 cum
1437 1227 1501 1267 ejus
1524 1225 1672 1258 sententia
1686 1233 1722 1256 ea
1737 1224 1807 1256 velit

983 1278 1083 1309 agere,
1099 1271 1137 1301 sit
1161 1271 1330 1302 anathema.
1343 1270 1378 1302 Et
1393 1271 1429 1302 7'2
1440 1271 1618 1312 apostolicas
1634 1279 1729 1301 canon
1744 1268 1807 1299 haec

983 1314 1023 1344 ait
1037 1323 1046 1345 :
1059 1313 1088 1346 Si
1100 1314 1167 1356 quis
1188 1315 1325 1351 clericus,
1352 1315 1397 1346 vel
1413 1315 1519 1354 laicus,
1533 1325 1550 1346 a
1565 1319 1666 1346 sancta
1681 1313 1808 1345 ecclesia

983 1367 1081 1390 ceram
1096 1359 1140 1390 vel
1155 1359 1252 1391 oleum
1264 1360 1387 1398 auferat,
1407 1364 1589 1400 segregetur.
1602 1359 1638 1391 Et
1656 1358 1694 1391 73
1712 1367 1806 1388 canon

983 1404 1025 1434 ait
1039 1412 1044 1434 :
1063 1403 1121 1435 Vas
1135 1413 1272 1442 aureum,
1288 1405 1331 1436 vel
1346 1409 1518 1444 argenteum
1547 1405 1593 1435 vel
1605 1404 1701 1435 velum
1716 1411 1806 1434 sauc-

985 1447 1140 1486 tiﬁcatum,
1159 1458 1246 1480 nemo
1261 1450 1389 1491 amplius
1399 1449 1429 1480 in
1439 1459 1525 1480 suum
1538 1459 1622 1480 usum
1634 1451 1784 1479 convertat
1797 1455 1804 1479 :

986 1493 1042 1523 hoc
1057 1493 1135 1524 enim
1151 1493 1183 1524 fit
1206 1499 1314 1534 praeter
1333 1494 1395 1535 jus,
1412 1499 1442 1525 et
1468 1498 1572 1525 contra
1587 1493 1677 1533 leges.
1695 1492 1726 1524 Si
1741 1491 1806 1533 quis

110 1538 143 1567 δέ
160 1550 202 1570 τις
218 1540 361 1579 φωραθείη,
382 1539 545 1578 ἐπιτιμάσθω
573 1535 712 1581 ἀφορισμῷ
754 1537 783 1571 Ὀ
805 1535 876 1570 δὲᾚ

1036 1547 1080 1568 em
1097 1538 1299 1579 deprehensus
1315 1539 1413 1577 fuerit,
1428 1538 1578 1570 multetur.
1596 1539 1696 1570 Canon
1707 1541 1804 1568 autem

112 1584 171 1612 νὼν
186 1585 235 1618 τῆς
251 1583 278 1612 ἐν
298 1587 337 1621 τῷ
352 1588 407 1623 ναῷ
424 1588 474 1613 τῶν
500 1581 595 1625 (Λγίων
617 1585 786 1615 Ἀποστόλων
808 1586 941 1620 συστάσης

113 1629 306 1666 οὶκουμενικῆς
320 1629 396 1669 ἁγίας
426 1629 544 1668 συνόδου,
574 1631 634 1663 τοὺς
661 1631 710 1670 μὲν
727 1634 940 1663 κοινοποιοῦντας

112 1673 149 1701 τὰ
178 1676 224 1701 τοῦ
264 1673 386 1711 βήματος
435 1675 490 1714 ἱερὰ
535 1675 681 1714 καθαιρέσει
721 1673 914 1704 καθ’)ποϐἆλλει
932 1683 938 1690 ·

983 1582 1118 1613 decimus
1133 1583 1325 1614 mcumenicre
1335 1588 1444 1614 sanctae
1452 1583 1567 1624 synodi,
1577 1585 1761 1622 congregata:
1776 1582 1805 1612 in

984 1629 1094 1669 templo
1119 1628 1295 1661 Sanctorum
1330 1629 1552 1670 Apostolorum,
1583 1638 1634 1660 eos
1671 1628 1805 1669 quidem,

983 1671 1033 1713 qui
1049 1673 1149 1704 altaris
1159 1682 1242 1704 sacra
1252 1674 1466 1712 contaminant,
1481 1673 1662 1715 dopositioni
1673 1671 1804 1712 subjicit:

112 1717 179 1749 τοὺς
195 1717 222 1745 δὲ
236 1718 270 1746 τὰ
284 1717 376 1751 ἔξωθεν
404 1724 450 1748 τοῦ
477 1719 597 1757 βήματος
618 1720 680 1748 ὂντα
715 1721 771 1759 ἱερὰ
803 1719 880 1753 σκεύη

1054 1722 1162 1756 autem,
1176 1718 1227 1759 qui
1242 1722 1324 1750 extra
1338 1720 1431 1750 altare
1452 1718 1625 1750 exsistenlia
1640 1726 1724 1748 sacra
1739 1725 1805 1747 vasa

114 1763 220 1803 ἀνίερον
271 1765 370 1804 χρῆσιν
409 1768 628 1802 μεταποιοῦντας,
658 1765 772 1806 ἀφορίζει
789 1773 796 1780 ⁶
826 1765 882 1796 τοὺς

1035 1762 1185 1803 profanum
1215 1773 1300 1794 usum
1329 1768 1514 1804 convertunt,
1542 1761 1803 1795 excommunicat:

115 1807 295 1848 ἁρπάζοντας,
316 1809 353 1840 ὡς
381 1808 528 1848 ἱεροσύλους
556 1810 716 1849 κατακρίνει.
741 1805 769 1839 ιΟ
798 1808 826 1837 δὲ
860 1820 880 1847 μ

1049 1816 1128 1844 vero,
1141 1808 1191 1848 qui
1215 1808 1371 1849 diripiunt,
1388 1813 1418 1839 ut
1439 1809 1599 1848 sacrilegos
1614 1807 1804 1839 condemnat.

116 1852 248 1893 Κύριλλος
264 1853 290 1881 ἐν
311 1856 345 1892 τῇ
365 1854 430 1892 πρὸς
462 1854 565 1892 Δόμνον
590 1854 717 1893 ἐπιστολῇ
737 1854 819 1884 ταῦτα
838 1866 884 1893 φης

1035 1860 1078 1882 rro
1095 1860 1217 1891 magnus
1245 1852 1370 1892 Cyrillus
1397 1852 1428 1883 in
1455 1853 1579 1892 epistola
1602 1852 1638 1883 ad
1655 1851 1803 1882 Domuum

117 1892 258 1930 ’Ἐκαστος
284 1899 361 1936 ἡμῶν
386 1902 438 1927 τῶν
467 1898 538 1927 ἰδίων
573 1901 669 1940 καιρῶν
691 1892 768 1928 δώσει
785 1892 879 1940 λόγους

1035 1896 1102 1936 ipta,
1118 1896 1180 1927 haec
1188 1896 1240 1928 ait;
1253 1896 1461 1938 Unusquisque
1471 1901 1602 1927 nostrum
1615 1896 1803 1940 propriorum

115 1943 227 1971 πάντων
262 1947 355 1984 Κριτῇ,
387 1943 532 1982 Κειμήλιον
568 1945 616 1983 μὲν
657 1946 718 1985 γὰρ,
762 1946 805 1973 καὶ
832 1945 883 1980 κτή

1036 1949 1149 1981 Iporum
1176 1941 1306 1972 rationes
1334 1941 1439 1973 reddet
1465 1941 1563 1973 Judici
1584 1941 1727 1985 omnium.
1745 1939 1804 1971 Va-

115 1988 258 2024 ἆκινήτους
304 1989 466 2023 ἆνεκποίητα
505 1996 567 2021 ταῖς
614 1989 766 2024 ἐκκλησίαις
814 1990 880 2025 σώζε

1035 1994 1081 2015 um
1097 1985 1175 2016 enim
1189 1985 1352 2024 thesauros,
1368 1989 1396 2016 et
1408 1986 1611 2026 possessiones
1624 1984 1803 2025 immobiles,

114 2034 185 2073 χρὴ,
207 2035 358 2073 θαρσεϊσθιι
381 2033 408 2062 δὲ
437 2041 494 2067 τοῖς
523 2035 592 2063 κατὰ
619 2036 710 2074 καιρὸν
736 2035 785 2069 τὴν
813 2035 882 2063 θείαν

1037 2029 1189 2061 licnabiles
1223 2030 1358 2062 ecclesiis
1395 2031 1561 2061 conservari
1589 2034 1705 2072 (portet
1733 2039 1739 2061 :
1770 2030 1805 2060 iis

115 2078 224 2107 ἐπουσιν
250 2079 404 2118 ἱερωσύνην,
436 2082 488 2107 τῶν
517 2079 739 2118 παραπιπτόντων
761 2079 883 2117 ἀναλωμᾶ

1036 2083 1093 2111 em,
1107 2075 1156 2116 qui
1172 2084 1224 2115 per
1235 2079 1352 2116 tempus
1364 2074 1465 2106 divino
1487 2077 1647 2116 funguntur
1661 2074 1804 2107 sacerdo-

114 2124 167 2157 τὴν
193 2123 353 2161 οἰκονομίαν.
383 2123 460 2158 Ζήτει
482 2124 526 2152 καὶ
554 2122 655 2163 βιϐλίου
678 2118 717 2152 νό’
734 2124 820 2152 τίτλον
837 2119 875 2163 γ’,

1034 2146 1035 2151 η
1066 2119 1353 2151 administrationem
1389 2124 1558 2161 sumptuum
1588 2119 1802 2158 erogandorum

117 2167 232 2207 φάλαιω
245 2162 274 2206 β’
295 2168 375 2208 Χάριν
401 2167 428 2196 δὲ
456 2172 504 2202 τῆς
531 2162 685 2208 ὁγειλούσης
711 2167 822 2197 δίδοσθαι
846 2162 885 2196 νπι

1034 2164 1093 2194 tcia
1116 2165 1268 2204 prazditam
1293 2174 1359 2195 esse
1378 2170 1399 2194 ι.
1413 2164 1516 2202 Quaere
1528 2169 1556 2196 et
1567 2165 1636 2196 libri
1647 2165 1698 2203 54,
1711 2164 1755 2196 tit.
1772 2164 1802 2202 3,

118 2223 200 2247 τητος
227 2212 292 2252 ὑπὲρ
325 2217 464 2242 κανονικοῦ
484 2214 554 2253 παρὰ
582 2213 769 2253 κοινολαϊτῶν,
799 2214 822 2241 οἱ
836 2224 884 2241 καν

1035 2222 1047 2236 ι.
1066 2209 1095 2240 2.
1112 2210 1154 2241 De
1169 2210 1331 2250 quantitate
1346 2215 1457 2251 autem,
1474 2220 1539 2250 quae
1562 2220 1613 2250 pro
1644 2209 1803 2241 canonnrio

120 2259 170 2296 μὲν
185 2257 257 2287 οὐδέν
272 2270 296 2287 τι
326 2257 490 2298 διορίζονται,
520 2258 678 2298 πρόσταγμα
713 2257 740 2287 δὲ
767 2261 813 2286 τοῦ
825 2257 888 2286 ἆοιδί

1036 2254 1080 2284 Ida
1096 2258 1167 2285 esta
1183 2255 1288 2295 plebiis
1307 2261 1330 2296 1,
1355 2265 1485 2286 canones
1499 2255 1618 2296 quidem
1637 2255 1709 2286 nihil
1727 2254 1804 2285 deti-

118 2302 251 2341 βασιλέως
288 2302 387 2331 ἐκείνου
427 2303 515 2342 κυρίου
552 2303 681 2331 Ἰσαακίου
728 2306 774 2332 τοῦ
804 2307 886 2340 Κομντ

1033 2303 1094 2329 illi:
1117 2308 1217 2330 verum
1245 2301 1338 2340 jussio
1366 2300 1466 2341 inclyti
1494 2300 1682 2340 imperatoris
1713 2299 1801 2338 illius,

119 2348 251 2376 ὑποτυποῖ
270 2347 356 2378 πολλά
384 2359 442 2376 τινα
469 2347 580 2376 δίδοσθαι
614 2353 672 2379 τοῖς
694 2347 847 2378 ἐπισκόποις
870 2358 887 2375 π

1035 2343 1098 2374 nini
1106 2343 1208 2376 Isaacii
1216 2345 1368 2383 Coumeni,
1375 2347 1496 2377 formam
1504 2345 1635 2384 designat
1644 2345 1803 2376 multorum

118 2396 172 2421 τῶν
189 2392 216 2420 ἐν
231 2399 292 2424 ταῖς
320 2392 430 2432 ἒνορίαις
459 2391 543 2420 αὗτῶν
573 2391 798 2432 προσκαθημένων
827 2390 886 2419 λα’ίν

1035 2389 1192 2427 )rumdam,
1219 2400 1283 2431 qute
1309 2390 1457 2431 episcopis
1486 2390 1592 2421 dantur
1614 2389 1738 2425 alaicis.
1755 2390 1803 2431 qui

119 2435 195 2466 Ἐπεὶ
227 2436 253 2465 δὲ
283 2438 300 2472 ἡ
328 2440 381 2465 τῶν
423 2437 584 2477 πραγμάτων
625 2435 763 2474 ἀνωμαλία
789 2436 832 2464 καὶ
860 2435 886 2464 ἕν

1041 2442 1072 2465 es
1084 2433 1113 2465 in
1123 2443 1225 2465 eorum
1236 2435 1414 2466 dioecesibus
1422 2434 1609 2466 stabilierunt
1629 2440 1650 2466 ι.
1661 2434 1804 2471 Quoniam

119 2482 167 2515 τὴν
196 2482 295 2510 τούτων
334 2480 464 2519 ἐκάλυψεν
503 2481 670 2510 ὑποτύπωσιν
700 2480 887 2521 (πολλοσττιμόγ

1036 2487 1080 2510 em
1094 2487 1193 2510 rerum
1210 2479 1409 2520 irregularitas
1434 2484 1462 2510 et
1476 2479 1659 2520 indulgentia
1677 2484 1688 2500 ³
1700 2480 1804 2511 horum

119 2527 167 2566 γάρ
182 2537 221 2558 τις
237 2528 322 2556 αὒτῶν
350 2527 379 2555 οὗ
401 2524 487 2554 δίδωσι
516 2526 581 2565 πρὸς
610 2525 775 2564 ἐπίσκοπον),
793 2525 887 2565 ἀρκούμ

1037 2524 1140 2556 ultavit
1151 2525 1381 2566 descriptionem
1389 2526 1601 2566 (multesimam
1610 2526 1689 2557 enim
1700 2535 1802 2556 eorum

119 2574 152 2609 τῇ
166 2570 288 2607 συνηθείᾳ
301 2571 345 2599 καὶ
360 2570 509 2611 προαιρέσει
524 2574 576 2599 τῶν
591 2570 725 2601 διδόντων.

1036 2576 1094 2601 tem
1116 2571 1257 2611 episcopo
1271 2570 1321 2601 dat
1336 2571 1450 2611 nemo),
1466 2571 1596 2602 contenti
1612 2579 1713 2601 sumus
1729 2579 1803 2601 eon-

980 2614 1149 2656 suetudine,
1166 2619 1195 2646 et
1206 2615 1338 2646 dantium
1356 2615 1545 2647 liberalitate.

778 2699 910 2734 VARUE
923 2698 1141 2733 LECTIONES.

157 2789 171 2805 π
185 2789 253 2822 quae
267 2782 388 2813 nomine
397 2780 646 2813 distributionum
655 2780 863 2822 spiritualium
870 2781 1014 2813 ecclesiis.
1024 2792 1035 2808 ν
1046 2784 1180 2822 siceram
1185 2782 1335 2821 [notitiam
1342 2781 1403 2822 ,oel
1412 2780 1575 2822 gallinas.x
1583 2778 1805 2822 eragandornm

119 2819 486 2896 ὥουιηέίςη.
503 2828 595 2869 {qua
608 2819 747 2854 canonici
761 2822 882 2854 nomine
889 2822 1065 2863 prxrtanda
1079 2826 1122 2854 est
1136 2831 1154 2854 a
1170 2819 1271 2854 Inicis.
1287 2828 1297 2844 ι
1311 2819 1365 2864 qni
1378 2819 1492 2853 ha'bens
1517 2822 1550 2853 in
1564 2819 1667 2854 eoi-uin
1681 2819 1804 2852 territo-

149 2869 175 2893 ts
257 2871 268 2894 ι
343 2884 353 2894 .
366 2868 380 2884 ι
392 2871 408 2895 θ
435 2870 558 2896 manus.

149 2869 175 2893 ιε
188 2869 353 2895 aonucuta.
366 2869 380 2884 ι
392 2869 420 2896 σε
435 2870 558 2904 inopia.
