1946 3080
112 108 188 142 1087

149 177 263 210 Ialm.
277 178 327 210 58.
337 177 526 210 Orthodoxus
536 177 656 218 quidam
667 176 854 217 abAgarenis
863 186 930 216 cap-
940 181 961 206 Α

109 225 167 259 tus,
184 226 215 254 et
242 231 297 263 per
326 221 385 253 vim
413 221 606 253 orthodoxam
635 220 724 253 tidem
739 221 879 261 ejuratus,
896 231 932 254 ac

108 265 315 305 circumcisus,
339 266 452 307 absque
465 266 688 298 intermissione
702 266 766 297 fere
779 266 931 298 immund-

109 310 179 341 liem
203 310 306 349 deﬂet,
335 314 365 342 et
388 311 463 342 clam
491 320 557 342 cum
583 309 754 341 orthodoxis
782 311 930 352 convenit,

108 355 284 393 invocatque
295 355 433 388 salutem.
449 354 523 392 Quia
535 361 635 386 autem
651 354 712 385 vult
726 360 930 387 sacramento-

107 408 172 429 rum
189 399 253 431 lieri
268 399 427 441 particeps,
453 399 623 441 quaerimus,
650 399 721 440 quid
751 400 788 432 sit
815 401 930 432 facien-

108 443 189 475 dum.

148 488 236 530 Resp.
252 488 435 520 Certantium
461 493 529 521 sunt
549 499 677 527 coronae,
694 494 723 521 et
736 489 881 522 Dominus
894 500 930 523 ac

105 532 184 564 Deus
199 538 299 564 noster
310 533 397 565 Jesus
411 533 548 565 Christus
565 545 572 566 :
589 535 619 565 Si
637 534 703 575 quis
718 544 766 566 me
785 535 929 567 conﬁtea-

107 581 166 618 tur,
182 577 288 619 inquit,
305 587 405 610 coram
435 579 618 620 hominibus,
649 583 679 611 et
695 589 748 620 ego
764 579 930 612 conﬁtebor

105 631 174 653 eum
189 631 290 653 coram
308 624 392 653 Patre
408 632 485 660 meo,
511 623 562 664 qui
586 623 616 655 in
628 623 712 655 caelis
720 630 777 656 est.
792 623 929 656 Immun-

105 665 175 696 dum
191 676 262 706 ergo
292 676 350 701 vas.
382 667 418 698 ad
445 668 664 708 susceptionem
689 669 841 708 unguenti,
873 679 930 710 qua

107 711 213 742 mentis
227 711 408 743 alienatione
432 712 604 744 admittetur
613 713 629 743 ?
643 712 841 749 Quamobrem
854 724 928 744 con-

105 755 282 787 solationem
297 756 418 797 quidem
434 757 645 797 episcopicam,
659 762 687 789 et
702 758 780 788 aliud
799 758 930 798 spiritale

104 800 285 840 colloquium
302 801 353 832 ille
379 801 421 832 sic
451 802 608 842 ptenitens,
632 806 661 833 et
676 802 753 832 bona
770 802 930 833 mutatione

819 107 884 139 JUS
904 104 1126 138 CANONICUM

1721 107 1798 140 1088

1011 173 1107 213 Ἐρώτ.
1163 170 1208 208 *η’
1269 173 1418 213 Ὀρθόδοξός
1473 187 1513 208 τις
1573 175 1799 216 αἰχμαλωτισθεὶς

972 219 1043 258 παρὰ
1063 218 1229 258 Ἀγαρηνῶν,
1265 219 1310 247 καὶ
1339 219 1407 249 κατᾶ
1432 219 1491 258 βίαν
1519 222 1569 254 τήν
1591 219 1726 259 ὁρθόόοξον
1751 221 1799 248 πί-

972 274 1030 292 στιν
1059 262 1262 304 ἐξομοσάμενος,
1287 265 1332 292 καὶ
1370 265 1553 305 περιτμηθεὶς,
1583 263 1672 294 διόλου
1701 263 1799 305 σχεδὸν

972 308 1022 342 τὴν
1053 307 1211 347 ἀκιθαρσίαν
1232 306 1415 346 ἄποκλαίεται,
1451 310 1496 337 καὶ
1529 309 1597 347 μετὰ
1623 312 1678 337 τῶν
1697 308 1803 348 ὀρθοδό-

974 350 1024 384 ξων
1051 350 1180 389 λαθραίως
1208 351 1375 393 συνέρχεται,
1404 353 1449 381 καὶ
1476 353 1526 388 τὴν
1548 353 1681 393 σωτηρίαν
1695 353 1801 381 ἀνακα-

970 395 1070 426 λεῖται.
1096 395 1170 425 Ἐπεὶ
1192 395 1219 424 δὲ
1248 396 1330 425 ἐθέλει
1358 397 1403 426 καὶ
1430 398 1483 425 τῶν
1511 398 1686 437 ἆγιασμάτων
1711 408 1800 436 μετα-

971 439 1126 480 λαμϐάνειν,
1141 443 1271 479 ζητοῦμεν
1292 442 1323 469 τὸ
1337 441 1464 474 ποιητέον
1486 444 1594 479 μαθεῖν.

1011 483 1107 516 Ἀπόκ.
1144 488 1202 514 Τῶν
1230 485 1432 524 ἀγωνιζομένων
1459 487 1524 514 εἰσὶν
1552 488 1576 515 οἱ
1601 486 1737 526 στέφανοι,
1753 487 1799 515 καὶ

970 530 984 557 ὁ
1000 529 1093 569 Κύριος
1108 530 1151 558 καὶ
1186 531 1250 562 Θεὸς
1282 531 1360 567 ἡμῶν
1387 529 1488 564 Ἰησοῦς
1504 530 1629 570 Χριστός,
1643 529 1679 559 Εἴ
1699 541 1740 563 τις
1762 541 1798 568 με

969 573 1143 613 ὅμολογήσει,
1175 575 1266 615 φησὶν,
1292 574 1437 614 ἔμπροσθεν
1465 578 1519 604 τῶν
1548 575 1704 615 ἀνθρώπων,
1720 575 1798 614 κάγὼ

971 618 1142 658 ὁμολογήσω,
1168 620 1258 656 αὐτὸν,
1287 618 1433 659 ἔμπροσθεν
1455 623 1502 658 τοῦ
1528 619 1630 659 Πατρός
1642 631 1694 648 που
1708 623 1756 648 τοῦ
1769 619 1799 648 ἐν

971 664 1104 702 ώρανο⁹ς,
1135 663 1295 703 Ἀκάθαρτον
1321 667 1383 702 γοῦν
1424 664 1536 704 ἀγγεῖον
1571 665 1638 704 πρὸς
1661 663 1801 704 ὑποδοχὴν

971 708 1052 748 μύρου
1080 711 1138 740 πῶς
1172 709 1408 748 παραφρονούντως
1433 707 1615 749 δεχθήσεταις
1653 709 1700 737 Διὸ
1728 719 1801 747 παρ-

970 753 1079 792 ηγορίας
1111 753 1160 790 μὲν
1187 753 1362 786 ἐπισκοπικῆς
1399 754 1442 781 καὶ
1485 753 1571 787 ἄλλης
1612 756 1799 791 πνευματικῆς

971 796 1088 835 ὁμιλίας,
1125 798 1139 826 ὁ
1175 798 1244 826 οὕτω
1277 798 1426 836 μετανοῶν,
1447 798 1492 826 καὶ
1520 798 1570 831 τὴν
1599 797 1685 831 καλὴν
1711 797 1798 826 θέλων

104 845 211 875 mutari
228 846 342 882 volens,
372 841 610 885 promere-bitur;
640 846 692 877 sed
708 847 819 878 sanctis
834 856 930 877 sacra-

1011 842 1148 875 Kmmﬂﬁval
1170 841 1322 879 ἀλλοίωσιν,
1352 841 1525 878 ἀξιωθήσεται
1542 851 1550 860 ·
1568 845 1622 870 τῶν
1658 841 1686 869 δὲ
1714 842 1798 881 ἁγίων

104 889 214 921 mentis
222 890 329 930 dignus
336 900 394 921 non
405 890 572 921 habebitur.
582 890 760 922 Debetenim
768 891 929 931 impietatis

1011 888 1121 926 πηρίων
1150 890 1198 917 οὒκ
1224 887 1409 923 ἀξιωθήσεται.
1453 888 1588 926 Πρότηρον
1615 888 1666 927 γὰρ
1695 887 1798 927 ὀφείλει

102 934 206 966 sordes
220 934 352 973 abluere,
370 939 399 966 et
415 936 455 966 ita
468 935 604 966 admitti:
619 939 647 966 et
659 939 723 975 post
735 935 928 976 praastitutum

1011 931 1154 963 ςᾶσεϐείας
1180 932 1228 966 τὴν
1256 931 1406 970 βεϐήλωσιν
1435 932 1624 970 ἀπονίψασθαι,
1647 933 1691 960 καὶ
1713 931 1799 964 ὡτως

103 983 220 1020 tempus
234 984 343 1011 sanctae
358 980 448 1011 etiam
464 975 743 1011 communicationis
759 981 810 1012 fiet.
833 980 927 1021 parti-

1011 978 1096 1016 ιθῆναι
1114 985 1122 994 ·
1139 977 1182 1004 καὶ
1206 977 1273 1014 μετὰ
1287 977 1333 1004 τὸν
1360 976 1549 1015 νενομισμένον
1576 977 1669 1016 καιρὸν
1689 977 1734 1004 καὶ
1747 979 1799 1010 τῆς

103 1032 186 1063 ceps.
835 1020 840 1021 ⁷
969 1021 1045 1070 ἁγίας
1061 1020 1238 1070 μεταλήξειεως
1259 1022 1399 1060 γενήσεται
1414 1021 1544 1061 μέτοχος.

141 1067 253 1099 Interr.
270 1068 321 1100 59.
352 1069 530 1100 Vicanorum
552 1067 644 1100 turbae
670 1078 750 1106 eum,
777 1068 827 1109 qui
856 1068 928 1109 ipsis

1011 1063 1106 1104 Ἐρώτ,
1134 1063 1173 1094 νθ’
1203 1064 1295 1100 Πλήθη
1325 1076 1370 1106 χω
1377 1066 1465 1105 ριτικα
1493 1066 1537 1093 τὸν
1574 1063 1701 1094 δοκοῦντα
1730 1065 1795 1093 τού-

102 1112 218 1143 videtur
231 1122 299 1144 esse
314 1112 421 1153 dignus
436 1113 609 1154 episcopali,
632 1114 676 1145 vel
692 1108 927 1144 sacerdotalidi-

1012 1120 1023 1141 ς
1052 1108 1121 1142 ἄξιον
1149 1110 1220 1137 εἶναι
1257 1110 1322 1149 πρὸς
1350 1109 1452 1147 ἀξίωμα
1480 1109 1654 1138 Eme-mmbe
1669 1109 1687 1143 ἢ
1722 1110 1797 1148 ἱερα-

102 1156 226 1204 gnitate,
245 1157 317 1188 mihi
333 1158 496 1204 exhibent;
512 1163 674 1204 petuntque
690 1157 796 1189 utsine
810 1158 929 1204 repulsa

1013 1154 1042 1182 ὸν
1069 1154 1214 1193 παριστῶσί
1233 1165 1278 1192 μοι
1296 1163 1304 1171 ·
1327 1155 1370 1182 καὶ
1398 1157 1505 1190 ζητοῦσι
1532 1154 1600 1182 κατὰ
1627 1155 1658 1182 τὸ
1686 1154 1801 1192 ἀπαραί-

102 1201 290 1232 renuntietur
318 1202 534 1244 ordineturque
554 1200 694 1243 pontifex,
711 1209 760 1233 aut
776 1202 926 1238 sarerdos,

1011 1209 1050 1226 τον
1085 1198 1297 1238 ἐπικηῳχθῆναι
1323 1199 1367 1226 καὶ
1405 1200 1627 1238 χειροτονηθῆναι
1655 1198 1795 1238 ἆρχιερέα,

101 1245 146 1276 vel
174 1246 329 1279 diaconus.
357 1246 463 1283 Quaero
486 1241 599 1286 igitur,
635 1256 673 1278 an
698 1247 930 1278 acclamationes

1011 1242 1133 1273 ῖιάκονον.
1149 1246 1227 1277 Ζητῶ
1248 1243 1333 1272 τοίνυν
1361 1245 1456 1281 μαθεῖν
1486 1243 1508 1271 εί
1533 1250 1595 1274 ταῗς
1617 1249 1722 1283 φωναῖς
1743 1246 1800 1271 τῶν

101 1290 201 1331 populi
219 1291 303 1332 sequi
319 1292 482 1332 compellar
495 1291 522 1323 ι).

1011 1286 1062 1332 λων
1076 1287 1276 1326 ἀναγκαζόμεθα
1297 1286 1513 1316 κατακολουθεῖν.

140 1330 217 1375 Resp
237 1330 315 1367 Olim
325 1330 484 1377 aliquando
493 1336 696 1367 ordinationes
705 1335 927 1377 episcoporum,

1011 1330 1072 1377 'Arr.
1090 1331 1175 1360 Πάλαι
1186 1335 1250 1360 ποτὲ
1275 1333 1301 1360 αί
1324 1332 1484 1377 χειροτονίαι
1511 1334 1564 1360 τῶν
1579 1331 1732 1377 ἐπισκόπων
1753 1332 1800 1360 καὶ

100 1383 130 1410 et
145 1379 330 1420 reliquorum
345 1375 438 1412 sacris
452 1381 636 1412 initiatorum
649 1375 930 1425 ordinibusﬁeban}

1011 1388 1022 1404 ν
1050 1375 1150 1405 λοιπῶν
1185 1377 1335 1416 ἱερωμένων
1356 1375 1390 1404 δι’
1416 1375 1547 1425 ἐπιλογὴς
1573 1379 1623 1425 10-3.
1640 1375 1726 1416 ὄχλου
1754 1381 1800 1408 καὶ

99 1433 154 1464 per
167 1418 344 1456 electionem
362 1425 758 1466 multitudinis,e0rumque,
775 1426 826 1466 qui
839 1418 928 1456 simul

970 1423 1023 1449 τῶν
1043 1420 1321 1460 παραδυναστευόντων
1337 1421 1452 1460 ἐγίνοντο
1468 1430 1477 1439 ·
1505 1422 1520 1449 ὁ
1534 1420 1562 1449 δὲ
1585 1420 1622 1460 ιγ’
1636 1421 1724 1449 κανὼν
1746 1423 1799 1454 τῆς

98 1460 297 1508 imperabant.
312 1469 450 1501 Decimus
467 1460 573 1501 tertius
595 1460 805 1501 autem-canon
822 1469 929 1501 Laudi'

1013 1464 1150 1501 Λαοδικείᾳ
1165 1464 1282 1509 συνόδου,
1319 1466 1363 1494 καὶ
1390 1467 1404 1494 ὁ
1438 1460 1467 1505 γ’
1493 1466 1581 1494 κανὼν
1595 1467 1645 1499 τῆς
1660 1465 1737 1505 ἁγίας
1753 1466 1799 1493 καὶ

98 1521 182 1544 cene
197 1512 315 1553 synodi.
344 1520 374 1544 et.
392 1516 410 1544 3
425 1523 520 1545 canon
544 1519 653 1546 sancte
681 1518 710 1545 et
733 1514 927 1545 (:ecumenicze

99 1557 116 1587 7
133 1557 249 1598 synodi,
267 1558 438 1598 hujusmodi
454 1558 658 1590 ordinationes
671 1558 708 1589 ab
725 1558 927 1590 ecclesiastico

98 1601 206 1641 rejecit
220 1605 308 1632 statu.
325 1601 379 1634 Ille
404 1604 484 1634 enim
513 1603 564 1642 ait,
583 1604 677 1644 turbis
701 1613 759 1634 non
776 1613 841 1634 esse
857 1612 928 1643 per-

100 1646 275 1677 mittendum
293 1655 409 1685 eorum,
435 1648 485 1689 qui
507 1653 576 1680 sunt
591 1648 621 1679 in
636 1648 803 1680 sacerdotio
815 1648 928 1679 consti-

97 1690 211 1728 tuendi,
229 1690 405 1722 eiectionem
421 1691 530 1725 facere.
547 1692 601 1724 Hic
621 1696 718 1723 autem
736 1692 905 1732 pronuntiat
920 1702 928 1726 :

95 1733 222 1766 Omnem
238 1735 428 1774 electionem,
457 1746 523 1778 quae
534 1737 566 1768 ﬁt
580 1747 597 1768 a
612 1737 843 1777 magistratibus,
861 1737 927 1776 epi-

95 1779 189 1820 scopi,
210 1779 254 1811 vel
263 1780 444 1821 presbyteri,
457 1781 502 1813 vel
516 1781 646 1818 diaconi,
657 1781 769 1812 irritam
783 1790 904 1812 manere
917 1788 925 1808 τ

96 1833 130 1854 ex
147 1833 261 1856 canone
284 1824 415 1857 dicente.
430 1825 460 1857 Si
478 1826 544 1866 quis
560 1825 717 1867 episropus
732 1825 925 1857 smcularibus

96 1868 320 1908 magistratibus
333 1879 414 1908 usus,
432 1880 485 1911 pcr
500 1880 552 1902 eos
567 1871 722 1901 ecclesiam
744 1870 921 1909 obtinuerit,

96 1912 274 1953 deponatur,
304 1918 334 1945 et
361 1919 543 1955 segregetur,
561 1920 591 1946 et
619 1924 722 1946 omnes
737 1915 787 1956 qui
804 1924 870 1946 cum
887 1924 922 1946 eo

93 1958 327 1990 communicant.
340 1957 463 2000 Oportet
477 1961 557 1990 enim
583 1968 662 1997 eum,
676 1959 726 2000 qui
739 1963 784 1990 est
798 1968 920 2000 promo-

969 1510 1151 1548 οἰκουμενικῆς
1186 1505 1211 1546 ζ’
1239 1509 1357 1546 συνόδου,
1395 1511 1444 1542 τὰς
1477 1510 1600 1542 τοιαύτας
1631 1510 1798 1550 χειροτονίας

968 1553 1021 1582 ἀπὸ
1055 1554 1103 1588 τῆς
1131 1554 1358 1588 ὶιικλησιαστικῆς
1393 1554 1560 1587 angam”
1588 1554 1789 1586 καταστάσεως.

970 1593 999 1627 ι0
1013 1598 1063 1636 μέν
1077 1599 1127 1638 γάρ
1154 1610 1220 1639 φησι
1241 1600 1301 1638 περὶ
1320 1602 1368 1627 τοῦ
1389 1599 1429 1637 μὴ
1460 1598 1555 1639 ὄχλοις
1583 1597 1732 1638 ἐπιτρέπειν
1745 1600 1794 1630 τὰς

969 1642 1082 1682 ἐκλογὰς
1106 1645 1241 1672 ποιεῖσθαι
1284 1646 1337 1672 τῶν
1383 1643 1534 1682 μελλόντων
1563 1643 1731 1672 καθίστασθαι
1760 1644 1799 1675 είς

970 1688 1102 1726 ἱερατεῖον
1118 1688 1154 1716 ’ὁ
1178 1686 1206 1716 δὲ
1232 1692 1314 1718 ταῦτα
1341 1687 1456 1725 διέξεισι,
1487 1691 1578 1716 Πᾶσαν
1603 1690 1693 1727 ψῆφον
1722 1699 1799 1727 γινο-

969 1731 1053 1769 μένην
1067 1732 1136 1770 παρᾶ
1171 1735 1225 1760 τῶν
1251 1733 1401 1773 ἀρχόντων,
1430 1731 1585 1770 ἐπισκόπου,
1607 1732 1626 1766 ἢ
1647 1730 1797 1772 πρεσϐυτέο

967 1787 1023 1815 ρου,
1039 1777 1056 1811 ἢ
1072 1775 1202 1815 διακόνου,
1218 1776 1311 1816 ἄκυρον
1339 1777 1439 1815 μένειν,
1467 1777 1536 1805 κατὰ
1562 1777 1608 1805 τὸν
1635 1776 1733 1805 κανόνα
1748 1778 1797 1805 τὸν

965 1820 1088 1860 λέγοντα,
1105 1821 1139 1850 Εἴ
1152 1832 1193 1853 ¹τις
1215 1821 1357 1853 ἐπίσκοπος
1385 1827 1526 1859 κοσμικαῖς
1542 1819 1655 1861 ἄρχουσι
1676 1821 1789 1861 χρησα-

965 1876 1056 1905 μενος,
1071 1865 1105 1893 δι’
1121 1868 1207 1896 αὒτῶν
1228 1865 1358 1906 ἐγκρατὴς
1383 1864 1526 1899 ἐκκλησίας
1547 1866 1669 1905 γένηται,
1691 1867 1787 1894 καθαι-

964 1910 1056 1949 ρείσθω
1080 1911 1124 1938 καὶ
1150 1910 1322 1950 ἆφοριζέσθω,
1360 1911 1404 1938 καὶ
1439 1911 1463 1939 oi
1497 1910 1683 1942 κοινωνοῦντες
1715 1911 1788 1947 αὑτῷ

963 1953 1070 1986 πάντες.
1096 1959 1144 1983 Δεῖ
1157 1956 1207 1994 γὰρ
1231 1956 1277 1982 τὸν
1298 1954 1430 1992 μέλλοτνα
1450 1953 1652 1994 προϐιὸἄζεσθαι
1680 1955 1716 1986 είς
1730 1955 1788 1983 ἑπι-

93 2002 208 2033 vendus
221 2003 258 2034 ad
269 1999 484 2044 episcopatum,
499 2003 536 2034 ab
553 1999 703 2044 episcopis
718 2003 799 2043 eligi,
812 2013 920 2040 quem-

1011 1999 1075 2044 πὴν,
1121 1999 1172 2044 ὑπὸ
1209 1999 1360 2028 ἐπισκόπων
1403 2001 1560 2044 ψηφίζεσθαι
1576 2006 1585 2014 ⁸
1608 1999 1695 2031 καθὼς
1741 2001 1787 2028 καὶ

91 2045 252 2078 admodum
268 2057 285 2078 a
302 2043 414 2079 sanctis
429 2043 642 2080 PatribusiNic:
655 2057 680 2078 ae
694 2047 846 2078 decretum
863 2051 918 2086 est,

1011 2043 1032 2070 ιὰ
1054 2046 1107 2072 τῶν
1131 2043 1213 2083 ἀγίων
1249 2043 1372 2084 Πατέρων
1399 2047 1452 2072 τῶν
1484 2043 1512 2072 ἐν
1538 2044 1635 2080 Νικαίᾳ
1663 2043 1785 2084 ὥρισται,

91 2089 121 2120 in
138 2100 252 2124 canone
267 2092 316 2132 qui
339 2092 434 2125 dicit:
457 2092 633 2134 Episcopum
662 2097 777 2133 oportet
793 2092 920 2123 maxime

1017 2091 1056 2125 τῷ
1083 2088 1172 2116 κανόνι
1193 2091 1232 2126 τῷ
1253 2087 1369 2128 λέγοντι,
1394 2087 1555 2117 Ἐπίσκοπον
1575 2089 1704 2128 προσήκει
1726 2089 1783 2126 μά-

91 2135 211 2174 quidem
224 2136 261 2167 ab
276 2131 427 2175 omnibus,
443 2131 493 2178 qui
506 2131 574 2168 sunt
584 2137 614 2168 in
631 2131 792 2177 provincia,
805 2136 918 2167 consti-

1011 2143 1036 2160 τα
1052 2132 1166 2178 perosa
1195 2133 1312 2178 πάντων,
1328 2136 1381 2161 τῶν
1409 2133 1436 2161 ἐν
1463 2136 1512 2178 τῇ,
1526 2133 1643 2173 ἐπαρχίᾳ
1656 2133 1785 2161 καθίστα-

92 2179 157 2212 tui:
190 2181 215 2212 si
244 2184 343 2212 autem
372 2182 428 2213 hoc
452 2176 577 2214 difﬁcile
600 2176 699 2220 fuerit,
725 2181 770 2212 vel
797 2185 919 2221 propter

1011 2187 1018 2204 ι
1035 2186 1041 2192 ·
1055 2177 1076 2205 εί
1090 2177 1118 2205 δὲ
1132 2176 1258 2217 δυσχερὲς
1285 2177 1331 2212 εἴη
1345 2181 1434 2215 τοῦτο,
1457 2178 1475 2212 ἢ
1503 2177 1546 2206 διὰ
1574 2177 1784 2216 κατεπείγουσαν

90 2229 243 2264 urgentem
272 2226 498 2264 necessitatem,
515 2226 560 2257 vel
584 2230 705 2267 propter
718 2225 771 2256 viae
785 2225 916 2265 longitu-

1011 2232 1089 2260 γκην,
1111 2221 1129 2256 ἢ
1143 2221 1185 2251 διὰ
1206 2224 1293 2260 μῆκος
1305 2221 1375 2260 ὁδοῦ,
1407 2223 1434 2256 ἐξ
1462 2222 1578 2254 ἅπαντος
1603 2228 1677 2262 τρεῖς
1693 2222 1736 2250 ἰπὶ
1751 2224 1783 2250 τὸ

89 2269 202 2307 dinem,
213 2271 401 2302 tresomnino
411 2271 515 2302 eodem
527 2271 914 2311 convenientes,iisquoque

1011 2270 1019 2294 ‘i
1045 2267 1247 2307 συναγομένους,
1290 2268 1440 2308 συμψήφων
1475 2267 1621 2307 γινομένων
1657 2267 1701 2295 καὶ
1726 2270 1782 2296 τῶν

89 2312 140 2354 qui
155 2313 274 2353 absunt,
288 2315 376 2346 simul
387 2316 558 2356 suﬂ'ragium
574 2314 752 2352 ferentibus,
770 2318 799 2345 et
807 2310 913 2345 assen-

1011 2321 1085 2351 ντων,
1113 2311 1158 2339 καί
1198 2312 1385 2350 συντιθεμένων
1427 2311 1470 2340 διὰ
1489 2312 1668 2352 γραμμάτων,
1697 2311 1777 2339 τόντε

89 2358 233 2391 tientibus
261 2369 316 2401 per
342 2360 468 2398 litteras,
501 2366 570 2391 tunc
598 2360 696 2391 facere
721 2358 911 2391 electionem.

1015 2357 1178 2401 χειροτονίαν
1192 2359 1336 2388 ποιεῖσθαι.
1360 2359 1395 2387 Τὸ
1429 2357 1457 2386 δὲ
1478 2361 1557 2397 κῦρος
1584 2361 1638 2386 τῶν
1664 2357 1780 2398 γινομέ-

87 2401 194 2434 Eorum
209 2400 322 2442 autem,
350 2414 416 2445 quis
435 2414 452 2436 a
479 2415 512 2436 se
540 2405 625 2446 ﬁunt,
655 2404 912 2435 conﬁrmationem

1046 2400 1158 2430 δίδοσθαι
1184 2400 1243 2430 καθ’
1272 2402 1386 2436 ἑκάστην
1418 2403 1551 2443 ἓπαρχίαν
1576 2413 1614 2439 τῳ
1635 2412 1778 2442 μητροπο-

86 2447 157 2495 dare
173 2449 596 2495 unicuiquemetropolitano.
703 2493 720 2495 __
890 2493 896 2495 ἒ
952 2445 1042 2495 λίτρ..
1107 2485 1130 2495 _'

126 2492 162 2523 In
168 2496 241 2525 terr.
255 2494 306 2525 60.
318 2493 417 2526 Liberi
427 2490 461 2526 ex
472 2494 614 2526 secundis
627 2493 738 2534 nuptiis
749 2493 911 2534 procreati,

1011 2491 1088 2531 Εώρτ.
1106 2490 1140 2524 ξ’.
1170 2493 1200 2521 Οἱ
1227 2494 1274 2520 τοῦ
1298 2491 1417 2532 δευτέρου
1446 2503 1533 2531 γαμου
1561 2490 1669 2530 παῖδες,
1684 2492 1730 2520 καὶ
1751 2494 1778 2521 οἱ

85 2540 115 2568 et
130 2537 181 2578 qui
201 2547 237 2569 ex
250 2538 378 2577 ancillis,
395 2548 427 2570 ac
443 2539 630 2578 concubinis,
647 2538 813 2570 sacerdotio
828 2537 911 2578 digni

1019 2534 1142 2565 δουλίδων
1157 2537 1200 2565 καὶ
1230 2535 1375 2566 παλλακῶν
1402 2536 1554 2578 τεχθέντες,
1584 2536 1775 2572 άξιωθήσονται

85 2581 310 2624 judicabantur,
325 2592 424 2615 annou
435 2583 448 2617 ’ἔ

1011 2580 1107 2621 ισύνης,
1123 2580 1141 2615 ἢ
1157 2581 1186 2610 οὗ
1201 2590 1210 2621 ;

123 2626 213 2668 Resp.
222 2626 425 2661 Secundarum
432 2628 601 2670 nuptiarum
610 2627 697 2661 liberi
704 2626 785 2660 nulla
795 2626 910 2658 ratione

1011 2625 1086 2655 ιπόκ.
1102 2627 1132 2655 Οἱ
1148 2629 1195 2654 τοῦ
1208 2625 1326 2667 δευτέρου
1339 2627 1426 2668 γάμου
1452 2625 1547 2660 παῖδες
1563 2625 1589 2660 ἐξ
1603 2625 1706 2659 οὐδενὸς
1721 2626 1773 2656 λό-

745 2710 876 2744 VARUE
891 2709 1109 2744 LECTIONES.

120 2781 133 2802 ιι
148 2789 189 2813 an
203 2789 288 2814 voces
297 2785 460 2825 populares
473 2783 560 2824 sequi
573 2789 729 2824 cogamur.
