1946 3080
141 133 153 168 1
160 135 220 170 089

807 134 1164 172 GMGO-ROMANUM.

1751 134 1829 169 1090

136 215 188 242 γου
222 204 369 234 κωλύονται
390 207 518 245 ἱερᾶσθαι.
547 201 577 235 ’0
606 206 656 245 γὰρ
685 205 728 234 ἐπὶ
752 210 798 235 τοῦ
826 209 952 247 Πορφυρο-

1033 208 1142 235 alantur
1158 203 1252 235 sacris
1273 203 1427 235 ordinibus
1441 202 1567 236 initiari.
1582 201 1730 244 Synodica
1743 203 1822 234 enim

135 249 262 287 γεννήτου
297 251 342 278 καὶ
368 249 498 282 ϐασιλέως
540 250 627 290 κυρίου
673 250 869 280 Κωνσταντίνου
911 261 959 290 γε-

135 293 221 332 γονὼς
236 293 319 332 τόμος
333 293 467 326 συνοδικὸς
491 296 530 333 τῷ
550 294 647 334 πρώτῳ
672 295 751 333 γάμῳ
769 296 814 323 τὸν
841 293 958 335 δεύτερον

135 339 179 368 ἰπὶ
213 343 300 368 πᾶσαν
334 340 440 373 ἐξίσωσε
470 343 517 370 Διὸ
542 342 586 370 καὶ
624 341 767 374 δπιξούσιοι
797 341 958 381 κληρονόμοι

133 387 181 413 τοῦ
201 384 300 424 πατρός
316 386 392 416 εἰσιν.
408 384 492 414 Ἀλλὰ
512 386 560 415 καῖ
577 387 601 415 οἱ
635 386 688 414 ἀπὸ
709 385 832 414 δουλίδων
845 386 958 426 τεχθέν-

132 439 190 466 τες,
215 430 259 458 καὶ
300 429 444 470 ἐλευθερίας
472 430 636 471 ἀξιωθέντες,
658 431 784 462 ὡσαύτως
817 432 860 459 καὶ
890 432 914 459 οἱ
928 430 958 458 ἐκ

132 473 277 503 παλλακῶν
307 475 487 514 γεννηθέντες,
529 476 560 504 οὒ
593 474 792 510 κωλυθήσονται
819 475 957 514 ἱερωθῆναι

131 520 165 546 Αἱ
179 519 229 558 γὰρ
256 519 370 557 μητέρες
398 520 483 548 αὐτῶν
502 520 644 558 ἐπιτιμίοις
666 519 843 559 πορνευόντων
862 520 958 548 ὑπέπε-

131 573 190 603 σον,
214 564 287 592 αὐτοὶ
308 562 335 592 δὲ
357 563 430 593 οὐδὲν
446 563 575 603 ἥμαρτον,
600 564 644 592 καὶ
671 563 713 591 διὰ
733 567 810 593 τοῦτο
824 563 881 592 οὗόὶ
895 564 957 592 ἑπι-

129 607 229 645 τιμίοις
257 607 420 640 ὑπόκεινται.
443 609 516 637 Κατὰ
544 612 608 648 γοῦν
634 609 694 640 τους
724 607 831 642 λοιποὺς
854 608 957 648 ἀνθρώ-

130 663 198 684 πους
223 655 285 684 τοὺς
307 651 390 690 μηδὲν
417 653 620 692 ἡμαρτηκότας,
648 654 692 682 καὶ
720 653 793 682 αὗτοὶ
822 655 900 691 τιμῆς
923 654 957 681 ἱε-

131 697 242 735 ρατίκῆς
257 697 325 725 κατὰ
335 697 448 729 κανόνας
470 696 671 732 ἀξιωθήσονται.

172 738 268 780 Ἐρώτ.
324 740 355 773 ξα
361 735 376 772 ’,
435 741 622 780 ’Λναγνώστης
677 742 748 781 παρᾶ
810 741 958 781 ἡγουμένου

130 784 285 825 ἐπιτραπεὶς
330 784 429 814 διέπειν
464 786 589 823 κτήματα
636 787 845 826 μοναστηριακά,
887 786 956 815 θέλει

129 831 310 869 προκαθῆσθαι
337 833 391 858 τῶν
419 829 506 858 ἐκεῖσε
536 829 617 858 ὄντων
649 831 749 870 ἱερέων,
781 832 824 860 καὶ
855 830 956 860 λοιπῶν

128 873 277 914 κληρικῶν,
310 875 354 903 καὶ
382 874 409 903 ἑν
431 881 492 906 ταῖς
521 876 604 915 ἱεραῖς
639 875 783 915 ἁγιστείαις
812 876 880 914 μετὰ
910 876 956 904 τὸν

127 919 277 958 ἡγούμενον
305 920 527 958 μνημονεύεσθαι.
567 918 676 959 Ἐρωτῶ
712 921 796 950 τοίνυν
824 923 919 959 μαθεῖν
933 921 955 949 εί

127 966 218 995 καλῶς
233 964 291 1002 περὶ
312 963 404 992 τούτου
418 963 581 1004 φιλονεικεῖ.

171 1008 267 1039 Ἀπόκ.
298 1007 375 1041 Τώξις
404 1008 512 1049 συνέχει
541 1009 574 1037 τὰ
594 1009 700 1049 οὖράνια
725 1010 770 1038 καὶ
790 1010 822 1037 τὰ
837 1010 952 1050 ἐπίγεια.

129 1053 178 1081 Διὸ
193 1053 238 1081 καὶ
266 1053 281 1081 ὃ
303 1053 395 1091 Κύριος
423 1054 503 1091 ἡμῶν
532 1051 634 1087 Ἰησοῦς
657 1055 780 1094 Χριστος,
810 1057 858 1088 τῆς
874 1066 952 1083 κενο-

126 1096 212 1130 δοξίας
249 1095 417 1125 ἀναστέλλων
445 1097 494 1131 τὴν
521 1098 701 1135 ματαιότητα,
734 1093 822 1127 1Ὀειαν
850 1099 952 1138 κληθῇς

126 1143 165 1173 εἷς
194 1142 280 1181 γάμον
305 1141 355 1170 ὑπό
379 1152 461 1180 τινος,
491 1141 600 1182 ἔφησεν,
629 1143 665 1175 εἰς
694 1142 887 1183 πρωτοκλισίας
901 1145 951 1172 τά-

125 1197 216 1220 πητας
238 1186 277 1223 μὴ
299 1185 454 1226 ἆνακλιθῇς³
469 1186 529 1214 ἀλλ’
558 1187 595 1218 είς
617 1187 732 1227 ἔσχατον
755 1188 836 1216 τόπον
857 1188 955 1217 ἀνάπε-

125 1242 174 1259 σον
197 1238 204 1245 ‘
226 1230 271 1259 ἴνα
300 1230 416 1269 ἀκούσῃς
454 1231 526 1270 παρὰ
551 1235 597 1260 τοῦ
625 1231 789 1266 κεκληκότος
804 1243 833 1260 σε
851 1241 859 1250 ⁸
876 1233 950 1274 Φίλει

124 1274 319 1316 προσανάϐηθι.
371 1276 420 1304 Καὶ
446 1275 530 1308 οὕτως
559 1275 630 1304 ἔσται
666 1288 707 1305 σοι
749 1275 810 1310 δόξα
849 1277 951 1314 πολλή.

126 1315 157 1349 Ὀ
189 1323 251 1359 γοῦν
277 1322 364 1355 ζητῶν
398 1319 570 1359 ἅναγνώστης
604 1321 654 1360 πρὸ
695 1321 749 1349 τῶν
770 1321 859 1353 ἱερέων
885 1325 951 1351 καθ-

124 1365 215 1402 ῆσθαι,
231 1365 276 1392 καὶ
297 1364 365 1402 μετὰ
393 1365 439 1392 τὸν
473 1365 621 1403 ἡγούμενον
657 1366 876 1404 μνημονεύεσθαι,
893 1374 952 1399 τοῖς

127 1414 270 1449 Κυριακοτς
305 1409 501 1449 ἐναντιοφρονετ
526 1409 757 1449 παραγγέλμασιν,
789 1411 818 1439 Εἰ
836 1410 863 1438 δὲ
884 1413 952 1440 κατὰ

123 1454 175 1504 τὴν
191 1453 316 1504 διήγησιν
343 1464 390 1504 σου
413 1454 428 1481 ὁ
449 1452 622 1504 ἀνμγνιξστης
650 1455 792 1504 εἰς-χώραν
812 1454 949 1504 ἐπιδημεῖ,
960 1479 980 1504 c

123 1498 324 1538 καθηγουμένου
351 1497 433 1526 τόπον
475 1497 648 1537 ἀναπληρῶν,
678 1498 820 1532 ἀκινδύνως
849 1499 950 1538 μᾶλλον

123 1541 151 1571 δὲ
189 1542 266 1576 ἀξίως
294 1542 441 1583 φιλονεικεῖ
469 1543 520 1582 πρὸ
548 1545 600 1571 τῶν
626 1543 716 1583 ἱερέων
744 1545 883 1578 καθῆσθαι,
907 1546 950 1573 καὶ

123 1588 347 1626 μνημονεύεσθαι,
364 1588 400 1619 ὡς
426 1587 509 1615 τόπον
538 1586 646 1628 ἐπέχων
687 1591 733 1617 τοῦ
760 1588 949 1628 ἐπιτρέψαντος

123 1634 210 1673 αὐτῷ.
233 1633 264 1660 τὸ
293 1631 485 1672 λειτουργημα,
523 1632 573 1661 Καὶ
605 1633 761 1673 παρίσταται
795 1637 872 1663 τοῦτο
896 1635 949 1663 άπὸ

122 1680 170 1706 τοῦ
185 1671 211 1713 ζ’
230 1677 341 1709 κανόνος
367 1677 416 1710 τῆς
458 1676 485 1705 ἄν
512 1671 708 1715 Τρούλλσμτοῠ
736 1677 852 1717 μεγάλου
866 1677 952 1708 παλα⁴

123 1721 181 1752 νίου
207 1721 341 1755 συστάσης
371 1721 448 1761 ἁγίας
476 1721 521 1749 καὶ
549 1722 734 1760 οἷκουμενικῆς
769 1718 811 1760 ς’
844 1722 951 1752 συνόδου

122 1765 151 1794 ἑν
188 1765 261 1806 μέρει
296 1771 378 1796 ταῦτα
409 1765 560 1799 διεξιόντος.
612 1768 809 1805 Μεμαθήκαμεν
837 1767 864 1796 ’ἐν
898 1779 951 1797 τισι

122 1814 178 1839 τῶν
206 1809 374 1845 Ἐκκλησιῶν
397 1810 530 1844 διακόνους
559 1811 630 1844 τινὰς
659 1810 778 1849 αὐθαδείᾳ
806 1813 850 1841 καὶ
872 1815 950 1843 αύτο-

122 1855 203 1894 νομίᾳ
232 1855 428 1896 κεχρημένους,
464 1858 565 1894 τολμᾷν
599 1857 651 1896 πρὸ
686 1859 738 1884 τῶν
772 1856 951 1898 πρεσϐυτέρων

121 1901 288 1941 καθέζεσθαι,
333 1924 342 1932 .
387 1924 394 1932 .
440 1909 448 1917 '
494 1922 503 1931 .
558 1921 567 1930 .

121 1945 199 1978 ἐκτὸς
216 1946 238 1974 εί
266 1945 306 1983 μὴ
335 1946 366 1974 τὸ
400 1945 542 1983 πρόσωπον
564 1945 672 1987 ἐπέχων
696 1952 743 1977 τοῦ
769 1948 864 1976 οἰκείου
891 1959 948 1976 πα-

120 1992 262 2031 τριάρχου,
292 1991 311 2025 ἢ
339 1990 546 2030 μητροπολίτου,
562 1991 590 2020 ἐν
623 1992 699 2033 ἑτέρᾳ
725 1992 802 2021 πόλει
830 1994 946 2034 παραγί-

120 2046 214 2076 νηται,
230 2034 273 2064 ἐπί
286 2046 337 2064 τινι
352 2034 498 2076 κεφαλαίῳ.
529 2036 595 2065 Τότε
615 2037 676 2077 γὰρ,
705 2039 741 2070 ὡς
775 2038 821 2066 τὸν
848 2037 946 2068 ἐκείνου

119 2080 205 2109 τόπον
229 2079 401 2120 ἀναπληρῶν,
425 2081 611 2121 τιμηθήσιτρι.

1002 248 1126 285 decisio,
1143 248 1218 279 facta
1233 253 1323 288 tempt
1335 257 1367 279 re
1395 247 1584 288 imperatoris
1608 247 1722 278 domini
1743 248 1823 279 Con-

1001 292 1120 324 stantini
1136 293 1231 333 Porph
1236 303 1246 333 ι
1255 297 1433 332 rogennetaa,
1444 292 1548 333 primis
1560 292 1672 332 nuptiis
1679 292 1825 323 secundas

1000 336 1031 368 in
1045 337 1183 368 omnibus
1201 336 1373 378 exaequavit.
1398 336 1527 378 Ideoque
1557 341 1586 367 et
1614 336 1660 367 sui
1689 336 1824 367 haeredes

1000 386 1069 412 sunt
1083 382 1168 422 patri.
1197 381 1255 413 Sed
1279 386 1308 412 et
1330 382 1380 421 qui
1409 391 1443 412 ex
1458 381 1574 412 ancillis
1588 382 1659 418 nati,
1677 385 1707 412 et
1721 381 1823 412 donati

999 425 1146 464 libertate,
1164 426 1285 467 parique
1301 426 1402 463 modo,
1414 426 1464 466 qui
1476 435 1511 457 ex
1532 425 1707 458 concuhiuis
1717 425 1821 466 geniti,

999 480 1059 501 non
1075 474 1210 502 vetantur
1231 471 1351 502 sacrari.
1378 470 1486 502 Matres
1512 471 1589 501 enim
1608 480 1710 501 eorum
1727 470 1822 511 poenis

999 515 1191 547 scortantium
1216 515 1409 546 succiderunt
1422 521 1447 552 ο,
1464 515 1520 555 ipsi
1541 519 1639 546 autem
1656 515 1729 546 nihil
1744 515 1822 546 deli-

999 565 1127 601 querunt
1144 559 1360 601 :quamobrem
1375 569 1431 591 nec
1447 560 1543 600 poenis
1560 559 1770 599 subjiciuntur.
1784 560 1823 591 Ut

998 605 1105 646 reliqui
1120 605 1209 644 igitur
1224 604 1372 642 homines,
1389 604 1440 644 qui
1455 604 1529 635 nihil
1542 608 1712 645 peccarunt,
1730 605 1822 635 honoo

998 657 1061 681 rem
1071 649 1285 680 sacerdotalem
1292 649 1456 680 secundum
1466 658 1595 680 canones
1601 654 1822 690 consequentur

1001 698 1029 725 et
1044 693 1112 735 ipsi.

1037 739 1150 770 Interr.
1167 739 1216 770 6f.
1234 740 1341 770 Lector
1355 742 1500 779 potestate
1510 747 1527 769 a
1543 737 1642 779 priore
1656 738 1671 759 α
1686 742 1819 779 accepta,

998 783 1226 814 administrandi
1257 783 1461 823 possessiones
1496 782 1731 820 monasteriales,
1762 783 1822 813 vult

968 816 987 841 Β
998 828 1169 869 praecedere
1184 816 1364 866 sacerdotes,
1390 831 1420 858 et
1434 827 1508 858 alios
1522 827 1648 858 clericos
1663 816 1730 858 illic'
1739 828 1821 858 exsi—

997 876 1119 909 sti-ntes,
1136 872 1206 904 etin
1219 873 1328 902 sanctis
1336 871 1490 903 sacriﬁciis
1500 876 1566 913 post
1578 871 1751 913 pmfectum
1767 881 1821 903 seu

997 916 1128 957 priorem
1139 923 1162 957 ο,
1178 918 1491 948 commemorationem
1507 916 1553 947 sui
1570 915 1646 948 ﬁeri.
1663 915 1768 953 Quaero
1782 925 1821 948 an

995 966 1076 992 recte
1095 962 1132 992 de
1147 971 1185 1002 eg
1198 961 1370 992 contendat.

1036 1005 1125 1046 Resp.
1155 1004 1235 1037 Ordo
1263 1005 1395 1036 coelestia
1423 1010 1453 1036 et
1482 1005 1634 1037 terrestria
1675 1005 1818 1037 continet.

993 1049 1124 1091 Ideoque
1153 1049 1296 1081 Dominus
1327 1054 1429 1081 noster
1454 1051 1543 1081 Jesus
1571 1049 1707 1080 Christus
1721 1049 1819 1080 inanis

993 1094 1095 1134 gloriae
1108 1094 1264 1125 vanitatem
1280 1093 1458 1135 reprimens,
1485 1094 1558 1126 Cum
1579 1098 1699 1124 vocatus
1713 1093 1817 1132 fueris,

994 1139 1101 1179 inquit,
1117 1139 1154 1170 ad
1183 1138 1301 1179 nuptias
1328 1139 1365 1170 ab
1392 1138 1505 1179 aliquo,
1535 1147 1573 1169 ne
1596 1138 1767 1169 discumbas
1780 1139 1816 1169 ad

995 1184 1085 1224 primi
1098 1183 1251 1224 accubitus
1276 1187 1399 1224 tapetes,
1430 1183 1483 1214 sed
1507 1182 1649 1214 recumbe
1664 1183 1694 1213 iu
1713 1182 1816 1213 ultimo

994 1228 1078 1259 loco:
1096 1233 1128 1259 ut
1142 1228 1245 1259 audias
1267 1227 1304 1259 ab
1330 1236 1365 1260 eo
1390 1227 1441 1268 qui
1470 1231 1498 1258 te
1523 1227 1678 1259 invitavit:
1700 1226 1816 1264 Amice,

993 1272 1121 1304 ascende
1147 1272 1296 1313 superius.
1327 1271 1361 1303 Et
1388 1273 1429 1303 ita
1457 1272 1515 1304 erit
1535 1272 1588 1303 tibi
1602 1271 1696 1312 gloria
1712 1272 1814 1304 multa.

993 1318 1103 1348 Lector
1129 1317 1218 1357 igitur
1245 1317 1346 1347 volens
1374 1321 1443 1347 ante
1466 1317 1638 1348 sacordotes
1653 1316 1770 1357 sedere,
1787 1320 1817 1347 et

993 1366 1056 1402 post
1075 1363 1245 1402 praefectum
1257 1361 1515 1400 'commemorari,
1534 1361 1696 1392 Dominicis
1714 1361 1816 1392 adver-

993 1409 1074 1436 satur
1084 1406 1251 1446 praeceptis.
1276 1406 1359 1442 Quod
1374 1406 1410 1444 si,
1427 1407 1678 1447 quemadmodum
1699 1415 1813 1444 narras,

993 1449 1133 1490 lectorliu
1156 1450 1278 1490 regione
1304 1450 1519 1490 peregrinatur,
1543 1450 1673 1491 praefecti
1692 1450 1816 1481 locums

992 1494 1131 1536 implens,
1150 1496 1215 1526 sine
1230 1495 1373 1536 periculo,
1387 1495 1431 1526 vel
1446 1495 1546 1536 potius
1558 1495 1675 1528 merito.
1690 1499 1815 1526 conten-

991 1540 1032 1572 dit
1048 1545 1117 1572 ante
1133 1542 1304 1573 sacerdotes
1315 1541 1421 1572 sedere
1437 1546 1465 1572 et
1475 1541 1715 1579 commemorari,
1728 1540 1818 1575 veluti

989 1585 1089 1617 locum
1118 1586 1272 1617 abstinens
1300 1586 1378 1627 ejus,
1403 1586 1454 1626 qui
1483 1586 1630 1617 mandavit
1650 1585 1678 1617 ei
1696 1595 1815 1617 munus.

990 1630 1083 1672 ldque
1098 1630 1265 1662 ostenditur
1279 1639 1295 1662 e
1309 1640 1422 1662 canone
1437 1630 1563 1671 septimo
1577 1635 1689 1662 sanctae
1696 1634 1815 1661 etmcu-

992 1675 1117 1706 menicaa
1131 1679 1222 1706 sextze
1236 1675 1350 1716 synodi,
1363 1679 1548 1715 congregata}
1558 1675 1589 1705 in
1603 1675 1704 1706 Trullo
1717 1675 1817 1715 magni

993 1719 1105 1761 palatii,
1122 1721 1185 1751 haec
1200 1720 1230 1751 in
1261 1725 1344 1760 parte
1367 1720 1574 1761 persequentis
1590 1728 1598 1751 :
1615 1719 1649 1750 In
1665 1720 1817 1751 nonnullis

992 1765 1135 1796 Ecclesiis
1164 1765 1305 1796 diacones
1341 1765 1438 1796 ofﬁcia
1474 1764 1677 1796 ecclesiastica
1705 1764 1816 1796 habere

993 1809 1170 1841 didicimus:
1188 1815 1218 1841 et
1231 1819 1265 1841 ex
1281 1810 1337 1841 hoc
1353 1809 1510 1840 nonnullos
1522 1818 1636 1850 eorum,
1650 1810 1817 1850 arrogantia

992 1859 1022 1887 et
1037 1854 1157 1886 licentia
1170 1855 1262 1886 fretos
1272 1859 1340 1886 ante
1352 1853 1540 1895 presbyteros
1560 1853 1667 1885 sedere
1680 1864 1687 1886 :
1708 1854 1815 1886 statui-

991 1909 1068 1939 mus,
1080 1903 1112 1930 ut
1127 1899 1281 1940 diaconus,
1300 1899 1416 1931 etiamsi
1431 1899 1462 1929 in
1486 1897 1640 1938 dignitate,
1666 1897 1696 1928 id
1712 1903 1767 1937 est,
1785 1899 1814 1931 in

989 1944 1092 1985 quovis
1107 1944 1145 1975 sit
1173 1943 1270 1976 ofﬁcio
1286 1943 1496 1982 ecclesiastica,
1523 1946 1592 1974 ante
1608 1941 1814 1983 presbyterum

987 1999 1026 2020 ne
1037 1989 1139 2021 sedeat
1154 1999 1161 2020 :
1176 1996 1383 2030 praeterquam,
1393 1988 1431 2019 sit
1441 1987 1553 2030 proprii
1563 1987 1749 2029 patriarchae,
1768 1991 1816 2023 vel

988 2034 1211 2076 metropolitani
1234 2034 1329 2066 vicem
1344 2042 1464 2075 gerens,
1480 2033 1556 2064 adsit
1570 2033 1601 2064 in
1618 2033 1675 2064 alia
1693 2032 1813 2064 civitate

988 2087 1080 2120 super
1106 2079 1205 2120 aliquo
1231 2079 1338 2120 capite.
1369 2078 1454 2110 Tunc
1479 2077 1559 2109 enim
1573 2082 1605 2109 ut
1619 2078 1717 2110 locum
1733 2077 1814 2109 illius

990 2123 1129 2164 impleas,
1147 2124 1357 2156 honorabitur.

163 2169 261 2210 Ἐρώτ.
297 2163 350 2208 ξβ’.
393 2168 599 2210 ’Δγροικώτερος
646 2171 728 2210 ἱερεὺς
769 2171 815 2199 ὶᾶν
862 2172 948 2212 τρίτου

1033 2163 1140 2200 interr.
1157 2169 1207 2202 62.
1219 2169 1372 2210 Agrestior
1383 2169 1526 2201 sacerdos
1536 2169 1561 2200 si
1570 2168 1650 2200 tertii
1660 2167 1813 2199 matrimo-

121 2215 211 2255 γάμου
251 2214 398 2254 ἶερολογίαν
439 2215 553 2253 ποιήσῃ,
602 2215 652 2249 τὴν
691 2216 861 2255 τριτογαμίαν
909 2217 948 2245 εἶ-

122 2259 187 2301 δὼς,
217 2259 373 2297 κολασθειη,
402 2259 420 2294 ἢ
449 2261 486 2292 ὡς
509 2264 640 2300 χωριτης,
677 2260 836 2299 συγγνώμης
866 2259 948 2294 ἀξιω-

121 2306 231 2340 θήσεται
244 2314 253 2345 ;

163 2343 260 2380 ’Λπόκ.
289 2343 318 2377 ὀ
357 2348 408 2387 μὲν
442 2349 542 2390 φάκτον
569 2348 714 2388 ἀγνοήσας,
754 2351 811 2384 οἶος
845 2350 877 2378 ἂν
903 2353 948 2379 καὶ

121 2394 204 2431 ἔστιν,
233 2393 348 2427 ἀξιοῦται
375 2394 444 2422 κατὰ
472 2393 567 2432 νόμους
594 2395 747 2434 σιπγγνώμες
771 2405 778 2412 ·
803 2396 817 2424 ὁ
843 2394 871 2424 δὲ
899 2395 948 2424 νό-

121 2451 172 2477 μον
206 2438 353 2478 ὰγνοήσας,
386 2439 604 2478 συγγινώτκεται.
634 2436 710 2468 ’ἐπεὶ
748 2438 776 2468 δὲ
811 2439 863 2469 ἀπὸ
898 2440 948 2474 τῆς

123 2486 224 2524 Napi:
249 2483 401 2521 νομοθεσίας
443 2489 489 2514 τοῦ
535 2483 656 2522 ἀοιδίμου
691 2484 822 2523 βασιλέως
860 2486 949 2525 κυρίου

122 2528 320 2558 Κωνσταντίνου
360 2532 408 2557 τοῦ
441 2529 688 2568 Πορφυρογεννήτου
729 2530 744 2558 ὁ
779 2531 864 2570 τρίτος
896 2530 949 2570 γά-

122 2584 173 2610 μος
194 2575 234 2607 πῆ
255 2571 304 2611 μὲν
333 2573 514 2612 συγγνωστέος
543 2573 610 2614 ἐστὶ,
640 2576 679 2608 πῆ
707 2572 735 2602 δὲ
762 2574 949 2614 ἀσύγγνωστος

119 2617 158 2658 (οἱ
174 2618 224 2658 γὰρ
251 2617 361 2658 ἔχοντες
380 2616 482 2652 ,παῖδας
511 2617 542 2646 ἐκ
574 2618 680 2659 πρώτου
705 2618 723 2654 ἢ
751 2618 870 2660 δευτέρου
897 2620 947 2660 γά-

991 2214 1032 2244 nii
1048 2223 1161 2245 sacram
1174 2214 1413 2246 benedictionem
1422 2213 1522 2246 sciens
1531 2213 1646 2252 fecerit,
1660 2212 1813 2254 punietur,

990 2266 1039 2296 an,
1057 2264 1089 2288 ut
1101 2257 1244 2296 rusticus,
1261 2258 1376 2289 veniam
1391 2258 1557 2290 mcrebitur
1571 2258 1583 2288 ’ἰ

1028 2347 1116 2387 Resp.
1125 2346 1181 2383 Qui
1190 2347 1638 2392 factumignoratqualiscunque
1645 2345 1815 2392 sit,legibus

988 2396 1146 2424 excusatur
1161 2403 1168 2423 :
1185 2392 1237 2433 qui
1260 2390 1359 2424 autem
1376 2392 1471 2432 legem
1482 2391 1605 2432 ignorat.
1624 2390 1738 2422 veniam
1755 2400 1816 2422 non

989 2437 1191 2478 consequitur.
1204 2438 1351 2474 Quoniam
1363 2441 1461 2468 autem
1474 2436 1594 2468 Novella
1604 2435 1815 2467 constitutione

991 2481 1092 2523 inclyti
1107 2482 1307 2523 imperatoris,
1317 2481 1431 2513 domini
1447 2480 1635 2513 Constantini
1651 2481 1815 2521 Porpltyro-

992 2531 1139 2569 gennetae,
1155 2527 1249 2559 tertia:
1273 2526 1384 2568 nuptias
1400 2526 1505 2567 partim
1520 2529 1590 2557 sunt
1604 2525 1689 2557 veuia
1704 2525 1813 2565 dignae,

991 2574 1097 2614 partim
1125 2572 1248 2604 minime
1273 2574 1352 2612 (nam
1381 2570 1432 2612 qui
1447 2580 1483 2602 ex
1498 2570 1604 2612 primo,
1619 2569 1665 2614 vel
1680 2569 1813 2600 secundo

990 2613 1180 2650 matrimonio
1191 2617 1300 2649 habent
1315 2615 1438 2657 liberos,
1450 2615 1537 2656 etqui
1553 2613 1812 2656 quadragesimum

795 2708 908 2742 νΑΡαΕ
931 2707 1143 2742 LECTIONES.

163 2789 174 2806 ε
188 2772 321 2804 obnoxia
333 2771 473 2812 fuerunt.
495 2772 509 2794 α
523 2771 561 2804 ab
574 2772 694 2806 abbate.
711 2777 723 2793 ⁸
730 2778 800 2814 post
812 2774 961 2807 abbatem.
978 2774 989 2796 ί
1000 2774 1149 2806 abbatem.
1165 2777 1180 2799 σ
1190 2772 1307 2804 abbatis
1321 2773 1420 2803 vicena
1432 2780 1549 2812 gerens.
