1946 3080
70 124 78 156 l
88 121 135 153 tot
722 117 879 151 GBECO-l

962 117 1068 149 ANUM
1668 114 1747 147 1102

66 187 196 216 δείκνυται.
212 186 248 214 Τὸ
267 184 294 212 δὲ
329 184 358 213 ἐκ
387 186 435 219 τῆς
465 188 511 212 τοῦ
544 183 686 212 ἀκολούθου
716 185 835 224 εἰσφορᾶς
851 185 879 212 τὸ

962 182 1099 214 unculum
1116 182 1234 223 proprie
1251 182 1399 224 loquendo
1415 182 1567 224 appellare
1585 193 1591 214 :
1609 183 1751 224 quemlex

67 230 190 264 σιωπηθὲν
219 229 424 268 συλλογίζεσθαι,
455 227 514 256 κατ’
543 227 621 256 αὗτὸν
650 228 728 268 φάναι
754 229 800 256 τὸν
820 230 879 256 θεο-

962 235 1102 266 msverso,
1120 236 1173 267 per
1187 227 1307 258 modum
1323 227 1484 266 afﬁnitatis,
1499 227 1622 259 familiae
1637 228 1749 259 Plotini

65 276 183 316 φάντορα,
200 274 401 312 νομοθετοῦντός
431 273 512 310 ἐστιν,
549 274 579 302 οὐ
613 273 646 301 τὰ
678 276 723 301 τοῦ
738 274 818 310 νόμου
833 273 879 300 λέ-

962 270 1142 301 cessitudine
1154 271 1302 310 junctum,
1320 272 1400 303 nulla
1423 282 1553 313 unquam
1569 273 1634 313 lege
1650 282 1745 304 avun-

66 331 150 360 γοντος
157 343 162 348 μ

105 496 175 525 Ἐπεὶ
211 495 278 524 οὕτω
312 506 343 534 γε
372 493 471 527 ἐξέσται
499 498 537 531 τῷ
560 494 746 533 πονηρεύεσθαι
783 494 879 532 βουλο-

68 542 145 581 μένῳ,
168 542 211 569 καὶ
225 540 269 568 ἐπὶ
311 540 372 571 τοὺς
397 539 435 567 ἔτι
469 538 625 578 πορρωτέρω
659 539 704 567 τοῦ
732 538 821 577 γένους
837 540 882 567 τὸν

67 587 141 625 λόγον
173 585 302 620 ὲκτείνην,
346 586 393 612 καὶ
423 587 502 612 πᾶσιν
538 583 686 612 ἀποκλείειν
715 584 806 617 επίσης
833 584 882 616 τὴν

68 632 127 670 πρὸς
164 629 293 664 ἀλλήλους
323 628 440 667 γαμικὴν
475 628 590 665 ὁμιλίαν,
614 627 658 656 διὰ
688 630 736 661 τῆς
765 638 882 667 παρατε-

66 674 179 713 ταμένης
200 674 297 707 ταύτης
323 673 451 712 ἀπεράνου
481 675 567 712 σειρᾶς
597 673 614 706 ἧ
650 672 789 710 κλίμακος,
820 674 849 700 οὗ
861 673 885 700 τί

67 718 158 759 γένοιτ’
174 718 204 746 ἂν
226 717 382 757 ἀδικώτερον
400 727 408 757 ς
427 717 548 756 Καίτοιγε
581 716 623 745 ἐπὶ
651 716 721 745 τέλει
748 721 794 745 τοῦ
808 718 885 745 αὺτοῦ

67 765 164 803 Πατρὸς
179 767 238 794 τοῦς
256 763 378 800 νομίμοις
403 762 499 801 γάμοις
528 761 657 790 πλατεῖαν
687 761 746 790 ὁδὸν
780 761 885 789 ὑπανοί-

66 819 168 847 γο-νιος,
184 807 232 835 καὶ
259 810 348 846 σαφῶς
372 806 414 834 ἐπὶ
446 811 523 835 τοῦτο
552 805 775 845 προτρεπομένου.
804 805 883 834 Ἐπι-

66 852 134 892 φέρει
155 852 206 891 γάρ
229 859 239 867 '
261 850 410 891 Κεφάλαιον
423 849 450 878 δὲ
464 853 518 878 τῶν
539 850 696 890 εἰρημένων,
712 851 733 878 εἰ
750 851 798 880 μὲν
811 850 885 887 νόμῳ

66 908 104 929 τις
119 898 231 936 ὁρμᾶται
246 896 311 946 πρὸς
341 895 437 934 γάμον,
460 893 579 928 ἤνοικται
613 895 697 930 τούτῳ
724 898 795 922 πᾶσα
810 895 827 928 ἡ
844 895 882 922 οἷο

67 941 191 979 κωμένη.
208 941 238 969 Τί
252 939 276 967 δ’
296 939 472 979 ἐννομώτερον
484 939 592 977 ἐκείνου,
616 940 630 967 ὃ
652 940 720 976 μήτε
743 939 821 976 νόμος
837 949 885 967 πο-

66 986 174 1018 λιτικὸς,
200 985 269 1023 μήτε
289 985 376 1013 κανὼν
390 985 458 1024 ἱερὸς
481 984 663 1024 ἀπαγορεύσας
689 995 739 1013 που
753 984 882 1023 φαίνεται,

65 1032 138 1068 εἰμὴ
152 1031 197 1058 καὶ
229 1029 315 1068 ῥητῶς
351 1029 420 1060 αὖθις
449 1028 617 1068 ἐπέτρεψαν;
657 1027 781 1067 Ἐπείπερ
809 1028 837 1056 οὗ
852 1029 885 1056 τὰ

63 1074 288 1115 συγκεχωρημένα
303 1071 506 1112 περιλαμϐάνειν
525 1073 628 1102 οἴδασιν
656 1075 678 1101 οἱ
707 1074 765 1112 περὶ
785 1073 883 1101 τούτων

63 1109 288 1159 θεσμοθετοῦντες,
429 1118 496 1155 μόνα
522 1119 554 1146 τὰ
582 1109 751 1156 κεκωλυμένα
785 1118 883 1157 ἀπαρι-

62 1167 196 1202 θμεϊσθαι,
213 1165 257 1192 καὶ
271 1164 308 1190 ὧν
335 1164 353 1196 ἡ
377 1161 523 1200 παράϐασις
553 1162 680 1201 μεγίστην
710 1161 767 1190 οῖδε
783 1161 884 1199 βλάϐην

63 1209 213 1238 ἆποτίκτειν
259 1214 318 1239 τοῖς
348 1207 559 1247 περιπίπτουσιν,
585 1202 693 1246 ιὨσπερ
719 1207 762 1235 καὶ
789 1205 816 1234 εἴ
844 1217 884 1237 τις

63 1255 149 1293 ἰατρὸς
170 1256 209 1290 τῷ
225 1253 351 1289 κάμνοντι
381 1251 562 1290 ἀπαγορεύσας
591 1251 624 1279 τὰ
659 1250 821 1290 βλάπτοντα,
857 1251 886 1278 οὒ

63 1299 168 1329 πάντως
195 1297 314 1335 ἀνάγκην
354 1296 413 1336 ἔχει
457 1297 500 1324 καὶ
541 1295 696 1334 καταλέγειν
722 1295 771 1323 ἀνὰ
807 1294 886 1334 μέρος

63 1342 166 1371 ἅπαντα
180 1342 214 1370 τὰ
228 1344 262 1379 τῇ
283 1341 356 1380 φύσει
385 1339 466 1378 μηδὲν
488 1340 678 1378 λυμαινόμενα.
716 1339 798 1368 Ἀλλὰ
813 1338 887 1378 δεῦρο

62 1387 154 1415 λοιπὸν
170 1388 185 1415 ὀ
220 1387 252 1415 τὰ
279 1387 338 1414 θεῖα
373 1385 611 1424 παρεξηγούμενος,
643 1385 707 1414 αὐτὰ
732 1385 796 1424 πρὸς
823 1383 885 1415 ἔπος

61 1430 262 1471 διερμηνεύθητι
285 1430 318 1457 τὰ
347 1432 396 1463 τῆς
426 1429 567 1463 ἐπιστολῆς
597 1433 643 1457 τοῦ
673 1428 788 1468 μεγάλου
803 1429 884 1467 ῥήτο-

61 1487 116 1516 ρος,
139 1479 175 1514 τῇ
190 1475 290 1510 διανοίᾳ
303 1476 347 1502 καὶ
372 1478 410 1512 τῷ
442 1478 534 1511 σκοπῷ
568 1477 621 1503 τῶν
655 1473 804 1512 λεγομένων
839 1474 884 1501 τὸν

921 315 1023 345 culum
1035 315 1100 354 ejus
1111 315 1169 345 dici
1183 315 1332 355 probatur.
1344 316 1381 347 At
1390 326 1458 347 vero
1483 326 1517 347 ex
1529 316 1663 348 illatione
1672 327 1746 349 con-

921 359 1073 399 sequentis
1081 359 1109 389 id
1122 359 1293 390 ratiocinari
1303 360 1389 398 velle,
1403 360 1481 402 quod
1493 361 1612 393 silentio
1624 361 1746 402 tegitur,

922 407 952 434 ut
966 412 1034 434 cum
1050 404 1105 434 hoc
1121 404 1185 443 ipso
1203 404 1340 444 theologo
1363 405 1467 446 loquar
1491 405 1670 445 legislatoris
1689 411 1748 445 est,

923 457 981 478 non
998 448 1092 486 legem
1107 447 1275 487 allegantis.

962 493 1034 522 Nam
1052 492 1107 522 hoc
1122 492 1241 532 quidem
1258 493 1345 523 modo
1370 493 1470 524 licebit
1497 494 1642 526 malitiose
1657 505 1749 536 agere

923 536 1043 573 volenti,
1055 537 1142 567 etiam
1151 537 1188 567 ad
1196 537 1372 568 remotiores
1378 547 1488 578 genere
1495 539 1571 569 hanc
1578 539 1746 571 orationem

924 581 1096 621 extendere,
1113 585 1197 621 atqus
1226 591 1330 613 omnes
1359 582 1468 622 pariter
1496 584 1748 616 aconsuetudine

924 625 1132 656 matrimoniali
1146 626 1316 666 excludere,
1327 631 1446 667 propter
1456 628 1534 658 hanc
1542 628 1658 667 longius
1674 639 1746 669 pro-

927 674 1040 701 tensam
1055 669 1261 710 inﬁnitamque
1277 671 1385 702 lineam
1403 676 1432 702 et
1446 672 1555 703 scalam
1573 684 1580 704 :
1602 683 1658 713 quo
1675 683 1746 705 sane

926 714 994 754 quid
1014 714 1076 745 ﬁeri
1089 714 1181 754 possit
1197 715 1335 754 injustius
1351 716 1364 745 Υ
1379 717 1543 756 praesertim
1560 727 1626 747 cum
1643 717 1674 748 in
1689 719 1747 750 ﬁne

926 759 974 788 hic
985 758 1063 788 idem
1078 762 1160 798 pater
1170 758 1308 797 legitimis
1321 761 1431 800 nuptiis
1440 761 1528 791 latam
1543 762 1656 802 aperiat
1669 763 1747 794 viam

926 803 1113 833 etevidenter
1124 803 1181 834 huc
1193 804 1438 845 invitet.Subjicit
1446 806 1526 836 enim
1540 818 1546 835 :
1559 806 1628 837 Hac
1644 816 1746 838 eorum

926 852 970 878 est
985 856 1100 877 summa
1115 856 1180 887 qua:
1194 847 1272 879 dicta
1298 853 1377 879 sunt.
1410 849 1441 881 Si
1470 851 1535 890 quis
1550 851 1615 890 lege
1630 851 1747 883 ducitur

926 891 960 921 ad
978 891 1106 930 nuptias,
1123 891 1151 922 ei
1168 896 1244 922 totus
1260 892 1341 924 orbis
1352 898 1471 933 apertus
1482 899 1537 927 est.
1555 895 1633 932 Quid
1649 901 1747 928 autem

925 936 1020 975 magis
1035 940 1129 966 esteo
1157 936 1334 977 legitimum,
1364 938 1443 978 quod
1473 948 1570 980 neque
1583 940 1634 980 jus
1650 941 1748 979 civile,

925 989 1022 1020 neque
1033 989 1148 1010 sacrum
1159 980 1288 1020 aliquem
1298 991 1441 1012 canonem
1452 984 1642 1023 prohibuisse
1651 992 1746 1026 paret,

927 1024 1043 1055 tametsi
1057 1024 1167 1055 diserte
1193 1035 1251 1056 non
1278 1027 1495 1066 permiserint?
1509 1028 1624 1070 Quippe
1641 1024 1700 1060 non
1714 1039 1749 1061 ea

925 1077 990 1109 qum
1004 1078 1146 1099 concessa
1159 1074 1238 1106 sunt,
1252 1071 1508 1111 comprehendere
1515 1074 1748 1112 promulgatores

926 1113 1030 1143 harum
1046 1123 1148 1144 rerum
1168 1115 1288 1146 solent:
1321 1116 1372 1146 sed
1402 1116 1542 1148 duntaxat
1572 1127 1748 1150 enumerare

926 1157 1074 1198 proliibila
1109 1162 1138 1189 et
1167 1169 1292 1199 quorum
1317 1161 1513 1200 transgressio
1536 1162 1694 1193 maximam
1710 1163 1747 1194 iis

926 1211 1031 1232 noxam
1049 1211 1153 1242 parere
1168 1204 1334 1242 consuevit,
1348 1205 1398 1245 qui
1420 1213 1454 1236 ea
1474 1206 1674 1238 committunt.
1690 1207 1748 1239 Pe-

926 1245 1011 1276 rinde
1019 1255 1052 1276 ac
1064 1247 1087 1277 si
1101 1247 1233 1278 medicus
1244 1253 1351 1288 aegroto
1372 1250 1467 1280 noxiis
1478 1250 1567 1281 rebus
1582 1250 1746 1283 interdixe—

927 1290 974 1327 rit,
989 1300 1047 1336 non
1058 1292 1179 1322 omnino
1190 1292 1217 1323 ei
1233 1302 1353 1324 necesse
1379 1299 1422 1325 est
1444 1295 1532 1326 etiam
1545 1296 1746 1336 particulatim

928 1334 1027 1364 omnia
1036 1340 1200 1373 recenseat,
1215 1346 1279 1376 quae
1291 1341 1403 1368 naturaa
1415 1339 1489 1369 nihil
1499 1334 1617 1370 nocent.
1636 1341 1746 1371 Verum

927 1388 981 1418 age
996 1379 1125 1417 tandem,
1143 1380 1192 1420 qui
1208 1390 1291 1412 sacra
1321 1382 1391 1413 falso
1419 1385 1542 1423 exponis
1557 1385 1593 1415 ad
1610 1385 1745 1422 verbum,

926 1424 1126 1470 interpretare
1141 1435 1207 1465 qum
1221 1426 1251 1456 in
1266 1426 1347 1458 illius
1372 1428 1471 1466 magni
1486 1430 1610 1460 oratoris
1623 1430 1748 1470 epistola

926 1469 1037 1508 scripta
1052 1474 1130 1509 sunt,
1145 1475 1245 1502 mente
1255 1472 1335 1511 prius
1347 1472 1377 1502 in
1389 1473 1566 1504 sententiam
1579 1479 1608 1504 et
1623 1469 1747 1514 scopum

60 1513 118 1548 νοῦν
132 1513 240 1560 πρῶτον
275 1518 386 1560 ἐρείσας,
418 1520 466 1548 Καὶ
488 1522 576 1555 σαυτῷ
596 1519 668 1558 τάχα
697 1518 762 1546 ποτὲ
790 1517 879 1556 μέμψις

965 1522 1029 1542 rum
1045 1513 1263 1560 quaedicuntur
1287 1516 1394 1549 deﬁxa.
1419 1516 1482 1553 Quo
1511 1517 1598 1556 facto,
1615 1513 1749 1549 fortassis

59 1567 108 1598 τῆς
123 1557 294 1605 προπετείας.
320 1558 393 1592 Ἐπεὶ
415 1565 456 1591 καὶ
479 1564 574 1600 κανὼν,
607 1564 644 1595 ὡς
673 1563 752 1591 οἶσθα
777 1562 879 1599 νομικός

962 1567 990 1588 se
1011 1558 1207 1605 temeritatem
1234 1560 1391 1601 aliquando
1422 1566 1499 1593 tuam
1529 1562 1746 1603 reprehendes.

59 1601 151 1646 ἐστιν,⁷
173 1609 217 1637 ἐπ’
252 1609 357 1638 ἐκείνων
386 1608 472 1646 μόνων
514 1608 560 1639 τὰς
590 1609 642 1635 τῶν
678 1607 766 1644 νόμων
803 1606 879 1635 Oscam

962 1611 1000 1632 im
1016 1606 1045 1632 et
1057 1603 1239 1643 regulajuris
1251 1609 1296 1635 est
1307 1606 1381 1646 (43),
1405 1611 1436 1637 ut
1458 1607 1545 1645 nosti,
1564 1601 1704 1638 duntaxat
1718 1607 1750 1638 in

60 1634 83 1637 "
95 1634 126 1638 "‘
173 1634 207 1637 "'
253 1634 354 1638 “""”‘
386 1634 417 1646 Γ·
440 1634 468 1636 "'
521 1634 559 1639 ""
598 1634 602 1635 ν
709 1634 715 1644 ι

59 1634 175 1694 ὶσγύεέν,
194 1653 233 1694 ἐφ’
249 1654 286 1682 ὧν
308 1654 350 1681 καὶ
373 1652 585 1693 ἐξεφωνήθησαν,
612 1650 675 1680 Καθ’
692 1652 720 1679 ὃν
750 1651 829 1690 λόγον
844 1662 878 1678 κα

962 1656 966 1674 ι
982 1646 1079 1694 legum
1091 1634 1192 1694 valere
1207 1634 1394 1688 statutafde
1408 1634 1527 1692 'quibus
1538 1634 1665 1692 'prolatae
1677 1653 1749 1685 sint.

61 1678 80 1681 .-
110 1678 160 1682 --υ
195 1678 206 1681 ν
250 1678 284 1682 ν..
309 1678 350 1681 .m.
375 1678 411 1685 Ἴ.
579 1678 585 1683 ,
612 1678 663 1680 ψη
696 1678 702 1679 γ
762 1678 811 1690 η..

60 1678 111 1730 πές
127 1678 239 1736 votitqu
252 1699 340 1726 κανὼν
359 1678 430 1737 πρὸξ
438 1703 497 1728 τοῖς
523 1696 613 1728 ἄλλοις
637 1697 729 1736 σαθρὸς
760 1696 831 1724 εἶναι
847 1695 879 1723 λέη

962 1699 991 1720 ia
1009 1678 1103 1737 ejtiam,
1113 1693 1227 1724 ratione
1239 1695 1306 1734 (44)
1317 1678 1532 1737 binuisi‘egula
1543 1678 1632 1737 Euris,
1643 1702 1751 1737 prater

59 1753 146 1782 γεται.
165 1743 173 1754 ’
188 1744 252 1771 Οθεν
274 1741 366 1780 ἀμέλει
380 1742 429 1769 κᾶν
454 1742 539 1770 ὁτιοῦν
574 1741 695 1780 γένηται,
725 1739 768 1768 ἐπ’
783 1740 887 1768 ἐκείνων

59 1787 168 1819 πάντως
200 1788 326 1826 κρατήσει
355 1787 398 1814 καὶ
425 1786 457 1814 τὰ
484 1786 534 1814 ὑπὸ
567 1785 612 1813 τοῦ
639 1785 786 1819 Οεολήπτου
814 1784 887 1814 τοῦδε

56 1831 264 1871 διηγορευμένα,
281 1831 321 1870 ἐφ’
337 1832 374 1857 ὧν
388 1830 447 1858 τότε
472 1829 613 1870 ἐξηνέχθη.
652 1829 738 1864 Δῆλον
764 1828 802 1869 δὲ,
819 1829 887 1857 ὥστε

57 1876 97 1913 μὴ
111 1875 158 1904 δύο
175 1875 303 1914 ἀδελφαῖς
319 1874 364 1903 ἕνα
398 1875 442 1902 καὶ
470 1875 514 1902 τὸν
549 1875 626 1902 αὑτὸν
647 1873 726 1913 ἄνδρα
750 1873 829 1912 γάμῳ
844 1873 887 1912 ἀρ-

55 1920 184 1958 μόζεσθαι
209 1928 216 1935 ⁸
235 1919 323 1958 ὣσπερ
338 1919 370 1947 αὖ
385 1918 463 1947 πάλιν
479 1919 523 1946 καὶ
550 1919 582 1947 τὰ
604 1919 656 1946 ἀπὸ
670 1917 743 1946 τοῦδε
754 1919 792 1954 τῷ
812 1919 887 1954 ἰόμῳ

55 1964 278 2005 μεταληφθέντα,
314 1964 341 1991 ἐν
363 1963 471 1995 ἐκείνοις
507 1962 558 1995 ἕξει
586 1964 616 1990 τὸ
643 1963 751 2002 κράτος,
768 1963 804 1994 εἰς
820 1962 886 2001 ἅπερ

55 2008 120 2042 ἔστη
167 2010 200 2038 τὸ
236 2008 403 2046 ἀποτέλεσμα
431 2012 489 2044 τοῦ,
519 2008 587 2042 μήτε
622 2006 666 2035 δύο
694 2006 820 2046 ἀδελφοὺς
842 2005 885 2034 δύο

54 2053 202 2093 ἕξαδέλιρας
220 2051 377 2092 λαμϐάνειν,
407 2053 475 2090 μήτε
512 2054 583 2080 θετον
612 2053 656 2080 καὶ
684 2052 790 2089 ἀνεψιὸν
806 2050 884 2079 ἀδελ-

53 2098 105 2137 φὰς
121 2097 169 2125 δύο
189 2106 196 2113 ·
216 2098 259 2125 καὶ
274 2098 305 2124 τὰ
323 2097 422 2125 τούτων
451 2096 576 2135 ἔμπαλιν,
593 2097 615 2124 εἰ
642 2097 685 2124 καὶ
713 2095 827 2128 πολλαῖς
844 2095 885 2123 διὰ

929 1735 996 1772 alia,
1006 1735 1121 1782 fragilis
1132 1746 1197 1768 esse
1209 1739 1327 1771 dicitur.
1353 1735 1509 1781 Propterea
1525 1735 1551 1772 si
1559 1742 1630 1782 quid
1643 1735 1686 1772 ex
1702 1742 1749 1773 his

929 1779 1073 1827 sequitur,
1098 1790 1163 1821 quae
1187 1782 1223 1813 ab
1254 1784 1375 1815 homine
1403 1779 1503 1816 divino
1533 1779 1645 1817 saucita
1667 1791 1747 1827 sunt,

928 1823 1051 1854 omnnio
1075 1825 1112 1856 de
1141 1826 1177 1856 iis
1205 1828 1378 1868 accipienda
1392 1834 1490 1870 erunt,
1506 1830 1542 1861 de
1558 1830 1664 1871 quibus
1681 1823 1750 1862 tunc

927 1869 1009 1916 fuere
1024 1870 1148 1908 prolata.
1166 1872 1354 1903 Manifestum
1369 1878 1412 1904 est
1423 1869 1535 1911 autem,
1552 1869 1586 1905 eo
1601 1880 1749 1916 spectare,

927 1923 965 1944 ne
981 1915 1024 1944 vir
1038 1925 1113 1946 unus
1130 1921 1157 1946 et
1173 1917 1250 1947 idem
1261 1917 1374 1949 duabus
1386 1919 1542 1950 sororibus
1559 1915 1746 1951 matrimonio

923 1958 1073 2005 jungatur.
1091 1959 1181 1991 Sicuti
1197 1970 1313 1992 rursum
1330 1971 1394 2003 quae
1419 1963 1455 1993 ab
1482 1963 1531 1993 illo
1551 1968 1684 2004 tempore
1702 1974 1750 2005 pa-

926 2003 1075 2035 triarchali
1092 2009 1170 2035 tomo
1186 2010 1255 2036 sunt
1269 2007 1389 2041 inserta,
1407 2008 1499 2038 robur
1521 2008 1552 2038 in
1580 2003 1621 2039 iis,
1633 2003 1750 2039 obline-

927 2046 1012 2086 bunt,
1030 2049 1059 2079 in
1075 2059 1140 2090 quae
1156 2051 1226 2080 tomi
1242 2050 1351 2082 desinit
1371 2053 1493 2083 affectus
1510 2062 1516 2080 :
1550 2052 1704 2090 nimirum,
1720 2056 1753 2084 ut

927 2100 1023 2132 neque
1034 2093 1091 2124 duo
1103 2094 1208 2125 fratres
1218 2095 1291 2125 duas
1306 2097 1500 2127 consobrinas
1512 2097 1632 2134 ducant,
1650 2106 1750 2137 neque

54 2131 139 2180 μέσου
169 2148 234 2172 ταῖς
269 2131 652 2181 παρεκϐάσεσιννέξυφαίνεται.
689 2139 761 2168 Ἀλλ’
791 2141 804 2168 ὃ
837 2139 879 2168 λέ-

962 2131 1049 2168 ,Ιι-υυδ
1059 2142 1087 2169 et
1096 2139 1194 2170 fratris
1208 2140 1285 2170 ﬁlius
1304 2140 1378 2171 duas
1389 2151 1518 2179 sorores,
1527 2151 1561 2172 ac
1573 2143 1636 2172 vice
1647 2131 1731 2172 versa
1745 2154 1751 2176 :

54 2197 112 2225 γειν
128 2187 309 2226 ὡρμήθημεν,
325 2187 339 2214 ὁ
354 2185 437 2225 μέγας
467 2189 604 2224 τοιγαροῦν
634 2186 720 2222 οὗτος,
752 2185 810 2216 ἑνὸς
836 2185 885 2212 ἆν-

55 2230 115 2270 δρὸς
140 2230 303 2269 συμπλοκὴν
331 2230 398 2269 πρὸς
425 2229 537 2269 ἀδελφὰς
566 2228 610 2257 δύο
631 2229 814 2268 ἀπαγορεύων,
845 2229 889 2257 καὶ

55 2277 85 2304 τὸ
101 2274 333 2314 κατεγνωσμένων
348 2273 474 2312 διασύρων
502 2276 552 2307 τῆς
581 2273 710 2313 πράξεως,
741 2274 778 2305 ὡς
805 2273 887 2314 ἔκφυ-

55 2320 103 2348 λον
125 2321 220 2352 πάντη
253 2320 296 2347 καὶ
331 2317 394 2356 μηδ’
429 2318 498 2356 ἀκοῇ
525 2319 638 2358 φορητὸν
667 2319 737 2356 ὁσία,
766 2319 808 2358 τὸ,
839 2319 891 2346 Οὺκ

55 2365 199 2402 εἰσελεύσῃ
223 2364 288 2403 πρὸς
311 2363 396 2391 πάντα
425 2364 522 2391 οἰκεῖον
544 2363 639 2404 σαρκός
667 2374 724 2400 σου,
753 2362 890 2391 ἀποκαλύ-

55 2413 104 2447 ψαι
128 2408 329 2448 ἀσχημοσύνην
344 2409 434 2444 αὐτοῦ,
470 2407 526 2435 ama
546 2411 595 2442 τῆς
621 2411 725 2447 Γραφῆς
741 2409 805 2446 πρὸς
821 2408 891 2436 ἀπο-

53 2454 163 2494 τροπὴν
178 2451 281 2488 λαϐὼν,
299 2451 381 2485 δεῖξαι
396 2451 567 2492 βουλόμενος,
594 2453 630 2483 ὡς
646 2453 676 2480 τὸ
691 2452 771 2491 ῥητὸυ
786 2452 891 2480 ἐκεῖνο-

54 2497 267 2538 ἒμπεριεκτικόν
289 2496 343 2524 ἐστι
365 2498 409 2527 καὶ
430 2497 521 2525 τούτου
557 2500 603 2525 τοῦ
618 2496 704 2528 εἴδους
726 2499 775 2530 τῆς
792 2497 890 2524 οἰκειό-

54 2555 153 2582 τητος,
190 2542 236 2570 καὶ
264 2543 300 2574 ὡς
330 2543 380 2570 ὑπὸ
416 2544 465 2575 τῆς
493 2541 562 2574 θείας
592 2544 698 2582 Γραφῆς
724 2542 808 2574 ἡτοὺ
838 2541 893 2573 ἐνὸς

54 2589 153 2628 ἀνδρὸς
177 2588 246 2626 πρὸς
279 2586 392 2626 ἀδελφὰς
428 2586 472 2614 δύο
501 2586 603 2625 γαμικὴ
631 2585 722 2624 ὁμιλία
745 2585 796 2619 ἤδη
825 2597 893 2625 προ-

54 2633 262 2674 απηγόρευται,
279 2633 376 2670 εἶσαγει
402 2631 510 2663 τούτους
538 2631 598 2663 τοὺς
627 2629 780 2670 λεγισμούς,
804 2631 833 2659 Τί
845 2631 894 2670 γὰρ

929 2181 999 2212 licet
1010 2183 1073 2213 haec
1085 2184 1185 2214 multis
1202 2184 1366 2224 interjectis
1378 2185 1611 2224 digressionibus
1627 2186 1667 2217 ita
1681 2195 1753 2217 con-

931 2230 1076 2259 texantur.
1096 2228 1150 2258 Sed
1169 2233 1198 2258 ut
1214 2234 1396 2260 revertamur
1408 2230 1442 2260 ad
1468 2230 1509 2268 id,
1524 2231 1601 2271 quod
1619 2230 1750 2262 institui—

932 2281 997 2302 mus
1013 2272 1126 2309 dicere,
1136 2282 1258 2312 magnus
1269 2274 1316 2304 hic
1325 2278 1425 2305 noster
1436 2275 1573 2312 Basilius,
1592 2275 1753 2315 prohibens

932 2316 1019 2346 unius
1032 2317 1087 2347 viri
1102 2318 1318 2357 copulationem
1334 2329 1401 2350 cum
1417 2319 1531 2350 duabus
1546 2320 1710 2357 sororibus,
1724 2324 1754 2351 et

932 2361 1100 2392 damnabile
1116 2361 1230 2393 facinus
1245 2363 1300 2394 hoc
1316 2364 1452 2404 culpans,
1480 2365 1521 2394 uti
1538 2365 1615 2404 quod
1631 2364 1753 2395 omnino

932 2405 969 2435 sit
984 2406 1111 2436 alienum
1127 2415 1144 2436 a
1159 2406 1278 2446 pietate,
1295 2416 1351 2438 nec
1376 2408 1523 2448 religiosis
1540 2409 1660 2439 auribus
1676 2409 1752 2440 tole-

932 2450 1046 2491 rabile;
1066 2451 1225 2491 simulque,
1240 2451 1317 2482 dicto
1334 2453 1394 2491 illo,
1413 2454 1477 2483 Non
1508 2453 1686 2493 ingredieris
1716 2454 1753 2485 ad

933 2496 1069 2535 quemvis
1087 2496 1286 2526 necessarium
1298 2497 1395 2528 carnis
1409 2501 1478 2534 tum,
1494 2504 1527 2530 ut
1542 2499 1675 2530 deducus
1691 2499 1756 2538 ejus

934 2540 1058 2577 reveles,
1076 2549 1092 2570 e
1115 2540 1209 2570 sacris
1238 2541 1355 2571 Litteris
1383 2542 1559 2574 dehortandi
1582 2553 1669 2574 causa
1682 2552 1753 2582 pro-

936 2585 1005 2621 lato,
1023 2585 1090 2615 dum
1109 2585 1233 2625 probare
1250 2586 1319 2626 vult,
1338 2586 1450 2617 dictum
1466 2587 1538 2618 illud
1548 2589 1623 2619 hanc
1638 2597 1756 2628 quoque

936 2629 1162 2670 propinquitatis
1189 2630 1321 2670 speciem
1351 2632 1520 2672 complecti,
1550 2632 1687 2672 quodque
1703 2641 1758 2672 per

846 2713 970 2747 ΝΟΤᾸΕ.

98 2784 168 2825 (43)
184 2783 239 2814 96.
258 2781 291 2813 D.
308 2783 344 2813 de
359 2791 424 2822 reg.
441 2784 503 2819 iur.

891 2781 949 2821 (44)
967 2780 1070 2812 Omnis
1085 2781 1143 2812 202
1161 2789 1166 2811 :
1185 2781 1220 2813 D.
1238 2783 1304 2813 eod.
