1946 3080
125 132 200 166 1087

161 201 275 234 Intm.
289 203 339 235 58.
349 201 538 235 Orthodoxus
548 201 668 243 quidam
679 201 716 233 ab
722 202 865 242 Agarenis
875 212 942 242 cap-
952 206 973 232 Α

121 249 179 283 tus,
196 250 227 278 et
255 255 309 287 per
338 246 397 278 vim
425 246 618 278 orthodoxam
647 245 735 278 ﬁdem
751 246 890 287 ejuratus,
907 256 943 279 ac

121 290 327 329 circumcisus,
351 291 464 332 absque
477 291 699 322 intermissione
713 291 778 322 fere
790 291 943 323 immund-

121 334 191 366 tiem
216 334 318 373 deﬂet,
347 339 376 367 et
399 337 474 367 clam
502 345 569 367 cum
594 335 765 367 orlhodoxis
794 336 942 378 convenit,

120 379 296 418 invocatque
307 380 444 412 salutem.
461 380 535 417 Quia
546 386 647 412 autem
663 380 723 411 vult
738 385 941 413 sacramento-

119 432 185 454 rum
201 424 265 455 ﬁeri
280 425 438 465 particeps,
465 424 635 466 quaerimus,
661 424 732 466 quid
762 425 799 457 sit
826 426 941 458 facien—

120 467 201 499 dum.

160 512 248 554 Resp.
264 512 446 545 Certantium
472 518 540 546 sunt
560 524 688 553 coronae,
706 519 735 547 et
748 515 892 547 Dominus
906 526 941 548 ac

117 556 196 588 Deus
210 561 310 588 noster
321 557 408 590 Jesus
423 558 559 590 Christus
576 570 583 591 :
600 560 630 591 Si
648 560 714 601 quis
729 569 778 592 me
797 561 940 592 conﬁtea-

118 605 178 642 tur,
193 601 299 643 inquit,
317 611 417 634 coram
447 603 629 645 hominibus,
660 609 690 637 et
706 614 760 645 ego
775 605 941 638 conﬁtebor

117 655 186 677 eum
201 656 301 678 coram
319 648 403 678 l‘atre
419 657 496 686 meo,
522 649 574 689 qui
597 648 628 680 in
639 649 723 681 cmlis
731 655 788 682 est.
804 649 940 682 Immun-

116 690 186 721 dum
203 700 273 731 ergo
302 701 362 726 vas.
393 692 429 723 ad
456 693 675 733 susceptionem
701 694 852 734 unguenti,
885 705 941 735 qua

118 736 225 767 mentis
239 736 419 768 alienatione
443 737 640 769 admittetur?
655 738 852 775 Quamobrem
865 749 940 770 con-

116 780 293 812 solationem
308 781 429 822 quidem
445 782 656 822 episcopicam,
670 788 698 814 et
713 783 791 814 aliud
809 783 941 824 spiritale

115 825 296 865 colloquium
313 825 364 857 ille
390 826 432 857 sic
462 827 619 867 paenitens,
643 831 672 858 et
687 827 764 858 bona
780 828 941 859 mutatione

832 134 847 165 Ι
850 132 896 164 US
917 129 1138 164 CANONICUM

1731 133 1808 166 1088

1024 199 1119 239 Ἐρώτ.
1175 195 1220 234 νη’
1281 199 1430 239 Ὀρθόδοξός
1484 213 1524 234 τις
1584 202 1809 242 αἰχμαλωτισθεὶς

984 244 1055 284 παρὰ
1075 244 1241 284 Ἀγαρηνῶν,
1277 245 1322 273 καὶ
1351 245 1418 275 κατὰ
1444 245 1503 284 βίαν
1530 248 1580 281 τὴν
1601 245 1736 286 ὀρθόδοξον
1761 247 1810 275 πί-

983 300 1041 318 στιν
1070 288 1274 330 ὲξομοσάμενος,
1299 290 1343 318 καὶ
1382 291 1564 331 περιτμηθεὶς,
1595 289 1682 320 διόλου
1711 289 1810 331 σχεδὸν

983 333 1034 368 τὴν
1064 333 1222 372 ἀκιθαρσίαν
1243 332 1426 372 ὰποκλαίεται,
1463 335 1508 364 καὶ
1540 335 1608 374 μετὰ
1635 338 1689 364 τῶν
1707 335 1814 374 ὀρθοδό-

985 376 1035 410 ξων
1063 376 1192 415 λαθραίως
1219 378 1386 419 συνέρχεται,
1416 379 1460 407 καὶ
1487 379 1538 414 ⁴ιὴν
1559 379 1692 420 σωτηρίαν
1706 379 1812 408 ἀνακα-

982 420 1081 452 λεῖται.
1107 421 1182 451 Ἐπεὶ
1203 421 1231 450 δὲ
1260 422 1341 451 ἐθέλει
1370 423 1414 451 καὶ
1441 424 1495 452 τῶν
1523 425 1696 463 ἁγιασμάτων
1721 435 1811 462 μετα-

982 465 1138 507 λαμϐάνειν,
1152 470 1282 505 ζητοῦμεν
1303 468 1334 495 τὸ
1349 467 1476 501 ποιητέον
1497 470 1604 506 μαθεῖν.

1022 509 1118 542 Ἀπόκ.
1155 514 1213 540 Τῶν
1241 511 1443 551 ἀγωνιζομένων
1470 513 1534 546 εἰσὶν
1563 514 1587 541 ot
1611 512 1747 553 στέφανοι,
1763 514 1810 542 καὶ

981 556 995 583 ὁ
1011 556 1104 596 Κύριος
1119 557 1162 584 καὶ
1197 557 1262 588 Θεὸς
1293 557 1372 594 ἡμῶν
1398 555 1500 590 Ἰησοῦς
1515 557 1638 597 Χριστός.
1654 556 1689 586 Εἴ
1709 568 1750 590 τις
1772 568 1809 595 με

980 599 1154 639 ὅμολογήσει,
1186 601 1277 641 φησὶν,
1304 600 1448 641 ἔμπροσθεν
1477 605 1529 630 τῶν
1558 601 1713 642 ἀνθρώπων,
1730 602 1808 641 κάγὼ

982 644 1153 684 ὁμολογήσω,
1179 646 1269 683 αὗτδν,
1299 644 1444 685 ἔμπροσθεν
1466 649 1513 684 τοῦ
1539 646 1641 686 Πατρός
1652 657 1704 675 που
1718 650 1766 675 τοῦ
1779 647 1809 675 ἑν

982 690 1115 729 οὒρανο”ς,
1147 689 1306 729 Ἀκάθαρτον
1332 693 1394 729 γοῦν
1435 690 1546 730 ἀγγεῖον
1581 692 1647 730 πρὸς
1671 689 1810 731 ὗποδοχὴν

982 734 1062 773 μύρου
1091 737 1148 766 πῶς
1183 735 1418 774 παραφρονούντως
1444 734 1625 775 δεχθῆσεται,
1663 736 1710 763 Διὸ
1737 746 1810 775 παρ-

981 779 1090 818 ηγορίας
1122 779 1170 816 μὲν
1198 779 1372 813 ὲπισκοπικῆς
1409 780 1453 808 καὶ
1496 779 1581 814 ἄλλης
1623 783 1807 818 πνευματικῆς

982 822 1098 861 ὁμιλίας,
1135 825 1150 852 ὁ
1185 824 1255 853 οὕτω
1288 824 1437 862 μετανοῶν,
1459 825 1503 853 καὶ
1530 824 1581 858 τὴν
1609 823 1695 858 καλὴν
1721 824 1807 852 θέλων

115 869 222 900 mutari
239 870 353 907 volens,
383 871 620 910 promerebitur;
651 872 703 903 sed
719 872 830 903 sanctis
845 881 928 903 sacra

1014 867 1158 901 λοιωθῆναι
1181 868 1333 906 ἀλλοίωσιν,
1362 868 1535 904 ἀξιωθήσεται
1553 878 1561 887 ·
1578 872 1631 897 τῶν
1668 867 1695 896 δὲ
1723 869 1807 908 ἁγίων

115 914 225 946 mentis
233 915 340 954 dignus
347 925 405 946 non
416 915 583 946 habebitur.
592 915 771 948 Debetcnim
779 916 940 957 impietatis

113 959 217 990 sordes
231 959 363 998 abluere,
381 964 410 991 et
425 960 466 991 ita
479 959 615 991 admitti:
630 964 658 992 et
669 965 734 1001 post
745 962 939 1001 praestitutum

113 1007 230 1044 tempus
245 1009 353 1036 sancta
369 1005 458 1036 etiam
475 1005 754 1036 communicationis
769 1006 821 1038 (iet
844 1006 938 1047 parti-

113 1057 197 1088 ceps.

151 1092 263 1124 Interr.
281 1093 332 1125 59.
364 1093 541 1125 Vicanorum
563 1093 655 1125 turbae
681 1103 760 1132 eum,
787 1094 837 1135 qui
866 1094 938 1135 ipsis

113 1136 229 1168 videtur
242 1147 310 1169 esse
325 1137 432 1178 dignus
447 1138 619 1179 episcopali,
642 1139 686 1170 vel
702 1139 876 1170 sacerdotali
889 1139 938 1170 di-

113 1181 237 1221 gnitate,
255 1182 327 1213 mihi
343 1183 506 1220 exhibent;
523 1188 684 1224 petuntque
700 1188 731 1214 ut
741 1183 806 1215 sine
821 1184 940 1224 repulsa

113 1226 301 1257 renuntietur
329 1227 544 1269 ordineturque
564 1225 704 1268 pontifex,
722 1235 770 1259 aut
786 1237 825 1258 sar
837 1228 937 1265 erdos,

112 1270 157 1301 vel
185 1270 339 1304 diaconus.
368 1271 473 1308 Quaero
509 1272 609 1311 igitur,
646 1281 683 1303 an
708 1272 940 1304 acclamationes

112 1315 212 1356 populi
229 1316 314 1356 sequi
329 1317 492 1357 compellar
505 1316 532 1348 δ.

151 1360 227 1399 Resp
248 1359 325 1392 Olim
335 1361 494 1402 aliquando
504 1361 706 1392 ordinationes
715 1361 936 1402 episcoporum,

111 1407 141 1434 et
156 1403 341 1445 reliquorum
355 1406 448 1437 sacris
463 1406 646 1437 initiatorum
660 1406 817 1437 ordinibus
830 1406 940 1445 fiebant

110 1457 165 1489 per
177 1444 355 1481 electionem
373 1450 768 1492 multitudinis,eorumqlte,
785 1452 836 1491 qui
849 1444 938 1481 simul

982 914 1132 953 μυστηρίων
1161 916 1208 944 οὒκ
1236 914 1419 949 ἀξιωθήσεται.
1464 914 1599 953 Πρότηρον
1626 915 1676 954 γὰρ
1705 914 1807 954 ὀφείλει

981 958 1029 991 τῆς
1045 957 1164 990 ἀσεϐείας
1191 959 1239 992 τὴν
1267 957 1416 996 βεϐήλωσιν
1446 958 1634 996 ἀπονίψασθαι,
1657 959 1700 987 καὶ
1723 958 1808 991 οὕτως

980 1001 1107 1042 δεχθῆναι
1125 1011 1133 1020 ³
1149 1003 1193 1031 καὶ
1217 1003 1284 1041 μετὰ
1298 1004 1344 1031 τὸν
1371 1003 1560 1041 νενομισμένον
1587 1003 1678 1043 καιρὸν
1699 1004 1742 1031 καὶ
1756 1006 1807 1037 τῆς

979 1047 1055 1086 ἁγίας
1071 1046 1248 1088 μεταλήψεως
1270 1048 1410 1086 γενήσεται
1425 1047 1554 1088 μέτοχος.

1020 1089 1117 1131 Ἐρώτ,
1145 1086 1183 1120 νθ¹
1213 1091 1305 1127 Πλήθη
1336 1092 1476 1132 χωριτικᾶ
1494 1086 1548 1120 Eas
1584 1090 1710 1121 δοκοῦντα
1739 1092 1803 1120 τού-

979 1146 1033 1167 τοις
1062 1135 1132 1168 ἄξιον
1160 1136 1230 1164 εἶναι
1267 1137 1332 1175 πρὸς
1361 1135 1462 1174 ἀξίωμα
1490 1136 1664 1165 ἐπισκοπικδν
1678 1136 1696 1170 ἢ
1731 1137 1806 1175 ἱερα-

979 1180 1052 1208 τικὸν
1079 1181 1224 1220 παριστῶσί
1244 1192 1289 1218 μοι
1307 1190 1314 1198 ³
1337 1181 1381 1209 καὶ
1409 1184 1516 1216 ζητοῦσι
1542 1181 1610 1209 κατὰ
1637 1182 1668 1209 τὸ
1695 1181 1809 1219 ἀπαραία

979 1235 1060 1258 τητον
1095 1225 1307 1265 ὲπικηρυχθῆναι
1334 1226 1377 1254 καὶ
1415 1227 1637 1265 χειροτονηθῆναι
1665 1225 1804 1266 ἂρχιερὲα,

979 1269 998 1303 ἢ
1012 1267 1143 1299 διάκονον.
1160 1273 1237 1303 Ζητῶ
1258 1269 1344 1298 τοίνυν
1372 1271 1467 1308 μαθεῖν
1495 1270 1518 1298 εἱ
1543 1277 1604 1302 τατς
1627 1276 1730 1310 φωναῖς
1752 1273 1808 1298 τῶν

981 1312 1072 1353 ὄχλων
1086 1313 1286 1353 ἀναγκαζόμεθα
1307 1313 1523 1344 κατακολουθεῖν.

1019 1356 1082 1389 Ἀτι.
1099 1358 1185 1387 Πάλαι
1196 1362 1261 1387 ποτὲ
1285 1360 1311 1388 αἱ
1335 1359 1494 1399 χειροτονίαι
1522 1361 1574 1387 τῶν
1589 1358 1740 1387 ὶπισ-κόπων
1762 1360 1809 1387 καὶ

979 1405 1032 1430 τῶν
1060 1401 1160 1431 λοιπῶν
1196 1403 1345 1443 ἱερωμένων
1367 1403 1400 1431 δι’
1426 1403 1554 1443 ἒπιλογὴς
1582 1406 1631 1443 του
1649 1402 1734 1443 ὄχλου
1763 1408 1808 1436 καὶ

979 1449 1033 1475 τῶν
1053 1442 1332 1486 παραδυναοτευόντων
1347 1448 1462 1488 ἐγίνοντο
1478 1457 1487 1466 ·
1511 1442 1529 1476 νὸ
1544 1447 1572 1476 δὲ
1594 1442 1632 1487 ιγΙ
1645 1442 1733 1476 κανὼν
1755 1451 1807 1481 τῆς

108 1487 307 1533 imperabant.
321 1494 460 1526 Decimus
477 1487 582 1526 tertius
606 1487 814 1527 autem'cano-n
832 1495 930 1528 Laudi‘

1022 1490 1160 1528 Λαοδικείᾳ
1175 1491 1292 1535 συνόδου,
1329 1493 1373 1521 καὶ
1400 1494 1414 1521 ὸ
1448 1487 1476 1532 γ’
1502 1493 1590 1522 κανὼν
1604 1495 1654 1526 τῆς
1669 1492 1745 1532 ἁγίας
1761 1493 1807 1521 καὶ

108 1546 192 1568 cenae
207 1538 325 1578 synodi,
354 1545 384 1570 et
401 1541 420 1570 3
436 1549 530 1570 canon
554 1545 663 1571 sanctas
690 1544 720 1571 et
743 1540 937 1571 cecumenicaa

110 1582 126 1612 7
143 1582 259 1623 synodi,
277 1583 448 1624 hujusmodi
464 1584 668 1616 ordinationes
681 1584 718 1616 ab
735 1585 937 1616 ecclesiastico

108 1626 216 1666 rejecit
230 1631 318 1658 statu.
335 1627 388 1659 Ille
414 1630 494 1660 enim
523 1630 574 1668 ait,
593 1630 686 1671 turbis
710 1639 768 1660 non
785 1638 850 1660 esse
867 1638 937 1670 per-

110 1671 285 1702 mittendum
302 1681 419 1712 eorum,
444 1674 495 1715 qui
517 1679 586 1706 sunt
601 1674 630 1705 in
646 1674 812 1706 sacerdotio
825 1674 937 1705 consti-

107 1715 221 1753 tuendi,
239 1715 414 1749 electionem
431 1718 540 1750 facerc.
557 1718 611 1750 Hic
630 1723 728 1750 autem
745 1719 914 1759 pronuntiat
930 1729 937 1752 :

105 1759 232 1792 Omnem
248 1761 438 1800 electionem,
466 1772 533 1804 qum
543 1763 576 1794 ﬁt
590 1773 606 1794 a
622 1763 852 1803 magistratibus,
870 1763 936 1803 epi-

105 1805 199 1845 scopi,
219 1805 263 1836 vel
273 1806 454 1846 presbyteri,
467 1807 512 1839 vel
526 1807 655 1844 diaconi,
667 1807 778 1838 irritam
792 1817 913 1839 manere
926 1814 934 1835 τ

106 1858 140 1880 ex
157 1859 270 1881 canone
293 1850 424 1882 dicente.
440 1851 469 1883 Si
487 1852 554 1892 quis
569 1851 727 1892 episcopus
742 1852 934 1884 smcularibus

106 1894 329 1934 magistratibus
342 1905 424 1934 usus,
442 1905 494 1937 per
510 1906 561 1928 eos
576 1897 731 1927 ecclesiam
753 1897 931 1936 obtinui-rit,

105 1937 283 1979 deponatur,
313 1944 343 1971 et
370 1944 552 1981 segregetur,
570 1946 600 1972 et
628 1950 732 1972 omnes
747 1941 796 1982 qui
813 1951 880 1972 cum
897 1951 931 1972 eo

102 1983 336 2016 communicant.
349 1983 473 2026 Oportet
487 1987 566 2017 enim
592 1995 671 2023 eum,
685 1985 735 2026 qui
749 1990 794 2016 est
807 1995 929 2026 promo-

102 2027 217 2058 vendus
231 2028 267 2059 ad
279 2028 493 2070 episcopatum,
509 2030 545 2061 ab
562 2030 711 2071 episcopis
727 2030 808 2070 eligi,
821 2039 929 2067 quem-

101 2071 262 2104 admodum
277 2082 294 2104 a
311 2073 423 2105 sanctis
438 2074 575 2106 Patribus
590 2075 651 2106 Nic:
664 2084 689 2105 ac
703 2074 856 2105 decretum
872 2078 927 2112 est,

100 2115 130 2146 in
147 2126 261 2149 canone
275 2117 325 2158 qui
348 2118 443 2151 dicit:
465 2119 642 2160 Episcopum
670 2124 786 2159 oportet
801 2118 929 2150 maxime

100 2161 220 2200 quidem
233 2162 270 2193 ab
285 2163 436 2202 omnibus,
452 2163 502 2205 qui
514 2163 622 2195 suntin
640 2163 801 2204 previncia,
813 2163 927 2194 consti-
938 2178 959 2203 ι)

101 2206 166 2238 tui:
199 2207 223 2238 si
253 2211 352 2238 autem
382 2209 437 2239 hoc
467 2208 586 2241 difﬁcile
609 2208 708 2247 fuerit,
733 2208 779 2239 vel
806 2212 927 2248 propter

98 2255 252 2290 urgentem
280 2252 507 2291 necessitatem,
524 2253 568 2284 vel
593 2257 714 2293 propter
726 2253 779 2283 vim
794 2252 925 2292 longitu-

97 2295 210 2333 dinem,
222 2300 282 2327 tres
289 2297 410 2328 omnino
419 2297 524 2329 eodem
535 2297 923 2338 convenientes,iisquoque

97 2339 148 2380 qui
163 2339 282 2380 absunt,
296 2341 384 2373 simul
396 2342 566 2382 suffragium
583 2341 760 2379 ferentibus,
778 2345 807 2372 et
816 2350 921 2372 assen-

98 2384 241 2417 tientibus
269 2395 325 2427 per
351 2386 477 2425 litteras,
510 2392 578 2418 tunc
606 2387 705 2418 facere
729 2386 919 2418 electionem.

94 2427 202 2460 Eorum
218 2434 330 2469 autem,
358 2441 425 2472 quae
443 2441 460 2462 a
488 2441 520 2463 se
549 2432 633 2472 ﬁunt,
663 2431 921 2462 conﬁrmationem

95 2473 166 2505 dare
181 2475 343 2517 unicuique
359 2477 596 2518 metropolitano.

134 2519 250 2551 Interr.
263 2521 314 2552 60.
327 2520 425 2553 Liberi
435 2530 470 2553 ex
480 2521 622 2553 secundis
635 2520 746 2561 nuptiis
757 2520 919 2562 procreati,

93 2567 123 2594 et
138 2564 190 2605 qui
209 2574 244 2596 ex
258 2565 386 2604 ancillis,
403 2575 435 2597 ac
451 2566 638 2604 concubinis,
655 2565 821 2597 sacerdotio
837 2565 919 2605 digni

93 2608 318 2651 judicabuntur,
334 2610 456 2643 annon?

131 2654 221 2696 Resp.
229 2653 433 2688 Secundarum
441 2655 610 2697 nuptiarum
618 2655 705 2688 liberi
712 2654 793 2687 nulla
803 2654 918 2686 ratione

979 1536 1160 1574 οἱκουμενικῆς
1196 1531 1221 1572 ζ’
1249 1531 1367 1574 συνόδου,
1406 1531 1461 1569 τὰς
1487 1538 1609 1569 τοιαύτας
1640 1531 1807 1577 χειροτονίας

977 1579 1031 1608 ἀπὸ
1065 1580 1113 1614 τῆς
1141 1581 1368 1616 ἑκκλησιαστικῆς
1403 1581 1570 1614 ἀπξὲνωσαν
1597 1582 1798 1614 καταστάσεως,

979 1619 1009 1653 ι0
1023 1624 1072 1663 μέν
1087 1625 1137 1664 γάρ
1164 1636 1230 1666 φησι
1251 1627 1310 1665 περὶ
1330 1629 1378 1655 τοῦ
1399 1626 1439 1664 μὴ
1470 1625 1564 1666 ὄχλοις
1592 1625 1741 1666 ἐπιτρέπειν
1755 1627 1803 1658 τὰς

979 1669 1092 1709 ἐκλογὰς
1115 1672 1250 1699 ποιεῖσθαι
1293 1674 1347 1699 τῶν
1392 1669 1544 1708 μελλόντων
1572 1671 1740 1699 καθίστασθαι
1768 1672 1807 1703 εἰς

980 1714 1111 1753 ἱερατετον
1127 1722 1135 1730 ’
1150 1715 1164 1742 ὁ
1188 1713 1215 1742 δὲ
1242 1719 1323 1745 ταῦτα
1351 1714 1466 1752 διέξεισι,
1496 1718 1587 1744 Πᾶσαν
1612 1717 1702 1755 ψῆφον
1731 1726 1806 1755 γινο-

978 1758 1062 1796 μένην
1076 1759 1146 1797 παρὰ
1179 1762 1233 1787 τῶν
1261 1759 1411 1800 ἀρχόντων,
1439 1759 1595 1797 ἐπισκόπου,
1617 1760 1635 1794 ἢ
1656 1759 1804 1800 πρεσϐυτέ-

977 1813 1032 1841 ρου,
1048 1803 1066 1838 ἢ
1081 1802 1212 1842 διακόνου,
1228 1803 1320 1843 ἄκυρον
1348 1804 1448 1842 μένειν,
1476 1804 1545 1833 κατὰ
1572 1805 1617 1833 τὸν
1644 1804 1742 1833 κανόνα
1756 1806 1804 1833 τὸν

974 1846 1097 1887 λέγοντα,
1114 1847 1148 1877 Εἴ
1161 1859 1202 1880 τις
1223 1847 1367 1881 ἐπίσκοπος
1394 1855 1535 1886 κοσμικοῐς
1551 1847 1664 1889 ἄρχουσι
1684 1849 1797 1889 χρησά-

975 1903 1065 1932 μενος,
1081 1891 1114 1921 δι’
1130 1895 1216 1923 αὐτῶν
1237 1893 1368 1933 ἐγκρατὴς
1392 1892 1536 1927 ἐκκλησίας
1557 1894 1678 1933 γένηται,
1700 1895 1795 1922 καθαι-

973 1937 1065 1976 ρείσθω
1088 1938 1132 1965 καὶ
1159 1937 1331 1978 ἀφοριζὲσθω,
1369 1939 1413 1966 καὶ
1448 1939 1472 1967 oi
1506 1938 1691 1970 κοινωνοῦντες
1723 1939 1795 1975 αὐτῷ

971 1981 1079 2013 πάντες,
1105 1987 1153 2010 Δεῖ
1166 1983 1216 2022 γὰρ
1240 1983 1286 2010 τὸν
1307 1981 1439 2020 μὲλλοτνα
1459 1981 1660 2022 προϐιὸάζεσθαι
1688 1983 1725 2014 εἰς
1739 1982 1795 2011 ἐπι-

970 2026 1084 2064 σκοπὴν,
1130 2027 1180 2055 ὑπὸ
1217 2027 1369 2056 ἐπισκόπων
1412 2028 1569 2068 ψηφίζεσθαι
1586 2034 1594 2042 '
1617 2027 1704 2059 καθὼς
1750 2029 1795 2056 καὶ

970 2071 1041 2109 παρὰ
1063 2073 1115 2099 τῶν
1141 2070 1222 2110 ἆγίων
1258 2071 1382 2112 Πατέρων
1408 2075 1461 2100 τῶν
1493 2071 1520 2100 ἐν
1547 2071 1643 2108 Νικαίᾳ
1671 2071 1792 2112 ὥρισται,

971 2113 997 2142 ἐν
1026 2118 1064 2152 τῷ
1092 2116 1181 2144 κανόνι
1202 2119 1241 2153 τῷ
1261 2115 1378 2156 λέγοντι.
1403 2115 1564 2145 Ἐπίσκοπον
1584 2117 1713 2156 προσήκει
1734 2118 1790 2154 μά-

969 2158 1045 2187 λιστα
1061 2160 1109 2197 μὲν
1125 2160 1174 2189 ὑπὸ
1204 2161 1310 2189 πάντων
1337 2165 1390 2190 τῶν
1418 2161 1445 2190 ἐν
1472 2165 1506 2200 τῇ
1535 2160 1651 2201 ἐπαρχίᾳ
1664 2161 1792 2189 καθίστα-

969 2205 1026 2232 σθαι
1043 2213 1049 2220 '
1063 2205 1085 2232 εἰ
1099 2204 1126 2232 δὲ
1141 2204 1266 2245 δυσχερὲς
1294 2205 1340 2239 εἴη
1354 2209 1443 2244 τοῦτο,
1466 2206 1484 2240 ἣ
1512 2206 1554 2234 διὰ
1582 2206 1791 2245 κατεπείγουσαν

967 2248 1098 2288 ἀνάγκην,
1119 2249 1138 2284 ἢ
1152 2248 1194 2278 διὰ
1215 2252 1302 2287 μῆκος
1314 2249 1384 2289 ὁδοῦ,
1416 2251 1443 2284 ἐξ
1471 2251 1586 2282 ἅπαντος
1612 2257 1685 2290 τρεῖς
1701 2250 1745 2278 ἐπὶ
1759 2252 1791 2279 τὸ

965 2295 1028 2323 αὐτὸ
1054 2294 1256 2335 συναγομένους,
1299 2297 1449 2336 συμψήφων
1483 2295 1629 2335 γινομένων
1664 2296 1709 2323 καὶ
1734 2298 1790 2324 τῶν

962 2337 1094 2378 ἀπόντων,
1122 2339 1166 2367 καί
1207 2339 1394 2378 συντιθεμένων
1435 2339 1478 2368 διὰ
1498 2341 1675 2380 γραμμάτων,
1705 2339 1784 2368 τόντε

961 2388 1010 2418 τὴν
1024 2385 1186 2425 χειροτονίαν
1201 2387 1346 2416 ποιεῖσθαι.
1368 2387 1404 2415 Τὸ
1438 2385 1466 2414 δὲ
1487 2390 1565 2426 κῦρος
1592 2389 1646 2415 τῶν
1672 2386 1786 2426 γινομέ-

960 2441 1013 2457 νων
1054 2428 1166 2458 δίδοσθαι
1192 2429 1252 2458 καθ⁹
1281 2430 1395 2465 ἑκάστην
1427 2431 1559 2471 ἱπαρχίαν
1584 2442 1622 2468 τῳ
1643 2441 1785 2471 μητροπο-

960 2473 1021 2513 λίτῃ
1026 2495 1033 2503 .

1001 2519 1096 2559 Ἐώρτ.
1114 2513 1148 2552 ξ’.
1179 2521 1209 2549 οἱ
1235 2522 1283 2548 τοῦ
1307 2518 1426 2560 δευτέρου
1455 2531 1542 2560 γαμου
1569 2518 1676 2558 παῖδας,
1692 2521 1738 2549 καὶ
1759 2523 1784 2550 οἱ

960 2564 1012 2592 ἀπὸ
1027 2562 1150 2592 δουλίδων
1165 2565 1208 2593 καὶ
1239 2563 1383 2595 παλλακῶν
1411 2565 1563 2607 ταχθέντες,
1592 2565 1782 2601 ἀξιωθήσονται

959 2608 1116 2649 ἱερωσύνης,
1131 2608 1149 2643 ἢ
1165 2609 1194 2638 οὔ
1210 2618 1218 2649 ;

999 2653 1094 2683 ’Δπόκ.
1111 2655 1140 2683 οἱ
1156 2657 1203 2683 τοῦ
1216 2653 1334 2695 δευτέρου
1347 2655 1435 2696 γάμου
1461 2654 1555 2688 παῖδες
1570 2654 1597 2688 ἐξ
1611 2654 1714 2689 οὐδενὸς
1728 2655 1778 2684 λό-

753 2738 883 2772 VARI/ﬁ
899 2737 1117 2773 LEGTIONES.

127 2809 141 2831 ι’
156 2817 196 2840 αη
211 2816 296 2841 uoces
305 2812 468 2852 populares
481 2809 569 2851 sequi
581 2817 737 2850 cogamur.
