1946 3080
157 136 168 170 1
174 138 234 172 089

821 137 1177 175 GRIECO-ROMANUM.

1764 138 1843 173 1090

152 217 201 244 γου
237 206 383 236 κωλύονται
403 209 532 247 ἱερᾶσθαι.
561 203 591 238 ’0
620 209 670 248 γὰρ
699 208 741 237 ἐπὶ
765 213 812 238 τοῦ
839 212 964 249 Πορφυροι

1045 211 1156 238 atantur
1172 207 1265 238 sacris
1286 206 1441 238 ordinibus
1455 206 1581 240 initiari.
1597 204 1744 248 Synodica
1756 207 1835 238 enim

151 251 277 289 γεννήτω
311 253 356 280 καὶ
382 252 511 285 ϐασιλέως
553 253 640 293 κυρίου
687 253 882 283 Κωνσταντίνου
924 264 973 293 γε-

151 296 235 334 γονὼς
250 296 332 334 τόμος
346 295 480 329 συνοδικὸς
504 299 544 336 τῷ
563 297 661 337 πρώτῳ
685 297 764 336 γάμῳ
782 298 828 325 τὸν
855 296 972 338 δεύτερον

150 341 194 370 ἐπὶ
227 345 314 370 πᾶσαν
348 342 453 376 ἐξίσωσε
484 345 530 373 Διὸ
555 345 599 372 καὶ
637 344 781 377 ὃπεξούσιοι
810 343 972 384 κληρονόμοι

149 389 195 415 τοῦ
215 387 314 426 πατρός
330 388 406 419 εἰσιν.
422 387 505 417 Ἀλλὰ
525 389 573 418 καί
591 390 615 417 οἱ
648 388 701 417 ἀπὸ
722 387 845 417 δουλίδων
859 389 972 429 τεχθέν-

148 441 203 468 τες,
229 432 273 460 καὶ
313 431 457 472 ἐλευθερίας
485 432 649 473 ἀξιωθέντες,
672 433 797 464 ὡσαύτως
831 434 874 462 καὶ
904 435 927 462 οἱ
941 433 972 461 ἐκ

147 475 291 505 παλλακῶν
321 477 500 516 γεννηθέντες,
543 479 573 507 οὗ
607 477 805 513 κωλυῢήσονται
833 478 970 517 ἰερωθῆναι

147 522 179 548 Αἱ
193 521 243 560 γὰρ
270 521 383 559 μητέρες
411 522 496 550 αὐτῶν
515 522 657 561 ἐπιτιμίοις
679 522 856 562 πορνευόντων
875 523 971 551 ὑπέπε-

147 575 205 605 σον,
228 566 301 594 αὖτοὶ
321 565 348 593 δὲ
371 565 444 596 οὒδὲν
459 565 588 606 ἥμαρτον,
613 567 656 595 καὶ
683 565 726 594 διὰ
746 571 824 596 τοῦτο
837 565 894 596 οὐδὲ
909 567 971 595 ἐπι-

145 609 242 647 τιμίοις
270 610 433 643 ὐπόκεινται.
456 612 530 640 Κατὰ.
556 615 620 650 γοῦν
647 612 707 643 τοὺς
737 610 845 644 λοιποὺς
868 611 970 651 ἀνθρώ-

146 665 212 686 πους
237 657 298 686 ’τοὺς
321 654 403 693 μηδὲν
430 656 633 695 ἡμαρτηκότας,
661 656 705 684 καὶ
733 656 806 685 αὐτοὶ
835 658 914 694 τιμῆς
935 657 971 684 ἱε-

146 699 256 737 ρατίκῆς
271 700 338 727 κατὰ
348 699 461 732 κανόνας
483 699 684 735 ἀξιωθήσονται.

186 740 281 782 Ἐρώτ.
337 737 389 775 ξα’.
447 744 634 782 Ἀναγνώστης
690 745 760 784 παρὰ
823 744 971 784 ἡγουμένου

145 786 297 827 ἐπιτραπεὶς
343 786 442 815 διέπειν
477 789 601 826 κτήματα
649 790 858 829 μοναστηριακά,
901 789 969 817 θέλει

143 833 322 871 προκαθῆσθαι
350 835 403 860 τῶν
431 831 519 861 ἐκεῖσε
548 832 630 862 ὄντων
661 833 761 873 ἱερέων,
794 835 837 862 καὶ
868 833 969 863 λοιπῶν

143 875 290 916 κληρικῶν,
323 877 366 905 καὶ
395 876 422 905 ἐν
443 884 505 909 ταῖς
534 878 617 918 ἱεραῖς
652 877 796 917 ἁγιστείαις
825 879 892 917 μετὰ
923 880 968 907 τὸν

142 921 290 960 ἡγούμενον
318 922 539 960 μνημονεύεσθαι.
580 921 688 962 Ἐρωτῶ
724 924 808 952 τοίνυν
836 925 932 962 μαοοῖν
946 924 967 952 εἰ

142 968 231 997 καλῶς
246 966 304 1004 περὶ
325 965 416 994 τούτου
431 965 593 1007 φιλονεικεῖ.

184 1009 280 1041 Ἀπόκ,
312 1009 388 1043 Τάξις
417 1011 525 1051 συνέχει
553 1011 586 1039 τὰ
607 1011 712 1051 οὗράνια
738 1012 782 1041 καὶ
802 1013 835 1040 τὰ
850 1013 965 1053 ἐπίγεια,

143 1055 191 1082 Διὸ
206 1055 251 1083 καὶ
279 1055 293 1082 6
316 1055 408 1093 Κύριος
436 1056 515 1093 ἡμῶν
545 1054 646 1089 Ἰησοῦς
669 1057 793 1096 Χριστὸς,
823 1059 870 1090 τῆς
886 1069 965 1086 κενο-

140 1097 226 1132 δοξίας
262 1098 430 1127 ἀναστέλλων
457 1099 506 1133 τὴν
533 1101 713 1138 ματαιότητι,
746 1095 834 1130 ιὈταιν
863 1101 964 1141 κληθῇς

140 1144 179 1175 εἰς
207 1144 292 1182 γέμον
317 1143 368 1172 ὑπό
392 1154 473 1182 τινος,
504 1144 611 1184 ἔφησεν,
641 1146 677 1177 εἱς
706 1145 899 1186 πρωτοκλισίας
914 1148 964 1175 τά-

139 1199 229 1222 πητας
251 1188 290 1225 μὴ
311 1187 466 1229 ἆνακλιθῇς,
481 1188 541 1216 ἀλλ’
570 1190 606 1221 εἰς
630 1189 744 1230 ἔσχατον
767 1191 848 1219 τόπον
870 1191 967 1220 ἀνάπε-

138 1244 187 1261 σον
211 1240 217 1247 ·
240 1232 284 1261 ἵνα
312 1232 428 1271 ἀκούσῃς
466 1234 538 1273 παρὰ
563 1237 609 1262 τοῦ
636 1234 801 1268 κεκληκότος
817 1246 845 1263 σε
863 1244 871 1252 ·
888 1236 962 1277 Φίλε,

137 1276 331 1317 προσανάϐηθι.
382 1278 432 1306 Καὶ
458 1277 541 1311 οὕτως
571 1277 642 1307 ’ἐσται
678 1291 719 1308 σοι
761 1279 822 1313 δόξα
861 1276 964 1316 πολλήξ

140 1317 171 1351 (Ο
202 1325 264 1361 γοῦν
289 1324 376 1356 ζητῶν
410 1321 582 1361 ἆναγνώστης
615 1324 665 1362 πρὸ
707 1324 761 1352 τῶν
781 1324 871 1355 ἱερέων
897 1327 963 1354 καθ-

137 1366 228 1403 ῆσθαι,
244 1366 288 1394 καὶ
309 1367 377 1404 μετὰ
405 1367 451 1394 τὸν
485 1367 632 1406 ἡγούμενον
668 1369 888 1406 μνημονεύεσθαι,
905 1377 964 1403 τοῖς

139 1415 283 1450 Κυριακοῖς
318 1411 512 1450 ἐναντιοφρονεῖ
537 1411 769 1451 παραγγέλμασιν,
800 1414 830 1442 Εἰ
848 1413 875 1442 δὲ
896 1416 964 1444 κατὰ

136 1455 188 1508 τὴν
204 1454 328 1508 διήγησιν
355 1466 402 1508 σου
425 1455 440 1483 6
461 1455 633 1508 évayvdin'qc
661 1457 803 1508 εἶςχώραν
824 1457 961 1508 ἐπιδημεῖ,
972 1481 993 1508 C

135 1499 337 1539 καθηγουμένου
363 1499 445 1528 τόπον
487 1499 660 1540 ἀναπληρῶν,
690 1500 831 1535 ἀκινδύνως
861 1502 961 1540 μᾶλλον

135 1543 166 1572 δὲ
201 1543 279 1577 ἀξίως
306 1543 453 1584 φιλονεικεῖ
481 1545 531 1584 πρὸ
559 1547 612 1574 τῶν
637 1546 727 1586 ἱερέων
755 1548 894 1581 καθῆσθαι,
919 1549 962 1576 καὶ

135 1589 360 1627 μνημονεύεσθαι,
376 1589 412 1621 ὼς
438 1589 520 1617 τόπον
550 1589 657 1630 ἐπέχων
698 1594 744 1619 τοῦ
772 1591 961 1631 ἐπιτρέψαντος

135 1635 223 1675 αὐτῷ.
246 1634 277 1661 τὸ
305 1632 496 1673 λειτουργημα.
534 1634 584 1663 Καὶ
617 1636 773 1675 παρίσταται
807 1640 884 1666 τοῦτο
908 1638 961 1666 ἀπὸ

134 1681 183 1706 τοῦ
197 1673 223 1714 ζ’
243 1678 353 1711 κανόνος
379 1679 428 1712 τῆς
469 1678 496 1707 ἐν
524 1673 720 1717 Τρούλλῳ’τοῦ
747 1681 864 1720 μεγάλου
877 1681 964 1710 παλα.

136 1722 193 1752 νίου
219 1723 354 1757 συστάσης
383 1723 460 1762 ἁγίας
488 1723 532 1751 καὶ
560 1724 745 1762 οἰκουμενικῆς
780 1720 822 1762 ς’
856 1725 963 1755 συνόδου

134 1767 165 1795 ἐν
201 1767 273 1807 μέρει
308 1773 390 1798 ταῦτα
421 1766 571 1800 διεξιόντος.
623 1770 820 1809 Μεμαθιίκαμεν
849 1770 876 1800 ἕν
909 1782 963 1800 τισι

134 1814 190 1840 τῶν
219 1811 386 1846 Ἐκκλησιῶν
409 1811 541 1845 διακόνους
569 1813 641 1846 τινὰς
669 1813 789 1851 αὐθαδείᾳ
817 1815 861 1844 καὶ
883 1818 962 1846 αὖτο-

134 1856 216 1895 νομίᾳ
244 1857 439 1898 κεχρημένους,
475 1860 576 1896 τολμᾷν
610 1859 661 1898 πρὸ
697 1861 750 1887 τῶν
783 1859 962 1901 πρεσϐυτέριον

133 1902 300 1942 καθέζεσθαι,
345 1925 353 1933 .
398 1926 406 1934 .
451 1910 459 1919 ⁸
506 1924 514 1932 .
569 1923 578 1932 .

133 1946 211 1979 ἐκτὸς
227 1948 250 1975 εἰ
278 1947 317 1985 μὴ
347 1947 377 1975 τὸ
412 1947 553 1985 πρόσωπον
575 1947 683 1989 ἐπέχων
707 1954 754 1979 τοῦ
780 1950 874 1979 οἰκείου
902 1962 959 1979 πα-

133 1993 274 2037 τριάρχου,
304 1992 322 2027 ἢ
350 1992 557 2037 μητροπολίτου,
572 1993 600 2021 ἐν
634 1994 710 2035 ἑτέρᾳ
735 1994 813 2024 πόλει
841 1997 957 2037 παραγί-

132 2047 226 2077 νηται,
242 2036 285 2065 ἐπί
297 2047 348 2066 τινι
363 2036 509 2077 κεφαλαίῳ.
539 2038 605 2067 Τότε
625 2039 686 2079 γὰρ,
716 2040 752 2072 ὡς
786 2041 832 2069 τὸν
860 2040 958 2071 ἐκείνου

132 2081 216 2110 τόπον
241 2081 412 2122 ἀναπληρῶν,
436 2083 621 2123 τιμηθήσετρι.

631 1926 638 1933 ι
684 1927 692 1935 ο
738 1925 747 1934 ο
792 1928 800 1936 ο
843 1925 852 1935 ι
898 1929 906 1937 ι
950 1927 958 1935 ο

1015 251 1139 288 decisio,
1156 251 1231 282 facta
1247 256 1339 292 tempt
1348 260 1380 282 re
1408 251 1598 291 imperatoris
1622 251 1735 282 domini
1757 252 1836 282 Con-

1014 296 1134 327 stantini
1149 296 1244 336 Porph
1250 306 1259 336 _t
1268 300 1447 335 rogennetze,
1457 296 1562 337 primis
1574 296 1686 336 nuptiis
1692 296 1838 327 secundas

1013 339 1043 371 in
1059 340 1197 371 omnibus
1214 340 1386 381 exaequavit.
1412 340 1542 381 Ideoque
1571 345 1599 371 et
1627 340 1674 371 sui
1702 340 1837 371 haeredes

1013 389 1082 415 sunt
1096 385 1182 426 patri.
1210 384 1269 416 Sed
1292 389 1322 416 et
1344 385 1394 424 qui
1423 394 1457 416 ex
1472 385 1587 416 ancillis
1602 386 1672 422 nati,
1690 389 1720 416 et
1734 384 1836 416 donati

1012 429 1159 468 libertate,
1177 430 1298 471 parique
1314 430 1416 466 modo,
1428 429 1478 470 qui
1490 438 1525 460 ex
1546 429 1721 462 concuhinis
1731 429 1834 469 geniti,

1013 483 1072 505 non
1088 478 1223 506 vetantur
1243 474 1365 505 sacrari.
1391 474 1500 505 Matres
1526 475 1603 505 enim
1621 483 1723 505 eorum
1740 474 1835 514 penis

1012 519 1204 550 scortantium
1228 519 1422 550 succiderunt
1435 525 1461 556 α,
1477 518 1533 559 ipsi
1555 522 1653 549 autem
1668 518 1742 549 nihil
1758 518 1834 549 deli-

1012 568 1140 604 querunt
1157 575 1164 596 :
1178 563 1373 605 quamobrem
1388 573 1444 595 nec
1461 563 1556 604 pcenis
1573 563 1784 602 subjiciuntur.
1797 563 1836 595 Ut

1011 608 1118 649 reliqui
1133 608 1222 648 igitur
1237 608 1384 646 homines,
1401 607 1453 648 qui
1469 608 1542 638 nihil
1555 612 1725 648 peccarunt,
1743 608 1835 639 hono-

1011 661 1074 684 rem
1084 653 1297 684 sacerdotalem
1305 653 1469 684 secundum
1479 661 1608 684 canones
1614 658 1835 693 consequentur

1013 701 1042 728 et
1057 697 1125 738 ipsi.

1050 742 1162 774 Interr.
1180 742 1229 774 61.
1247 743 1353 774 Lector
1368 745 1512 783 potestate
1523 751 1540 773 a
1555 741 1655 783 priore
1669 741 1685 763 ἀ
1699 746 1832 783 accepta,

1011 786 1239 817 administrandi
1270 787 1474 826 possessiones
1508 786 1744 824 monasteriales,
1775 787 1835 817 vult

980 819 1000 844 Β
1011 831 1181 871 praacedere
1196 819 1377 869 sacerdotes,
1403 835 1432 862 et
1446 830 1520 862 alios
1534 831 1661 862 clericos
1676 819 1834 862 illic'exsi—

1009 879 1131 912 stentes,
1149 879 1178 907 et
1190 875 1219 906 in
1231 877 1340 906 sanctis
1348 875 1502 906 sacriﬁciis
1512 879 1578 916 post
1591 875 1763 916 praefectum
1779 885 1834 907 seu

1009 920 1141 960 priorem
1151 927 1175 960 θ,
1190 922 1504 951 commemorationem
1520 919 1566 950 sui
1582 919 1658 951 ﬁeri.
1675 918 1781 956 Quaero
1795 929 1833 952 an

1008 969 1088 995 recte
1107 965 1145 995 de
1160 974 1197 1005 ου
1210 965 1382 996 contendat.

1048 1009 1138 1049 Resp.
1168 1007 1248 1041 Ordo
1276 1009 1407 1040 coelestia
1435 1013 1465 1040 et
1494 1009 1647 1040 terrestria
1687 1009 1831 1040 continet.

1006 1052 1136 1094 Ideoque
1165 1053 1308 1084 Dominus
1339 1058 1441 1085 noster
1466 1054 1555 1084 Jesus
1583 1052 1719 1084 Christus
1733 1052 1832 1084 inanis

1006 1097 1107 1137 gloriae
1120 1098 1276 1129 vanitatem
1292 1097 1469 1138 reprimens,
1497 1098 1570 1129 Cum
1591 1102 1711 1129 vocatus
1726 1097 1829 1136 fueris,

1007 1142 1113 1183 inquit,
1130 1142 1166 1173 ad
1195 1141 1313 1182 nuptias
1340 1142 1377 1173 ab
1404 1142 1517 1183 aliquo,
1547 1151 1585 1173 ne
1608 1142 1829 1174 discumbasad

1007 1187 1098 1227 primi
1110 1186 1262 1227 accubitus
1287 1190 1411 1227 tapetes,
1442 1187 1495 1218 sed
1519 1186 1661 1218 recumbe
1676 1187 1706 1218 in
1725 1187 1829 1218 ultimo

1006 1231 1090 1262 loco:
1108 1236 1140 1262 ut
1154 1231 1257 1262 audias
1278 1230 1315 1262 ab
1341 1240 1377 1263 eo
1402 1231 1453 1272 qui
1482 1235 1510 1262 te
1535 1231 1690 1263 invitavit:
1712 1231 1828 1268 Amice,

1005 1275 1133 1307 ascende
1159 1275 1307 1316 superius.
1338 1275 1373 1313 Et
1400 1277 1441 1306 ita
1469 1276 1527 1307 erit
1547 1276 1600 1307 tibi
1615 1276 1707 1316 gloria
1724 1276 1826 1307 multa.

1005 1321 1115 1352 Lector
1141 1319 1229 1360 igitur
1257 1320 1358 1351 volens
1386 1325 1455 1351 ante
1478 1321 1650 1352 sacerdotes
1664 1320 1782 1361 sedere,
1799 1324 1830 1352 et

1005 1369 1068 1405 post
1087 1366 1256 1405 praefectum
1268 1364 1527 1403 lcommemorari,
1546 1364 1707 1396 Dominicis
1726 1365 1828 1396 adver-

1006 1412 1086 1440 satur
1096 1410 1262 1450 praeceptis.
1288 1409 1370 1446 Quod
1386 1409 1422 1447 si,
1439 1410 1689 1450 quemadmodum
1711 1419 1825 1448 narras,

1005 1453 1144 1494 lectorZin
1167 1454 1290 1494 regione
1315 1454 1530 1494 peregrinatur,
1555 1454 1685 1495 praefecti
1703 1454 1828 1486 locums

1004 1497 1142 1540 imptens,
1160 1500 1226 1530 sine
1241 1499 1385 1539 periculo,
1399 1499 1443 1530 vel
1457 1499 1557 1540 potius
1569 1499 1686 1533 merito.
1701 1504 1827 1531 conten-

1003 1543 1044 1574 dit
1060 1548 1128 1576 ante
1144 1546 1315 1576 sacerdotes
1326 1545 1432 1576 sedere
1448 1545 1727 1583 etcommemorari,
1739 1545 1830 1580 veluti

1001 1588 1101 1620 locum
1129 1589 1284 1621 obstinens
1312 1590 1388 1630 ejus,
1414 1589 1466 1630 qui
1494 1590 1641 1621 mandavit
1662 1590 1689 1622 ei
1707 1599 1826 1622 munus.

1002 1633 1095 1674 idque
1109 1634 1275 1665 ostenditur
1289 1643 1306 1665 θ
1321 1643 1433 1665 canone
1448 1634 1574 1675 septimo
1587 1639 1699 1666 sanctae
1708 1638 1826 1666 etmcu-

1004 1678 1128 1709 menicw
1143 1682 1233 1709 sextae
1246 1679 1361 1719 synodi,
1374 1683 1559 1719 congregata:
1569 1679 1600 1710 in
1614 1679 1715 1711 Trullo
1728 1679 1828 1720 magni

1005 1723 1116 1764 palatii,
1133 1723 1195 1754 haec
1211 1723 1241 1754 in
1272 1728 1355 1763 parte
1378 1724 1584 1765 persequentis
1601 1732 1608 1755 :
1625 1723 1659 1755 In
1676 1725 1828 1756 nonnullis

1004 1767 1146 1799 Ecclesiis
1175 1768 1316 1799 diacones
1352 1768 1449 1799 ofﬁcia
1484 1768 1687 1800 ecclesiastica
1715 1769 1827 1800 habere

1005 1813 1181 1844 didicimus:
1199 1818 1229 1844 et
1241 1823 1276 1844 ex
1292 1813 1347 1845 hoc
1364 1813 1521 1844 nonnullos
1533 1823 1647 1854 eorum,
1660 1814 1828 1854 arrogantia

1004 1862 1034 1890 et
1048 1857 1168 1889 licentia
1181 1858 1273 1889 fretos
1283 1862 1351 1890 ante
1363 1857 1551 1899 presbyteros
1571 1858 1697 1889 sedere:
1719 1859 1826 1890 statui-

1002 1912 1079 1942 mus,
1092 1906 1123 1933 ut
1138 1902 1292 1943 diaconus,
1311 1902 1427 1934 etiamsi
1442 1903 1473 1933 in
1497 1902 1650 1942 dignitate,
1677 1902 1707 1933 id
1723 1907 1777 1941 est,
1796 1903 1825 1935 iu

1001 1947 1103 1988 quovis
1118 1947 1156 1978 sit
1184 1947 1281 1979 ofﬁcio
1297 1947 1507 1985 ecclesiastica,
1534 1951 1603 1978 ante
1618 1946 1824 1987 presbyterum

999 2002 1037 2023 ne
1048 1992 1150 2024 sedeat
1165 2002 1172 2023 :
1188 1992 1442 2033 praeterquam,sit
1452 1992 1564 2033 proprii
1574 1991 1759 2033 patriarcbze,
1778 1996 1827 2028 vel

999 2037 1222 2079 metropolitani
1245 2037 1340 2069 vicem
1355 2046 1474 2078 gerens,
1490 2037 1567 2068 adsit
1581 2037 1612 2068 in
1627 2037 1685 2068 alia
1703 2037 1823 2068 civitate

999 2091 1090 2123 super
1117 2082 1216 2123 aliquo
1242 2082 1349 2123 capite.
1379 2081 1464 2114 Tunc
1489 2081 1570 2112 enim
1584 2086 1615 2112 ut
1630 2082 1727 2113 locum
1743 2081 1824 2113 illius

1000 2126 1039 2157 im
1044 2127 1140 2167 piens,
1157 2127 1368 2159 honorabitur.

174 2170 272 2211 Ἐρώτ.
308 2165 361 2209 ξβ’.
404 2169 609 2212 ’Λγροικώτερος
656 2173 738 2213 ἱερεὺς
780 2174 826 2202 εὰν
873 2175 959 2215 τρίτου

1045 2165 1151 2204 inter}.
1167 2173 1218 2205 62.
1230 2172 1382 2213 Agrestior
1393 2173 1536 2204 sacerdos
1547 2172 1571 2204 si
1580 2172 1660 2204 tertii
1670 2171 1823 2203 matrima.

132 2216 222 2256 γάμου
262 2215 409 2255 ἱερολογίαν
449 2217 563 2256 ποιήσῃ,
612 2218 662 2252 τὴν
701 2219 871 2259 τριτογαμίαν
919 2221 959 2248 εἷ-

133 2260 199 2301 δὼς,
229 2260 384 2298 κολασθειη,
413 2260 431 2296 ἢ
460 2262 496 2294 ὡς
519 2267 649 2303 χωριτης,
687 2264 847 2303 συγγνώμης
877 2263 958 2298 ἀξιω-

132 2306 242 2340 θήσεται
256 2314 265 2346 ;

175 2348 272 2381 Ἀπόκ.
300 2344 329 2378 Ὀ
369 2349 418 2388 μὲν
453 2351 552 2391 φάκτον
579 2351 724 2391 ἀγνοήσας,
764 2355 821 2387 οἶος
856 2353 888 2382 ἂν
914 2356 958 2383 καὶ

131 2394 216 2432 ἔστιν,
245 2393 358 2427 ἀξιοῦται
386 2396 455 2423 κατὰ
482 2395 577 2434 νόμους
604 2397 757 2436 συγγνώμις
781 2408 788 2415 ·
813 2399 828 2427 6
854 2397 882 2427 δὲ
910 2399 958 2428 νό-

132 2451 185 2478 μον
218 2439 364 2480 ἀγνοήσας,
398 2441 614 2480 συγγινώτκεται,
644 2438 720 2471 Ἐπεὶ
758 2441 786 2471 δὲ
821 2442 873 2472 ἀπὸ
908 2443 958 2478 τῆς

133 2487 235 2524 Νεαρᾶς
261 2484 412 2522 νομοθεσίας
453 2490 499 2515 τοῦ
546 2485 665 2525 ἀοιδίμου
701 2486 832 2526 βασιλέως
870 2489 959 2529 κυρίου

132 2529 331 2574 Κωνσταντίνου
371 2533 418 2558 τοῦ
452 2532 698 2570 Πορφυρογεννήτου
739 2533 753 2561 6
789 2533 874 2573 τρίτος
906 2534 959 2574 γά-

132 2585 185 2611 μος
205 2576 245 2608 πῆ
266 2573 315 2612 μὲν
344 2575 525 2614 συγγνωστέος
553 2575 620 2616 ἐστὶ,
650 2579 689 2610 πῆ
717 2575 745 2605 δὲ
772 2577 959 2618 ἀσύγγνωστος

130 2618 169 2658 (οἱ
185 2619 235 2659 γὰρ
263 2618 371 2658 ἔχοντες
390 2618 492 2653 ,παῖδας
521 2619 552 2649 ἐκ
584 2621 690 2661 πρώτου
714 2621 733 2656 ἢ
761 2621 880 2663 δευτέρου
907 2624 957 2663 γά-

1002 2217 1043 2248 nii
1058 2226 1172 2249 sacram
1184 2217 1424 2249 benedictionem
1433 2217 1532 2249 sciens
1541 2217 1656 2256 fecerit,
1670 2216 1823 2258 punietur,

1000 2270 1049 2300 an,
1067 2268 1099 2292 ut
1111 2260 1254 2300 rusticus,
1271 2261 1386 2293 veniam
1402 2261 1567 2293 merebitur
1581 2261 1593 2292 ’ἰ

1038 2350 1126 2391 Resp.
1135 2350 1191 2387 Qui
1200 2351 1649 2392 factumignoratqualiscunque
1655 2350 1824 2391 sit,legibus

999 2399 1155 2428 excusatur
1171 2407 1178 2427 :
1195 2396 1247 2437 qni
1270 2400 1369 2427 autem
1385 2396 1480 2436 legem
1492 2395 1615 2436 ignorat.
1634 2395 1748 2426 veniam
1766 2405 1825 2426 non

999 2440 1200 2482 consequitur.
1214 2441 1360 2478 Quoniam
1373 2445 1471 2472 autem
1484 2440 1604 2472 Novella
1614 2439 1824 2471 constitutione

1001 2485 1102 2526 inclyti
1117 2485 1316 2526 imperatoris,
1327 2485 1441 2516 domini
1457 2484 1645 2517 Constantini
1661 2486 1824 2525 Porpher-

1002 2535 1148 2572 gennetae,
1165 2530 1258 2562 tertiae
1282 2530 1394 2571 nuptias
1410 2530 1514 2571 partim
1530 2533 1600 2561 sunt
1613 2529 1698 2561 venia
1714 2529 1822 2569 dignae,

1001 2577 1107 2618 partim
1134 2576 1258 2607 minime
1282 2577 1362 2615 (nam
1391 2574 1442 2616 qui
1457 2584 1492 2606 ex
1507 2574 1614 2616 primo,
1629 2574 1674 2605 vel
1689 2573 1822 2605 secundo

1000 2621 1189 2654 matrimonio
1200 2620 1310 2653 habent
1325 2619 1448 2661 liberos,
1459 2620 1547 2660 etqui
1563 2618 1821 2661 quadragesimum

805 2711 918 2745 VARIE
940 2711 1152 2745 LEGTIONES.

174 2789 185 2806 c
199 2773 332 2804 obnoxia
344 2773 483 2813 fuerunt.
506 2774 519 2796 α
532 2773 571 2806 ab
584 2774 704 2808 abbate.
720 2779 732 2795 ο
740 2780 810 2816 post
821 2777 970 2810 abbatem.
987 2777 998 2798 ¹
1009 2777 1158 2809 abbatem.
1174 2781 1190 2803 ε
1200 2775 1316 2807 abbatis
1330 2777 1430 2807 vivens
1442 2784 1558 2816 gerens.
