1946 3080
212 99 287 132 1091
900 97 966 130 JUS
987 97 1034 129 CA

1118 96 1210 128 [CUM
1826 92 1896 126 109!

207 165 305 198 aetatis
320 174 433 198 annum
447 169 650 206 excesserunt,
666 165 767 198 tertias
782 165 959 197 contrahere
975 173 1034 196 non

1118 174 1137 200 i,
1153 163 1198 191 καὶ
1211 163 1235 191 οἱ
1250 162 1458 202 τεσσαρακοστὸν
1473 161 1571 202 χρόνον
1605 163 1654 196 τῆς
1682 159 1787 195 ἡλικίας
1816 163 1897 191 nimim

209 215 342 252 possunt)
357 220 364 242 :
377 210 507 242 dicimus
519 205 716 248 sacerdotem,
728 211 777 252 qui
785 210 955 251 hujusmodi
963 209 1034 241 veti-

1118 206 1298 248 εραναϐάντες,
1341 207 1427 246 τρίτον
1468 205 1653 235 συνολλάττειν
1696 207 1725 234 οἱ
1751 205 1894 242 ὃύνανταιΓ

210 251 308 286 tarum
325 255 493 296 uuj‘tiarnm
505 251 746 287 benedictionem
758 255 874 292 fecerit,
885 254 1034 296 deponen-

1118 252 1163 290 μὲν
1190 251 1230 280 ὅτι
1252 253 1266 280 ὁ
1284 252 1403 280 τοιούτου
1431 251 1615 289 κεκωλυμένου
1643 251 1731 290 τρίτου
1750 251 1836 290 γάμου
1849 252 1896 278 ἱε-

209 301 279 332 dum
297 309 364 332 esse
382 310 389 332 :
406 300 472 341 ejus
487 300 567 332 enim
597 309 697 332 crassa
709 304 753 331 est
768 299 842 340 legis
857 295 1034 339 ignorantia.

1118 297 1199 336 λογίαν
1234 297 1389 330 πεποιηκώς
1421 296 1515 337 ἱερεὺς,
1538 296 1704 336 καθαιρετέος
1728 297 1796 325 εστίν
1812 306 1820 313 ⁶
1846 308 1896 324 πα-

211 344 323 376 Rustici
336 340 434 376 autem
450 345 475 376 si
490 344 682 376 subtilitatem
696 344 770 384 legis
781 344 928 385 ignorent,
946 345 1034 375 inter-

1118 352 1182 375 τητα
1197 341 1247 380 γὰρ
1270 341 1352 379 νόμου
1378 341 1521 381 ἠγνόησεν.
1551 342 1581 370 Οἱ
1610 340 1637 369 δὲ
1659 348 1786 382 χωρῖται,
1803 340 1899 369 λεπτός

211 389 282 420 dum
298 393 488 429 excusantur,
505 399 564 421 non
591 393 700 426 tamen,
717 389 742 420 si
756 388 895 420 omnibus
909 388 1036 420 manife-

212 438 257 466 sta
268 435 348 475 jura.

252 479 372 511 Interr.
381 479 430 511 63.
439 478 546 511 Mulier
552 479 685 520 quaedam
693 488 710 510 a
719 478 841 520 prOprio
849 483 931 518 patre
938 481 1037 509 coacta

211 524 342 564 legitime
357 523 497 564 conjungi
514 523 588 562 viro,
605 528 635 555 et
650 524 752 555 videns
768 523 951 562 obligatoriis
965 522 1038 554 scri-

212 569 269 610 ptis
281 568 452 609 conjugium
469 578 487 599 a
503 572 584 609 patre
600 568 761 609 munitum,
791 567 941 608 indicavit,
958 567 1036 608 quod

210 617 292 645 recte
306 614 414 646 factum
445 617 521 651 erat,
551 612 670 644 cuidam
699 612 841 644 amatorie
857 621 926 652 erga
942 612 1034 653 ipsam

211 659 330 690 aﬂ'ecto.
345 657 399 689 Hic
409 661 522 699 autem,
534 661 566 688 ut
578 657 693 698 perdite
701 666 816 698 amans,
829 656 901 688 nihil
912 660 1036 688 cuncta-

211 708 270 744 tus,
285 712 352 733 cum
368 702 520 733 nonnullis
548 703 592 733 rei
619 702 731 741 ignaris
758 701 957 733 familiaribus
973 701 1036 732 suis

1077 397 1146 420 τητα
1163 386 1243 424 νόμου
1258 386 1422 425 ἠγνοηκότες
1442 385 1523 414 ἐνίοτε
1544 386 1781 425 συγγινώσκονται,
1805 386 1836 414 οὗ
1850 386 1898 424 μὴν

1078 432 1110 459 τὰ
1123 433 1187 467 πᾷσι
1203 429 1270 464 δῆλα
1286 431 1398 469 νόμιμα,

1119 474 1214 515 Ἐρώτ,
1252 470 1302 515 ξγ’.
1335 476 1403 511 Γυνή
1433 486 1473 507 τις
1515 475 1717 515 ἆναγκαζομένη
1858 478 1899 503 τοῦ

1078 520 1174 549 οἰκείου
1208 521 1306 560 πατρὸς
1357 520 1477 558 νομίμως
1529 521 1705 559 συζευχθῆναι
1741 519 1822 560 ἀνδρὶ,
1860 520 1898 548 καὶ

1077 564 1210 604 βλέπουσα
1238 564 1272 592 δι’
1314 565 1452 605 ἐγγράφων
1487 564 1657 603 ὃεσμωτικῶν
1696 565 1745 599 τήν
1782 565 1899 603 συζυγίαν

1077 610 1128 638 ὑπὸ
1151 614 1197 639 τοῦ
1224 610 1322 650 πατρὸς
1350 609 1574 651 ἆσφαλιζομένην,
1605 610 1713 648 μήνυμα
1735 609 1808 638 ἔθετο
1838 609 1898 647 πρὸς

1077 665 1136 682 τινα
1163 653 1326 691 διακείμενον
1353 654 1485 693 ἐρωτικῶς
1510 656 1575 694 πρὸς
1609 654 1691 688 αὒτὴν
1718 658 1764 683 τοῦ
1791 654 1898 694 γινομέ-

1078 710 1123 728 νου
1137 698 1229 728 καλου.
1248 695 1277 728 ’0
1303 697 1342 734 δὲ,
1371 697 1454 736 μηδὲν
1483 698 1631 739 μελλήσας,
1659 700 1695 731 ὡς
1710 699 1898 738 ἐρωτομανῶν,

210 742 298 779 nocte
307 747 434 788 quadam
446 747 478 777 in
490 746 624 778 mulieris
633 746 817 778 domicilium
828 746 946 787 irrupit,
959 755 1034 777 cam-

1118 743 1145 771 τςί
1173 755 1251 772 τινων
1287 742 1451 772 ἀπαιδεύτων
1484 744 1602 779 συνήθων
1643 745 1715 781 αὖτῷ
1751 744 1778 772 ἐν
1806 744 1899 781 ἑσπερᾷ

210 801 268 833 que
281 785 428 823 volentem
457 791 566 832 rapuit,
593 791 777 832 abduxitque
804 785 926 822 domum
938 799 1034 828 suam,

1118 789 1188 825 ᾗτὴν
1211 788 1258 822 τῆς
1273 789 1396 828 γυναικὸς
1420 789 1555 817 κατοικίαν
1583 787 1712 817 κατέλαϐε
1729 796 1737 804 ‘
1763 788 1807 817 καὶ
1836 789 1898 816 ταύ-

210 837 288 868 intra
312 835 387 867 ﬁnes
413 835 487 867 alius
518 836 660 867 territorii
688 836 775 867 sitam
801 835 917 874 Quaero,
934 844 972 866 an
986 834 1038 876 qui

212 881 300 930 talem
310 884 427 921 raptum
441 880 535 930 moliti
548 885 628 919 sunt,
642 880 755 930 possint
767 889 819 930 per
827 889 939 911 sacram
948 878 1037 930 bene
1056 880 1058 882 ’

212 925 374 956 dictionem
386 925 530 956 canonice
539 925 691 965 conjungi:
704 924 842 964 maxime,
855 933 921 955 cum
931 923 1038 965 puellae

213 973 351 1010 parentes
365 969 440 1000 illud
457 969 546 1001 modo
562 969 628 1001 ﬁeri
642 969 744 1001 velint.

251 1102 484 1143 Rcsp.Tertium
496 1103 631 1144 caput58
641 1103 684 1133 tit.
698 1102 740 1134 lib
752 1102 790 1135 60
802 1101 960 1141 Basilicon,
973 1102 1036 1134 haec

210 1148 251 1179 ait
267 1147 452 1179 nominatim.
470 1147 514 1178 Ne
529 1147 619 1178 nubat
643 1151 726 1189 rapta
754 1147 879 1188 raptori.
895 1147 954 1178 Sed
968 1151 997 1178 et
1009 1147 1035 1178 si

210 1192 259 1223 tali
275 1191 411 1232 conjugio
423 1197 562 1233 parentes
575 1193 640 1232 ejus
656 1192 853 1232 consentiant,
866 1191 969 1223 exsilio
978 1192 1034 1223 cir-

209 1236 459 1268 cumscribuntur.
473 1236 559 1268 Et27
572 1246 666 1268 canon
678 1240 788 1268 sanctae
800 1240 830 1268 et
841 1236 1034 1268 (θωπιοοὶοω

209 1285 321 1322 quartae
335 1281 439 1321 synodi
450 1281 513 1312 haec
525 1281 621 1322 inquit
632 1290 640 1313 :
653 1290 717 1322 eos,
726 1282 778 1322 qui
787 1281 907 1312 nomine
922 1281 1031 1321 conju-

209 1325 250 1365 gii
265 1325 406 1357 mulieres
426 1325 556 1366 rapiunt,
576 1325 621 1356 vel
637 1334 723 1366 opem
739 1325 838 1357 ferunt
852 1334 886 1357 ac
901 1334 1031 1357 consen-

210 1371 286 1401 tiunt
300 1370 348 1408 iis,
360 1369 410 1410 qui
434 1369 570 1410 rapiunt;
592 1370 845 1410 staluitsynodus,
855 1369 881 1401 si
892 1370 951 1400 sint
964 1370 1032 1411 qui-

209 1414 278 1446 dem
303 1414 416 1455 clerici,
447 1414 568 1455 proprio
583 1414 679 1454 gradu
694 1414 832 1445 excidere
850 1425 856 1444 :
873 1415 919 1445 sin
933 1419 1031 1446 autem

1077 833 1128 867 τὴν
1144 832 1244 874 ἥρπασε
1268 832 1406 873 θέλουσαν,
1437 833 1480 861 καὶ
1501 832 1639 873 ἀπήγαγεν
1662 833 1698 865 εἷς
1726 833 1776 867 τὴν
1808 844 1899 861 κατοι-

1078 879 1136 907 κίαν
1168 879 1259 916 αυτοῦ,
1287 878 1456 917 διακειμένην
1491 879 1527 910 εἷς
1556 879 1645 919 ἑτέρου
1688 879 1790 919 χωρίου
1825 890 1900 918 περι-

1069 923 1161 964 οχήν.
1179 923 1288 963 Ἐρωτῶ
1322 923 1366 952 οὖν
1394 925 1489 961 μαθεῖν
1517 923 1539 951 εἰ
1567 922 1687 951 δύνανται
1700 924 1742 952 διὰ
1756 923 1900 964 ἱερολογίας

1081 971 1225 1000 κανονικῶς
1240 970 1400 1008 συναφθῆναι
1429 969 1452 996 οἱ
1468 967 1538 996 οὕτω
1563 969 1614 1002 τὴν
1641 969 1764 1002 τοιαύτην
1779 968 1900 1008 ἁρπαγήν

1081 1013 1298 1045 συσκευάσαντες.
1330 1013 1378 1042 Καὶ
1405 1013 1429 1041 οἱ
1459 1019 1548 1052 γονεῖς
1577 1013 1627 1053 γὰρ
1648 1015 1698 1047 τῆς
1720 1015 1847 1054 γυναικὸς
1862 1013 1900 1041 θέ-

1080 1056 1169 1086 λουσιν
1183 1057 1277 1098 ἀρτίως
1298 1058 1375 1098 τοῦτο
1389 1057 1519 1097 γενέσθαι,

1119 1095 1215 1132 Ἀπάνὲ.
1232 1103 1267 1131 Τὸ
1280 1097 1308 1141 γ’
1329 1095 1473 1142 κεφάλαιον
1500 1105 1547 1130 τοῦ
1561 1095 1607 1135 vn.
1629 1101 1717 1130 τίτλου
1752 1106 1800 1131 τοῦ
1828 1101 1850 1134 ξ’
1864 1102 1902 1140 βι-

1076 1145 1149 1175 ϐλιου
1162 1150 1215 1175 τῶν
1231 1146 1380 1175 Βασιλικῶν
1407 1147 1488 1174 ταῦτά
1503 1157 1567 1186 φησι
1595 1146 1684 1185 ῥητῶς
1702 1156 1709 1164 ·
1741 1146 1787 1180 Μὴ
1803 1147 1899 1185 γαμεί-

1075 1193 1129 1220 σθω
1165 1192 1183 1226 ἡ
1211 1192 1363 1232 ἁρπαγεῖσα
1390 1194 1429 1229 τῷ
1456 1191 1601 1230 ἁρπάσαντι
1624 1191 1706 1226 αὐτήν
1729 1199 1737 1207 ⁶
1768 1191 1840 1220 ἆλλὰ
1860 1202 1893 1219 κα

1074 1237 1096 1264 εἷ
1131 1237 1308 1264 συναινέσουσι
1343 1239 1382 1273 τῷ
1423 1236 1535 1273 τοιούτῳ
1577 1235 1731 1273 συνοικεσίῳ
1752 1237 1775 1264 οι
1807 1243 1896 1276 γονεῖς

1073 1281 1168 1318 αὐτῆς,
1194 1281 1393 1320 περιορίζονται.
1432 1281 1480 1309 Καὶ
1515 1282 1529 1308 ὸ
1561 1275 1604 1316 κζ’
1625 1281 1711 1308 κανὼν
1739 1281 1789 1314 τῆς
1816 1275 1896 1320 νὰγίας

1073 1326 1116 1354 καὶ
1137 1327 1321 1364 οἷκουμενικῆς
1353 1320 1377 1353 δ’
1410 1324 1516 1354 συνόδου
1537 1330 1619 1354 ταῦτα
1647 1336 1711 1365 φησι
1729 1333 1736 1340 ³
1768 1326 1836 1358 Τοὺς
1850 1326 1898 1365 ἀρ-

1073 1370 1203 1406 πάζοντας
1243 1370 1373 1410 γδναῖκας
1425 1369 1468 1398 ἐπ’
1510 1370 1619 1408 ὀνόματι
1662 1371 1841 1411 συνοικεσίου,
1882 1370 1899 1403 ἥ

1073 1415 1300 1454 συμπράττοντας,
1329 1415 1348 1449 ἢ
1376 1414 1576 1454 συναιρομένους
1617 1421 1676 1446 τοῖς
1720 1414 1892 1455 ἁρπάζουσιν,

211 1459 292 1499 laici,
302 1458 556 1491 anathematizari.
569 1457 768 1495 Quamobrem
779 1463 807 1489 et
820 1468 873 1490 nos
885 1459 947 1490 haec
958 1459 1029 1498 legi-

1118 1470 1166 1488 ,σεν
1184 1461 1202 1494 ἡ
1218 1458 1279 1500 ἄγία
1307 1458 1424 1500 σύνοδος,
1447 1460 1469 1487 εἰ
1490 1459 1539 1496 μὲν
1572 1458 1694 1499 κληρικοὶ
1722 1459 1793 1498 εἶεν,
1819 1460 1895 1488 ἐκπί-

211 1502 282 1534 time
296 1502 500 1543 canoniceque
515 1503 678 1535 constituta
692 1507 863 1544 sequentes,
880 1503 1008 1535 dicimus
1025 1513 1032 1534 :

211 1547 237 1578 si
251 1555 312 1585 res,
340 1550 372 1578 ut
400 1547 632 1587 interrogatione
662 1551 711 1578 tua
738 1547 930 1589 proposuisti,
947 1547 988 1580 ita
1003 1557 1036 1580 se

211 1591 302 1622 habet
316 1601 324 1630 ;
339 1600 437 1632 neque
452 1591 569 1632 nuptias
584 1592 697 1623 futuras
712 1592 790 1623 inter
811 1595 925 1633 raptam
939 1597 967 1624 el
983 1602 1034 1624 ra-

212 1640 338 1676 ptorem,
363 1640 392 1666 et
407 1636 433 1667 si
458 1641 542 1676 pater
566 1635 647 1668 illius
674 1645 739 1668 rem
753 1636 898 1677 approbet
914 1647 921 1667 :
938 1647 1038 1679 neque

209 1684 313 1721 raptus
328 1689 430 1721 poenas
446 1681 628 1721 etfugituros,
645 1681 696 1722 qui
707 1681 771 1722 ejus
787 1681 898 1712 fuerint
912 1682 1034 1721 conscii,

211 1725 265 1756 sed
281 1725 370 1756 etiam
386 1725 489 1756 ultimo
505 1725 626 1769 aﬂ'ectos
638 1726 675 1757 iri
690 1725 848 1766 supplicio.

1075 1516 1151 1533 πτειν
1178 1508 1223 1533 τοῦ
1250 1505 1352 1543 βαθμοῦ
1368 1513 1376 1520 ·
1419 1505 1441 1533 εἰ
1468 1503 1495 1532 δὲ
1535 1504 1625 1533 λαϊκοὶ
1653 1505 1898 1543 ἀναθεματίζεσθαι.

1079 1549 1127 1578 Διὸ
1140 1550 1184 1578 καὶ
1211 1550 1293 1587 ἡμεῖς
1335 1556 1395 1581 τοῖς
1420 1550 1489 1578 οὕτω
1510 1548 1724 1589 διατεταγμένοις
1739 1551 1863 1588 νομίμως
1878 1560 1903 1578 τι

1078 1595 1122 1623 καὶ
1163 1597 1308 1626 κανονικῶς
1353 1594 1593 1635 ἆκολωθήσαντες,
1636 1594 1750 1634 λέγομεν
1796 1596 1836 1628 ὡς
1883 1596 1902 1623 εἱ

1079 1638 1162 1671 οὕτως
1187 1638 1280 1679 ἔχουσι
1303 1639 1336 1669 τὰ
1356 1640 1403 1668 τοῦ
1423 1639 1578 1679 πράγματος
1606 1639 1694 1670 καθὼς
1724 1639 1741 1673 ἡ
1770 1638 1902 1679 ἐρώτησις

1077 1683 1261 1723 περιέστησεν,
1299 1684 1356 1712 οὗτε
1384 1686 1470 1724 γάμος
1493 1684 1633 1723 γενήσεται
1661 1683 1758 1721 μεταξὺ
1790 1684 1842 1718 τῆς
1858 1685 1904 1724 ἂρ-

1076 1729 1205 1768 παγείσης
1219 1729 1263 1756 καὶ
1278 1731 1322 1757 τοῦ
1363 1728 1541 1769 ἁρπάσαντος,
1563 1729 1611 1757 κᾶν
1644 1729 1658 1756 ὁ
1685 1728 1774 1768 πατὴρ
1804 1730 1904 1764 ταύτης

212 1771 367 1806 ἀσπάζηται
383 1771 412 1798 τὸ
427 1771 578 1812 γινόμενον,
593 1770 650 1799 οὔτε
664 1782 697 1799 τι
711 1772 760 1804 τῆς
776 1771 899 1810 ἁρπαγῆς
915 1771 1034 1810 ἐπιτίμια
1047 1772 1227 1813 διαδράσουσιν
1242 1774 1266 1801 oi
1280 1773 1379 1807 ταύτης
1414 1773 1576 1814 συνίστορες,
1603 1772 1672 1801 ἀλλὰ
1706 1773 1750 1801 καὶ
1778 1773 1903 1813 ἐσχάτως

209 1815 451 1855 τιμωρηθήσονται,

251 1859 362 1891 lntem
370 1859 407 1892 64
413 1884 420 1891 .
429 1859 534 1891 Mulier
544 1859 676 1901 quaedam
684 1859 763 1900 gravi
772 1860 875 1892 morbo
885 1860 1033 1900 laborans,

212 1908 300 1936 nocte
326 1904 395 1935 mali
419 1904 610 1936 amictionem
629 1905 700 1943 ulta,
716 1905 846 1946 seipsam
861 1905 892 1936 in
908 1909 1034 1937 mortem

212 1949 348 1990 projecit,
367 1952 395 1980 et
409 1949 513 1980 mortis
531 1949 627 1980 hausit
642 1950 793 1991 poculum.
810 1949 861 1981 Vir
875 1950 952 1991 ejus,
965 1959 1034 1982 cum

210 1994 306 2025 lector
330 1997 401 2025 tunc
430 1998 521 2032 esset,
551 1994 702 2035 hodieque
729 1995 779 2035 sit,
810 1995 926 2035 quaerit,
941 2005 980 2026 an
996 1995 1034 2026 ob

211 2047 276 2069 eam
292 2046 356 2070 rem
387 2038 602 2070 sacerdotalem
619 2039 792 2079 dignitatem
819 2039 961 2081 consequi
976 2049 1036 2071 non

213 2082 318 2123 possit.

252 2171 339 2212 Resp.
347 2171 391 2213 Si,
403 2171 654 2212 quemadmodum
662 2181 777 2212 narras,
785 2173 825 2204 ita
836 2174 927 2214 sejres
933 2173 1034 2211 habet,

211 2217 306 2248 lector
320 2216 386 2247 sine
407 2216 622 2257 impedimento
635 2217 810 2249 sacrabitur.
826 2217 864 2250 Ut
878 2218 957 2249 enim
973 2217 1034 2249 dili-

1118 2222 1126 2247 3
1164 2220 1330 2260 πράγματος,

213 2266 332 2302 gentem
340 2261 461 2302 pigritia
470 2271 529 2292 non
541 2261 622 2294 laedit
631 2262 858 2302 negligentis,ex
867 2263 1039 2294 divinorum

210 2315 361 2338 canonum
377 2306 526 2338 sententia
542 2316 548 2336 :
568 2307 612 2338 sic
627 2307 731 2339 lectori
760 2307 965 2348 pmjudicium
978 2317 1038 2339 non

210 2351 300 2383 faciet
314 2351 415 2382 uxoris
443 2352 508 2392 ejus
537 2357 704 2392 peccatum.
728 2350 940 2392 Unusquisque
955 2352 1036 2384 enim

211 2396 340 2438 propriis
395 2395 508 2428 catenis
546 2399 593 2436 (ut
635 2396 721 2437 vulgo
760 2396 865 2437 fertur)
909 2406 1033 2428 coerce-

212 2446 261 2472 tur
270 2441 298 2472 ιλ.

292 2529 468 2563 OFFICIUM
489 2530 538 2562 ET
561 2529 750 2562 DEFINITIO
774 2529 955 2562 EPISCOPI.

212 2575 264 2607 Ea:
275 2575 353 2606 libro
364 2575 400 2607 de
409 2577 492 2616 jure,
509 2578 562 2616 qui
589 2579 631 2607 est
645 2575 770 2615 Basilii,
799 2575 994 2608 Constantini
1007 2580 1037 2608 et

424 2621 545 2662 Leonis,
561 2619 652 2651 titulo
665 2627 696 2658 v,
713 2629 781 2661 cap.
797 2627 819 2652 ι.

252 2709 417 2752 Episcopus
431 2713 477 2742 est
490 2709 643 2752 inspector
664 2714 694 2742 et
715 2713 835 2742 curator
849 2710 982 2742 omnium
998 2712 1034 2744 ad

1116 1862 1212 1902 Ἐρώτ.
1263 1858 1310 1896 ξς’.
1355 1863 1423 1898 Γυνή
1463 1873 1503 1894 τις
1545 1861 1675 1902 ἀρρωστίᾳ
1723 1869 1903 1903 περιπεσοῦσα

1075 1905 1160 1948 δεινῇ,
1193 1907 1221 1935 ἐν
1248 1907 1304 1948 ὥρᾳ
1341 1910 1490 1947 νυκτερινῇ,
1530 1907 1577 1936 τοῦ
1612 1908 1763 1945 νοσήματος
1800 1908 1903 1946 ἀμυνο-

1076 1951 1143 1990 μένη
1172 1951 1248 1988 δῆθεν
1282 1953 1332 1986 ἰὴν
1360 1952 1488 1990 κάκωσιν,
1528 1951 1624 1985 ἑαυτὴν
1661 1953 1696 1983 εἰς
1725 1952 1838 1982 θάνατον
1866 1953 1903 1993 ’ἑέ-

1077 1997 1149 2037 ριψε,
1178 1997 1223 2025 καὶ
1247 1998 1278 2025 τὸ
1305 1997 1352 2025 τοῦ
1378 1996 1490 2025 θανάτου
1521 1997 1649 2036 ποτήριον
1683 1996 1768 2026 ἔπιεν.
1799 1997 1902 2038 Ἐρωτᾷ

1078 2041 1123 2070 οὖν
1150 2043 1164 2070 ὁ
1192 2042 1289 2076 ταύτης
1318 2041 1394 2082 ἀνὴρ,
1421 2040 1606 2081 ἆναγνώπης,
1636 2042 1673 2069 ὢν
1701 2042 1744 2070 καὶ
1766 2042 1828 2070 τότε
1854 2044 1898 2071 καὶ

1078 2086 1204 2125 σήμερον,
1235 2087 1257 2115 εὶ
1298 2086 1416 2116 ἐντεῦθεν
1460 2085 1590 2114 κωλύεται
1631 2092 1727 2126 τυχεῖν
1771 2088 1902 2127 ἱερατικοῦ

1078 2129 1226 2169 ἀξιώματος
1231 2155 1238 2163 ,

1119 2173 1215 2207 Ἀπόκ,
1245 2176 1275 2204 Εἰ
1309 2175 1377 2204 κατὰ
1409 2175 1457 2209 τὴν
1492 2174 1615 2214 διήγησίν
1643 2186 1690 2203 σου
1711 2175 1854 2205 συνέπεσον
1870 2176 1900 2204 τὰ

1384 2218 1619 2259 ἀπαρεμποδίστως
1665 2221 1679 2247 ὁ
1730 2219 1903 2260 ἀναγνώστης

1080 2265 1262 2305 ἱερωθήσεται.
1307 2260 1354 2297 Ὠς
1401 2265 1452 2304 γὰρ
1478 2265 1507 2293 οὗ
1556 2264 1668 2303 βλάπτει
1698 2265 1743 2293 τὸν
1758 2265 1902 2294 σπουδαῖον

1079 2309 1096 2344 ἡ
1125 2310 1234 2348 ῥᾳθυμία
1268 2313 1315 2338 τοῦ
1349 2308 1475 2348 ἆμελοῡς,
1506 2310 1573 2338 κατὰ
1599 2309 1649 2343 τὴν
1677 2309 1730 2336 τῶν
1757 2311 1835 2338 θείων
1859 2310 1901 2338 νό-

1077 2365 1134 2392 μων
1162 2353 1316 2394 περίληψιν,
1355 2353 1412 2383 οὐδὲ
1446 2354 1493 2382 τὸν
1526 2353 1711 2395 ἀναγνώστην
1727 2355 1901 2395 προκριματί-

1076 2409 1115 2427 σει
1130 2401 1180 2433 τῆς
1199 2393 1324 2439 γυναικὸς
1354 2400 1433 2429 αὐτοῦ
1469 2399 1500 2426 τὸ
1519 2397 1659 2436 δλίσθημα.
1693 2393 1832 2432 ιἘιιαινιτος
1853 2400 1899 2439 γὰρ

1076 2449 1137 2476 ταῖς
1180 2444 1287 2476 οἰκείαις
1314 2450 1427 2484 σειραῖς,
1457 2443 1525 2472 κατὰ
1569 2444 1615 2472 τὸν
1643 2443 1762 2481 εἰπόντα,
1793 2444 1887 2483 συσφίγ

1077 2499 1150 2528 γεται
1155 2512 1163 2519 .

1137 2537 1179 2562 ΤΟ
1195 2536 1356 2563 ΚᾹΘΗΚΟΝ
1379 2537 1434 2562 ΚΑΙ
1450 2536 1534 2562 ΟΡΟΣ
1549 2536 1612 2561 ΤΟΥ
1628 2535 1838 2563 ΕΠΙΣΚΟΠΟΥ.

1081 2592 1093 2610 ι
1125 2580 1192 2610 Ἀπὸ
1234 2587 1280 2610 τοὺ
1322 2582 1434 2621 νομίμου
1479 2580 1581 2620 βιϐλίου
1628 2580 1777 2622 Βασιλείου,

1117 2622 1253 2668 σταντίγου
1279 2623 1324 2650 καὶ
1353 2617 1489 2661 ’Ᾰέοντοςλ
1539 2621 1593 2650 ἀπὸ
1629 2626 1676 2651 τοῦ
1726 2617 1750 2649 ε’

1116 2672 1263 2702 nepa.»

1117 2710 1278 2744 Ἐπίσκοπος
1319 2711 1390 2741 ἐστιν

1825 2587 1900 2611 Κων-

1798 2622 1896 2660 τίτλου,

1434 2711 1599 2753 ἑπιτηρητῆς
1648 2711 1692 2740 καὶ
1732 2711 1898 2751 ἐπιμελητὴς

875 2776 1003 2810 VARLE
1023 2775 1238 2810 LECTIONES.

250 2837 264 2858 α
279 2832 512 2874 constringitur.
