  <div class='ocr_page' id='page_1' title='image "/cluster/home/n/w/nwhite01/storage/ocr_20150623/119/njp.32101010943965/1216.png"; bbox 0 0 1946 3080; ppageno 0'>
   <div class='ocr_carea' id='block_1_1' title="bbox 64 124 134 158">
    <p class='ocr_par' dir='ltr' id='par_1_1' title="bbox 64 124 134 158">
     <span class='ocr_line' id='line_1_1' title="bbox 64 124 134 158; baseline -0.057 0"><span class='ocrx_word' id='word_1_1' title='bbox 64 124 134 158; x_wconf 85' lang='grc'><strong>1101</strong></span> 
     </span>
    </p>
   </div>
   <div class='ocr_carea' id='block_1_2' title="bbox 721 121 1066 155">
    <p class='ocr_par' dir='ltr' id='par_1_2' title="bbox 721 121 1066 155">
     <span class='ocr_line' id='line_1_2' title="bbox 721 121 1066 155; baseline -0.009 0"><span class='ocrx_word' id='word_1_2' title='bbox 721 121 1066 155; x_wconf 69' lang='lat' dir='ltr'><strong>GMGO-ROMANUM</strong></span> 
     </span>
    </p>
   </div>
   <div class='ocr_carea' id='block_1_3' title="bbox 1667 118 1746 151">
    <p class='ocr_par' dir='ltr' id='par_1_3' title="bbox 1667 118 1746 151">
     <span class='ocr_line' id='line_1_3' title="bbox 1667 118 1746 151; baseline -0.013 0"><span class='ocrx_word' id='word_1_3' title='bbox 1667 118 1746 151; x_wconf 71' lang='lat'><strong>“02</strong></span> 
     </span>
    </p>
   </div>
   <div class='ocr_carea' id='block_1_4' title="bbox 60 186 878 228">
    <p class='ocr_par' dir='ltr' id='par_1_4' title="bbox 60 187 878 228">
     <span class='ocr_line' id='line_1_4' title="bbox 60 187 878 228; baseline -0.004 -10"><span class='ocrx_word' id='word_1_4' title='bbox 60 190 195 218; x_wconf 78' lang='grc' dir='ltr'><strong>δείκνυται.</strong></span> <span class='ocrx_word' id='word_1_5' title='bbox 211 189 247 217; x_wconf 81' lang='grc' dir='ltr'><strong>Τὸ</strong></span> <span class='ocrx_word' id='word_1_6' title='bbox 266 187 293 215; x_wconf 75' lang='grc' dir='ltr'><strong>δὲ</strong></span> <span class='ocrx_word' id='word_1_7' title='bbox 328 188 357 216; x_wconf 77' lang='grc' dir='ltr'>ἐκ</span> <span class='ocrx_word' id='word_1_8' title='bbox 386 190 434 222; x_wconf 77' lang='grc' dir='ltr'>τῆς</span> <span class='ocrx_word' id='word_1_9' title='bbox 463 191 510 215; x_wconf 78' lang='grc' dir='ltr'><strong>τοῦ</strong></span> <span class='ocrx_word' id='word_1_10' title='bbox 543 187 685 216; x_wconf 76' lang='grc' dir='ltr'><strong>ἀκολούθου</strong></span> <span class='ocrx_word' id='word_1_11' title='bbox 714 188 834 228; x_wconf 74' lang='grc' dir='ltr'>εἰσφορᾶς</span> <span class='ocrx_word' id='word_1_12' title='bbox 850 189 878 215; x_wconf 76' lang='grc' dir='ltr'>τὸ</span> 
     </span>
    </p>
   </div>
   <div class='ocr_carea' id='block_1_5' title="bbox 961 186 1750 228">
    <p class='ocr_par' dir='ltr' id='par_1_5' title="bbox 961 186 1750 228">
     <span class='ocr_line' id='line_1_5' title="bbox 961 186 1750 228; baseline 0.003 -11"><span class='ocrx_word' id='word_1_13' title='bbox 961 186 1097 217; x_wconf 88' lang='lat' dir='ltr'><strong>unculum</strong></span> <span class='ocrx_word' id='word_1_14' title='bbox 1115 186 1233 227; x_wconf 84' lang='lat' dir='ltr'><strong>proprie</strong></span> <span class='ocrx_word' id='word_1_15' title='bbox 1249 186 1398 227; x_wconf 90' lang='lat' dir='ltr'><strong>loquendo</strong></span> <span class='ocrx_word' id='word_1_16' title='bbox 1414 187 1566 227; x_wconf 85' lang='lat' dir='ltr'><strong>appellare</strong></span> <span class='ocrx_word' id='word_1_17' title='bbox 1583 196 1589 218; x_wconf 90' lang='lat'>:</span> <span class='ocrx_word' id='word_1_18' title='bbox 1607 188 1750 228; x_wconf 53' lang='lat' dir='ltr'><strong>quemzex</strong></span> 
     </span>
    </p>
   </div>
   <div class='ocr_carea' id='block_1_6' title="bbox 61 230 878 271">
    <p class='ocr_par' dir='ltr' id='par_1_6' title="bbox 61 230 878 271">
     <span class='ocr_line' id='line_1_6' title="bbox 61 230 878 271; baseline -0.002 -9"><span class='ocrx_word' id='word_1_19' title='bbox 61 233 189 267; x_wconf 71' lang='grc' dir='ltr'>σιωπηθὲν</span> <span class='ocrx_word' id='word_1_20' title='bbox 218 231 423 271; x_wconf 73' lang='grc' dir='ltr'><strong>συλλογίζεσθαι,</strong></span> <span class='ocrx_word' id='word_1_21' title='bbox 454 230 513 259; x_wconf 80' lang='grc' dir='ltr'>κατ’</span> <span class='ocrx_word' id='word_1_22' title='bbox 542 231 620 259; x_wconf 68' lang='grc' dir='ltr'>αὖτὸν</span> <span class='ocrx_word' id='word_1_23' title='bbox 649 232 727 271; x_wconf 71' lang='grc' dir='ltr'>φάναι</span> <span class='ocrx_word' id='word_1_24' title='bbox 753 233 799 260; x_wconf 81' lang='grc' dir='ltr'>τὸν</span> <span class='ocrx_word' id='word_1_25' title='bbox 819 234 878 260; x_wconf 86' lang='grc' dir='ltr'>θεο-</span> 
     </span>
    </p>
   </div>
   <div class='ocr_carea' id='block_1_7' title="bbox 61 276 877 319">
    <p class='ocr_par' dir='ltr' id='par_1_7' title="bbox 61 276 877 319">
     <span class='ocr_line' id='line_1_7' title="bbox 61 276 877 319; baseline -0.004 -12"><span class='ocrx_word' id='word_1_26' title='bbox 61 279 181 319; x_wconf 73' lang='grc' dir='ltr'>φάντορα,</span> <span class='ocrx_word' id='word_1_27' title='bbox 199 277 400 315; x_wconf 82' lang='grc' dir='ltr'>νομοθετοῦντός</span> <span class='ocrx_word' id='word_1_28' title='bbox 430 276 511 314; x_wconf 75' lang='grc' dir='ltr'>ἐστιν,</span> <span class='ocrx_word' id='word_1_29' title='bbox 549 278 578 305; x_wconf 74' lang='grc' dir='ltr'><strong>οὒ</strong></span> <span class='ocrx_word' id='word_1_30' title='bbox 613 277 645 305; x_wconf 78' lang='grc' dir='ltr'>τὰ</span> <span class='ocrx_word' id='word_1_31' title='bbox 677 279 722 304; x_wconf 73' lang='grc' dir='ltr'>τοῦ</span> <span class='ocrx_word' id='word_1_32' title='bbox 737 277 817 314; x_wconf 83' lang='grc' dir='ltr'>νόμου</span> <span class='ocrx_word' id='word_1_33' title='bbox 832 276 877 304; x_wconf 82' lang='grc' dir='ltr'>λέ-</span> 
     </span>
    </p>
   </div>
   <div class='ocr_carea' id='block_1_8' title="bbox 61 334 160 362">
    <p class='ocr_par' dir='ltr' id='par_1_8' title="bbox 61 334 160 362">
     <span class='ocr_line' id='line_1_8' title="bbox 61 334 160 362; baseline 0.02 -12"><span class='ocrx_word' id='word_1_34' title='bbox 61 334 149 362; x_wconf 84' lang='grc' dir='ltr'>γοντος</span> <span class='ocrx_word' id='word_1_35' title='bbox 155 346 160 352; x_wconf 82' lang='grc'><strong>.</strong></span> 
     </span>
    </p>
   </div>
   <div class='ocr_carea' id='block_1_9' title="bbox 101 497 878 538">
    <p class='ocr_par' dir='ltr' id='par_1_9' title="bbox 101 497 878 538">
     <span class='ocr_line' id='line_1_9' title="bbox 101 497 878 538; baseline -0.001 -11"><span class='ocrx_word' id='word_1_36' title='bbox 101 499 174 528; x_wconf 80' lang='grc' dir='ltr'>Ἐπεὶ</span> <span class='ocrx_word' id='word_1_37' title='bbox 209 498 277 527; x_wconf 69' lang='grc' dir='ltr'>οὕτω</span> <span class='ocrx_word' id='word_1_38' title='bbox 311 510 342 538; x_wconf 88' lang='grc' dir='ltr'><strong>γε</strong></span> <span class='ocrx_word' id='word_1_39' title='bbox 371 498 470 531; x_wconf 76' lang='grc' dir='ltr'>ἐξέσται</span> <span class='ocrx_word' id='word_1_40' title='bbox 499 501 536 534; x_wconf 83' lang='grc' dir='ltr'>τῷ</span> <span class='ocrx_word' id='word_1_41' title='bbox 559 497 744 537; x_wconf 80' lang='grc' dir='ltr'>πονηρεύεσθαι</span> <span class='ocrx_word' id='word_1_42' title='bbox 781 497 878 536; x_wconf 89' lang='grc' dir='ltr'>βουλο-</span> 
     </span>
    </p>
   </div>
   <div class='ocr_carea' id='block_1_10' title="bbox 63 541 880 584">
    <p class='ocr_par' dir='ltr' id='par_1_10' title="bbox 63 541 880 584">
     <span class='ocr_line' id='line_1_10' title="bbox 63 541 880 584; baseline -0.002 -12"><span class='ocrx_word' id='word_1_43' title='bbox 63 545 143 584; x_wconf 59' lang='grc' dir='ltr'>μένῳ,</span> <span class='ocrx_word' id='word_1_44' title='bbox 167 545 210 572; x_wconf 80' lang='grc' dir='ltr'><strong>καὶ</strong></span> <span class='ocrx_word' id='word_1_45' title='bbox 225 543 267 571; x_wconf 70' lang='grc' dir='ltr'><strong>ἐπὶ</strong></span> <span class='ocrx_word' id='word_1_46' title='bbox 310 543 371 574; x_wconf 77' lang='grc' dir='ltr'>τοὺς</span> <span class='ocrx_word' id='word_1_47' title='bbox 397 543 434 571; x_wconf 75' lang='grc' dir='ltr'>ἔτι</span> <span class='ocrx_word' id='word_1_48' title='bbox 468 541 624 581; x_wconf 70' lang='grc' dir='ltr'>πορρωτέρω</span> <span class='ocrx_word' id='word_1_49' title='bbox 657 542 703 570; x_wconf 76' lang='grc' dir='ltr'>τοῦ</span> <span class='ocrx_word' id='word_1_50' title='bbox 731 542 820 581; x_wconf 77' lang='grc' dir='ltr'><strong>γένους</strong></span> <span class='ocrx_word' id='word_1_51' title='bbox 835 543 880 570; x_wconf 75' lang='grc' dir='ltr'>τὸν</span> 
     </span>
    </p>
   </div>
   <div class='ocr_carea' id='block_1_11' title="bbox 63 586 880 629">
    <p class='ocr_par' dir='ltr' id='par_1_11' title="bbox 63 586 880 629">
     <span class='ocr_line' id='line_1_11' title="bbox 63 586 880 629; baseline -0.004 -12"><span class='ocrx_word' id='word_1_52' title='bbox 63 589 140 629; x_wconf 87' lang='grc' dir='ltr'>λόγον</span> <span class='ocrx_word' id='word_1_53' title='bbox 172 588 301 623; x_wconf 75' lang='grc' dir='ltr'>ἐκτείνην,</span> <span class='ocrx_word' id='word_1_54' title='bbox 344 589 392 615; x_wconf 78' lang='grc' dir='ltr'><strong>καί</strong></span> <span class='ocrx_word' id='word_1_55' title='bbox 422 590 500 615; x_wconf 82' lang='grc' dir='ltr'>πᾶσιν</span> <span class='ocrx_word' id='word_1_56' title='bbox 537 586 685 615; x_wconf 76' lang='grc' dir='ltr'>ἀποκλείειν</span> <span class='ocrx_word' id='word_1_57' title='bbox 714 587 805 621; x_wconf 76' lang='grc' dir='ltr'>επίσης</span> <span class='ocrx_word' id='word_1_58' title='bbox 832 588 880 620; x_wconf 76' lang='grc' dir='ltr'><strong>τὴν</strong></span> 
     </span>
    </p>
   </div>
   <div class='ocr_carea' id='block_1_12' title="bbox 63 631 881 673">
    <p class='ocr_par' dir='ltr' id='par_1_12' title="bbox 63 631 881 673">
     <span class='ocr_line' id='line_1_12' title="bbox 63 631 881 673; baseline -0.002 -12"><span class='ocrx_word' id='word_1_59' title='bbox 63 635 125 673; x_wconf 84' lang='grc' dir='ltr'>πρὸς</span> <span class='ocrx_word' id='word_1_60' title='bbox 163 632 292 667; x_wconf 73' lang='grc' dir='ltr'>ἀλλήλους</span> <span class='ocrx_word' id='word_1_61' title='bbox 322 632 438 670; x_wconf 81' lang='grc' dir='ltr'>γαμικὴν</span> <span class='ocrx_word' id='word_1_62' title='bbox 473 631 588 669; x_wconf 75' lang='grc' dir='ltr'><strong>ὁμιλίαν,</strong></span> <span class='ocrx_word' id='word_1_63' title='bbox 613 631 657 659; x_wconf 63' lang='grc' dir='ltr'><strong>διὰ</strong></span> <span class='ocrx_word' id='word_1_64' title='bbox 686 634 735 665; x_wconf 75' lang='grc' dir='ltr'><strong>τῆς</strong></span> <span class='ocrx_word' id='word_1_65' title='bbox 764 642 881 671; x_wconf 78' lang='grc' dir='ltr'>παρατε-</span> 
     </span>
    </p>
   </div>
   <div class='ocr_carea' id='block_1_13' title="bbox 62 676 884 716">
    <p class='ocr_par' dir='ltr' id='par_1_13' title="bbox 62 676 884 716">
     <span class='ocr_line' id='line_1_13' title="bbox 62 676 884 716; baseline -0.002 -10"><span class='ocrx_word' id='word_1_66' title='bbox 62 677 178 716; x_wconf 82' lang='grc' dir='ltr'>ταμένης</span> <span class='ocrx_word' id='word_1_67' title='bbox 199 677 296 710; x_wconf 77' lang='grc' dir='ltr'><strong>ταύτης</strong></span> <span class='ocrx_word' id='word_1_68' title='bbox 322 676 450 716; x_wconf 79' lang='grc' dir='ltr'>ἆπεράνου</span> <span class='ocrx_word' id='word_1_69' title='bbox 480 679 566 716; x_wconf 81' lang='grc' dir='ltr'>σειρᾶς</span> <span class='ocrx_word' id='word_1_70' title='bbox 595 676 613 709; x_wconf 73' lang='grc' dir='ltr'>ἢ</span> <span class='ocrx_word' id='word_1_71' title='bbox 648 676 787 713; x_wconf 80' lang='grc' dir='ltr'>κλίμακος,</span> <span class='ocrx_word' id='word_1_72' title='bbox 819 678 848 704; x_wconf 74' lang='grc' dir='ltr'>οὗ</span> <span class='ocrx_word' id='word_1_73' title='bbox 860 677 884 704; x_wconf 82' lang='grc' dir='ltr'><strong>τί</strong></span> 
     </span>
    </p>
   </div>
   <div class='ocr_carea' id='block_1_14' title="bbox 62 720 884 762">
    <p class='ocr_par' dir='ltr' id='par_1_14' title="bbox 62 720 884 762">
     <span class='ocr_line' id='line_1_14' title="bbox 62 720 884 762; baseline -0.002 -12"><span class='ocrx_word' id='word_1_74' title='bbox 62 721 157 762; x_wconf 81' lang='grc' dir='ltr'>γένοιτ’</span> <span class='ocrx_word' id='word_1_75' title='bbox 173 721 203 749; x_wconf 75' lang='grc' dir='ltr'>ἂν</span> <span class='ocrx_word' id='word_1_76' title='bbox 225 720 381 760; x_wconf 79' lang='grc' dir='ltr'><strong>ἀδικώτερον</strong></span> <span class='ocrx_word' id='word_1_77' title='bbox 399 730 407 761; x_wconf 82' lang='grc'>;</span> <span class='ocrx_word' id='word_1_78' title='bbox 426 721 547 759; x_wconf 79' lang='grc' dir='ltr'>Καίτοιγε</span> <span class='ocrx_word' id='word_1_79' title='bbox 580 720 622 748; x_wconf 79' lang='grc' dir='ltr'>ἐπὶ</span> <span class='ocrx_word' id='word_1_80' title='bbox 650 720 719 748; x_wconf 78' lang='grc' dir='ltr'>τέλει</span> <span class='ocrx_word' id='word_1_81' title='bbox 747 725 793 749; x_wconf 79' lang='grc' dir='ltr'><strong>τοῦ</strong></span> <span class='ocrx_word' id='word_1_82' title='bbox 807 722 884 749; x_wconf 65' lang='grc' dir='ltr'>αὑτοῦ</span> 
     </span>
    </p>
   </div>
   <div class='ocr_carea' id='block_1_15' title="bbox 64 764 883 806">
    <p class='ocr_par' dir='ltr' id='par_1_15' title="bbox 64 764 883 806">
     <span class='ocr_line' id='line_1_15' title="bbox 64 764 883 806; baseline -0.002 -11"><span class='ocrx_word' id='word_1_83' title='bbox 64 768 163 806; x_wconf 69' lang='grc' dir='ltr'>[ἰατρὸς</span> <span class='ocrx_word' id='word_1_84' title='bbox 177 770 238 797; x_wconf 75' lang='grc' dir='ltr'>τοῦς</span> <span class='ocrx_word' id='word_1_85' title='bbox 255 766 376 804; x_wconf 76' lang='grc' dir='ltr'><strong>νομίμοις</strong></span> <span class='ocrx_word' id='word_1_86' title='bbox 401 766 498 804; x_wconf 79' lang='grc' dir='ltr'><strong>γάμοις</strong></span> <span class='ocrx_word' id='word_1_87' title='bbox 527 765 656 793; x_wconf 72' lang='grc' dir='ltr'>πλατεῖαν</span> <span class='ocrx_word' id='word_1_88' title='bbox 686 764 744 794; x_wconf 79' lang='grc' dir='ltr'><strong>ὁδὸν</strong></span> <span class='ocrx_word' id='word_1_89' title='bbox 779 766 883 793; x_wconf 82' lang='grc' dir='ltr'>ὑπανοί-</span> 
     </span>
    </p>
   </div>
   <div class='ocr_carea' id='block_1_16' title="bbox 62 809 882 850">
    <p class='ocr_par' dir='ltr' id='par_1_16' title="bbox 62 809 882 850">
     <span class='ocr_line' id='line_1_16' title="bbox 62 809 882 850; baseline -0.002 -11"><span class='ocrx_word' id='word_1_90' title='bbox 62 822 167 850; x_wconf 83' lang='grc' dir='ltr'><strong>γοντος⁷</strong></span> <span class='ocrx_word' id='word_1_91' title='bbox 184 810 231 839; x_wconf 78' lang='grc' dir='ltr'><strong>καί</strong></span> <span class='ocrx_word' id='word_1_92' title='bbox 258 814 347 850; x_wconf 69' lang='grc' dir='ltr'>σαιρῶς</span> <span class='ocrx_word' id='word_1_93' title='bbox 371 809 413 837; x_wconf 79' lang='grc' dir='ltr'>ἐπὶ</span> <span class='ocrx_word' id='word_1_94' title='bbox 444 814 522 839; x_wconf 81' lang='grc' dir='ltr'>τοῦτο</span> <span class='ocrx_word' id='word_1_95' title='bbox 551 809 774 849; x_wconf 70' lang='grc' dir='ltr'><strong>προτρεπομένου.</strong></span> <span class='ocrx_word' id='word_1_96' title='bbox 803 809 882 838; x_wconf 83' lang='grc' dir='ltr'>Ἐπι-</span> 
     </span>
    </p>
   </div>
   <div class='ocr_carea' id='block_1_17' title="bbox 63 852 884 896">
    <p class='ocr_par' dir='ltr' id='par_1_17' title="bbox 63 852 884 896">
     <span class='ocr_line' id='line_1_17' title="bbox 63 852 884 896; baseline -0.001 -14"><span class='ocrx_word' id='word_1_97' title='bbox 63 856 132 896; x_wconf 68' lang='grc' dir='ltr'>φέρει</span> <span class='ocrx_word' id='word_1_98' title='bbox 155 855 205 894; x_wconf 78' lang='grc' dir='ltr'>γάρ</span> <span class='ocrx_word' id='word_1_99' title='bbox 228 862 237 870; x_wconf 93' lang='lat'>&#39;</span> <span class='ocrx_word' id='word_1_100' title='bbox 260 853 408 894; x_wconf 76' lang='grc' dir='ltr'>Κεφάλαιον</span> <span class='ocrx_word' id='word_1_101' title='bbox 422 852 449 881; x_wconf 75' lang='grc' dir='ltr'><strong>δὲ</strong></span> <span class='ocrx_word' id='word_1_102' title='bbox 463 857 517 882; x_wconf 84' lang='grc' dir='ltr'>τῶν</span> <span class='ocrx_word' id='word_1_103' title='bbox 538 853 695 894; x_wconf 64' lang='grc' dir='ltr'>εἰρημένων,</span> <span class='ocrx_word' id='word_1_104' title='bbox 712 855 732 882; x_wconf 84' lang='grc' dir='ltr'>εἰ</span> <span class='ocrx_word' id='word_1_105' title='bbox 750 854 797 884; x_wconf 75' lang='grc' dir='ltr'>μὲν</span> <span class='ocrx_word' id='word_1_106' title='bbox 810 854 884 891; x_wconf 78' lang='grc' dir='ltr'>νόμῳ</span> 
     </span>
    </p>
   </div>
   <div class='ocr_carea' id='block_1_18' title="bbox 63 890 912 949">
    <p class='ocr_par' dir='ltr' id='par_1_18' title="bbox 63 890 912 949">
     <span class='ocr_line' id='line_1_18' title="bbox 63 890 912 949; baseline -0.002 -21"><span class='ocrx_word' id='word_1_107' title='bbox 63 890 101 933; x_wconf 66' lang='grc' dir='ltr'><strong>τις</strong></span> <span class='ocrx_word' id='word_1_108' title='bbox 116 890 230 940; x_wconf 71' lang='grc' dir='ltr'>ὁρμᾶται</span> <span class='ocrx_word' id='word_1_109' title='bbox 340 899 436 937; x_wconf 73' lang='grc' dir='ltr'>γάμον,</span> <span class='ocrx_word' id='word_1_110' title='bbox 459 890 578 949; x_wconf 60' lang='grc' dir='ltr'>ἤνοικται</span> <span class='ocrx_word' id='word_1_111' title='bbox 598 890 696 949; x_wconf 18' lang='grc' dir='ltr'>ντούτιμ</span> <span class='ocrx_word' id='word_1_112' title='bbox 723 901 794 949; x_wconf 73' lang='grc' dir='ltr'>πᾶσα</span> <span class='ocrx_word' id='word_1_113' title='bbox 808 899 825 932; x_wconf 78' lang='grc' dir='ltr'>ἡ</span> <span class='ocrx_word' id='word_1_114' title='bbox 842 890 881 926; x_wconf 81' lang='grc' dir='ltr'><strong>οἰ·</strong></span> <span class='ocrx_word' id='word_1_115' title='bbox 895 890 912 914; x_wconf 77' lang='grc' dir='ltr'>Β</span> 
     </span>
    </p>
   </div>
   <div class='ocr_carea' id='block_1_19' title="bbox 64 942 883 983">
    <p class='ocr_par' dir='ltr' id='par_1_19' title="bbox 64 942 883 983">
     <span class='ocr_line' id='line_1_19' title="bbox 64 942 883 983; baseline -0.004 -10"><span class='ocrx_word' id='word_1_116' title='bbox 64 945 190 983; x_wconf 56' lang='lat' dir='ltr'><strong>xeunt-Evn.</strong></span> <span class='ocrx_word' id='word_1_117' title='bbox 207 944 236 973; x_wconf 90' lang='grc' dir='ltr'>Τί</span> <span class='ocrx_word' id='word_1_118' title='bbox 250 942 275 971; x_wconf 73' lang='grc' dir='ltr'><strong>δ’</strong></span> <span class='ocrx_word' id='word_1_119' title='bbox 295 943 470 982; x_wconf 78' lang='grc' dir='ltr'>ἐννομώτερον</span> <span class='ocrx_word' id='word_1_120' title='bbox 482 943 591 981; x_wconf 71' lang='grc' dir='ltr'><strong>ἐκείνου⁷</strong></span> <span class='ocrx_word' id='word_1_121' title='bbox 615 944 629 970; x_wconf 79' lang='grc' dir='ltr'><strong>ὃ</strong></span> <span class='ocrx_word' id='word_1_122' title='bbox 651 944 719 980; x_wconf 77' lang='grc' dir='ltr'>μήτε</span> <span class='ocrx_word' id='word_1_123' title='bbox 741 943 820 980; x_wconf 86' lang='grc' dir='ltr'>νόμος</span> <span class='ocrx_word' id='word_1_124' title='bbox 836 953 883 970; x_wconf 91' lang='grc' dir='ltr'>πο-</span> 
     </span>
    </p>
   </div>
   <div class='ocr_carea' id='block_1_20' title="bbox 64 988 880 1028">
    <p class='ocr_par' dir='ltr' id='par_1_20' title="bbox 64 988 880 1028">
     <span class='ocr_line' id='line_1_20' title="bbox 64 988 880 1028; baseline -0.004 -10"><span class='ocrx_word' id='word_1_125' title='bbox 64 990 174 1021; x_wconf 79' lang='grc' dir='ltr'>λιτικὸς,</span> <span class='ocrx_word' id='word_1_126' title='bbox 199 989 267 1027; x_wconf 83' lang='grc' dir='ltr'>μήτε</span> <span class='ocrx_word' id='word_1_127' title='bbox 289 988 375 1017; x_wconf 88' lang='grc' dir='ltr'>κανὼν</span> <span class='ocrx_word' id='word_1_128' title='bbox 389 988 457 1027; x_wconf 79' lang='grc' dir='ltr'>ἱερὸς</span> <span class='ocrx_word' id='word_1_129' title='bbox 480 988 662 1028; x_wconf 78' lang='grc' dir='ltr'>ἀπαγορεύσας</span> <span class='ocrx_word' id='word_1_130' title='bbox 687 999 738 1017; x_wconf 85' lang='grc' dir='ltr'><strong>που</strong></span> <span class='ocrx_word' id='word_1_131' title='bbox 752 988 880 1027; x_wconf 74' lang='grc' dir='ltr'>φαίνεται,</span> 
     </span>
    </p>
   </div>
   <div class='ocr_carea' id='block_1_21' title="bbox 62 1031 883 1072">
    <p class='ocr_par' dir='ltr' id='par_1_21' title="bbox 62 1031 883 1072">
     <span class='ocr_line' id='line_1_21' title="bbox 62 1031 883 1072; baseline -0.005 -9"><span class='ocrx_word' id='word_1_132' title='bbox 62 1037 83 1063; x_wconf 77' lang='grc' dir='ltr'>εἰ</span> <span class='ocrx_word' id='word_1_133' title='bbox 98 1036 136 1072; x_wconf 82' lang='grc' dir='ltr'>μὴ</span> <span class='ocrx_word' id='word_1_134' title='bbox 152 1035 195 1062; x_wconf 84' lang='grc' dir='ltr'><strong>καὶ</strong></span> <span class='ocrx_word' id='word_1_135' title='bbox 229 1034 314 1072; x_wconf 81' lang='grc' dir='ltr'>ῥητῶς</span> <span class='ocrx_word' id='word_1_136' title='bbox 350 1033 419 1064; x_wconf 79' lang='grc' dir='ltr'>αὖθις</span> <span class='ocrx_word' id='word_1_137' title='bbox 448 1032 616 1072; x_wconf 78' lang='grc' dir='ltr'>ἐπέτρεψαν;</span> <span class='ocrx_word' id='word_1_138' title='bbox 655 1031 779 1071; x_wconf 86' lang='grc' dir='ltr'>Ἐπείπερ</span> <span class='ocrx_word' id='word_1_139' title='bbox 808 1032 836 1060; x_wconf 73' lang='grc' dir='ltr'><strong>οὒ</strong></span> <span class='ocrx_word' id='word_1_140' title='bbox 850 1033 883 1059; x_wconf 81' lang='grc' dir='ltr'>τὰ</span> 
     </span>
    </p>
   </div>
   <div class='ocr_carea' id='block_1_22' title="bbox 61 1075 881 1119">
    <p class='ocr_par' dir='ltr' id='par_1_22' title="bbox 61 1075 881 1119">
     <span class='ocr_line' id='line_1_22' title="bbox 61 1075 881 1119; baseline -0.004 -12"><span class='ocrx_word' id='word_1_141' title='bbox 61 1078 287 1119; x_wconf 72' lang='grc' dir='ltr'>συγκεγωρημένα</span> <span class='ocrx_word' id='word_1_142' title='bbox 302 1075 504 1116; x_wconf 75' lang='grc' dir='ltr'>περιλαμϐάνειν</span> <span class='ocrx_word' id='word_1_143' title='bbox 524 1077 626 1105; x_wconf 76' lang='grc' dir='ltr'>οἴδασιν</span> <span class='ocrx_word' id='word_1_144' title='bbox 654 1079 676 1104; x_wconf 77' lang='grc' dir='ltr'>οἱ</span> <span class='ocrx_word' id='word_1_145' title='bbox 706 1078 763 1116; x_wconf 87' lang='grc' dir='ltr'>περὶ</span> <span class='ocrx_word' id='word_1_146' title='bbox 784 1077 881 1105; x_wconf 80' lang='grc' dir='ltr'>τούτων</span> 
     </span>
    </p>
   </div>
   <div class='ocr_carea' id='block_1_23' title="bbox 60 1114 881 1162">
    <p class='ocr_par' dir='ltr' id='par_1_23' title="bbox 60 1114 881 1162">
     <span class='ocr_line' id='line_1_23' title="bbox 60 1114 881 1162; baseline -0.006 -9"><span class='ocrx_word' id='word_1_147' title='bbox 60 1114 287 1162; x_wconf 58' lang='grc' dir='ltr'>θεσμοθετοῦντες,</span> <span class='ocrx_word' id='word_1_148' title='bbox 332 1114 399 1149; x_wconf 67' lang='grc' dir='ltr'>ἀλλὰ</span> <span class='ocrx_word' id='word_1_149' title='bbox 428 1122 495 1158; x_wconf 84' lang='grc' dir='ltr'>μόνα</span> <span class='ocrx_word' id='word_1_150' title='bbox 521 1122 552 1150; x_wconf 78' lang='grc' dir='ltr'><strong>τὰ</strong></span> <span class='ocrx_word' id='word_1_151' title='bbox 580 1121 750 1159; x_wconf 71' lang='grc' dir='ltr'>κεκωλυμένα</span> <span class='ocrx_word' id='word_1_152' title='bbox 783 1121 881 1160; x_wconf 66' lang='grc' dir='ltr'>ἀπαρι-</span> 
     </span>
    </p>
   </div>
   <div class='ocr_carea' id='block_1_24' title="bbox 61 1164 882 1216">
    <p class='ocr_par' dir='ltr' id='par_1_24' title="bbox 61 1164 882 1216">
     <span class='ocr_line' id='line_1_24' title="bbox 61 1164 882 1216; baseline -0.006 -19"><span class='ocrx_word' id='word_1_153' title='bbox 61 1170 195 1207; x_wconf 74' lang='grc' dir='ltr'>θμεῖσθαι,</span> <span class='ocrx_word' id='word_1_154' title='bbox 211 1168 255 1195; x_wconf 85' lang='grc' dir='ltr'><strong>καὶ</strong></span> <span class='ocrx_word' id='word_1_155' title='bbox 270 1168 306 1194; x_wconf 84' lang='grc' dir='ltr'>ὧν</span> <span class='ocrx_word' id='word_1_156' title='bbox 334 1167 351 1200; x_wconf 84' lang='grc' dir='ltr'><strong>ἡ</strong></span> <span class='ocrx_word' id='word_1_157' title='bbox 376 1165 521 1216; x_wconf 57' lang='grc' dir='ltr'>παραϐασις</span> <span class='ocrx_word' id='word_1_158' title='bbox 551 1166 678 1216; x_wconf 66' lang='grc' dir='ltr'>μεγίστην</span> <span class='ocrx_word' id='word_1_159' title='bbox 708 1164 766 1216; x_wconf 72' lang='grc' dir='ltr'>οἶδε</span> <span class='ocrx_word' id='word_1_160' title='bbox 781 1164 882 1216; x_wconf 59' lang='grc' dir='ltr'>βλάϐην</span> 
     </span>
    </p>
   </div>
   <div class='ocr_carea' id='block_1_25' title="bbox 61 1206 882 1250">
    <p class='ocr_par' dir='ltr' id='par_1_25' title="bbox 61 1206 882 1250">
     <span class='ocr_line' id='line_1_25' title="bbox 61 1206 882 1250; baseline -0.005 -9"><span class='ocrx_word' id='word_1_161' title='bbox 61 1213 212 1241; x_wconf 75' lang='grc' dir='ltr'>ἀπο-τίκτειν</span> <span class='ocrx_word' id='word_1_162' title='bbox 258 1217 318 1242; x_wconf 66' lang='grc' dir='ltr'>τοῖς</span> <span class='ocrx_word' id='word_1_163' title='bbox 347 1210 558 1250; x_wconf 86' lang='grc' dir='ltr'>περιπίπτουσιν,</span> <span class='ocrx_word' id='word_1_164' title='bbox 583 1206 691 1249; x_wconf 61' lang='grc' dir='ltr'>’Ὥσπερ</span> <span class='ocrx_word' id='word_1_165' title='bbox 718 1211 761 1238; x_wconf 68' lang='grc' dir='ltr'><strong>καὶ</strong></span> <span class='ocrx_word' id='word_1_166' title='bbox 787 1208 814 1237; x_wconf 74' lang='grc' dir='ltr'>εἴ</span> <span class='ocrx_word' id='word_1_167' title='bbox 842 1221 882 1241; x_wconf 87' lang='grc' dir='ltr'><strong>τις</strong></span> 
     </span>
    </p>
   </div>
   <div class='ocr_carea' id='block_1_26' title="bbox 62 1254 884 1297">
    <p class='ocr_par' dir='ltr' id='par_1_26' title="bbox 62 1254 884 1297">
     <span class='ocr_line' id='line_1_26' title="bbox 62 1254 884 1297; baseline -0.005 -12"><span class='ocrx_word' id='word_1_168' title='bbox 62 1258 147 1297; x_wconf 77' lang='grc' dir='ltr'>ἱατρὸς</span> <span class='ocrx_word' id='word_1_169' title='bbox 168 1260 207 1293; x_wconf 87' lang='grc' dir='ltr'>τῷ</span> <span class='ocrx_word' id='word_1_170' title='bbox 224 1256 350 1293; x_wconf 74' lang='grc' dir='ltr'>κάμνοντι</span> <span class='ocrx_word' id='word_1_171' title='bbox 380 1255 561 1294; x_wconf 68' lang='grc' dir='ltr'>ἀπαγορεύσας</span> <span class='ocrx_word' id='word_1_172' title='bbox 589 1255 622 1283; x_wconf 79' lang='grc' dir='ltr'>τὰ</span> <span class='ocrx_word' id='word_1_173' title='bbox 657 1254 819 1294; x_wconf 68' lang='grc' dir='ltr'>βλάπτοντα,</span> <span class='ocrx_word' id='word_1_174' title='bbox 855 1255 884 1281; x_wconf 73' lang='grc' dir='ltr'>οὐ</span> 
     </span>
    </p>
   </div>
   <div class='ocr_carea' id='block_1_27' title="bbox 63 1298 883 1339">
    <p class='ocr_par' dir='ltr' id='par_1_27' title="bbox 63 1298 883 1339">
     <span class='ocr_line' id='line_1_27' title="bbox 63 1298 883 1339; baseline -0.005 -9"><span class='ocrx_word' id='word_1_175' title='bbox 63 1302 166 1333; x_wconf 80' lang='grc' dir='ltr'>πάντως</span> <span class='ocrx_word' id='word_1_176' title='bbox 193 1301 312 1339; x_wconf 79' lang='grc' dir='ltr'>ἀνάγκην</span> <span class='ocrx_word' id='word_1_177' title='bbox 353 1299 412 1339; x_wconf 75' lang='grc' dir='ltr'>ἔχει</span> <span class='ocrx_word' id='word_1_178' title='bbox 455 1300 498 1327; x_wconf 80' lang='grc' dir='ltr'><strong>καὶ</strong></span> <span class='ocrx_word' id='word_1_179' title='bbox 540 1299 694 1338; x_wconf 72' lang='grc' dir='ltr'>καταλέγειν</span> <span class='ocrx_word' id='word_1_180' title='bbox 721 1299 770 1327; x_wconf 81' lang='grc' dir='ltr'><strong>ἆνὰ</strong></span> <span class='ocrx_word' id='word_1_181' title='bbox 805 1298 883 1338; x_wconf 86' lang='grc' dir='ltr'>μέρος</span> 
     </span>
    </p>
   </div>
   <div class='ocr_carea' id='block_1_28' title="bbox 63 1342 884 1384">
    <p class='ocr_par' dir='ltr' id='par_1_28' title="bbox 63 1342 884 1384">
     <span class='ocr_line' id='line_1_28' title="bbox 63 1342 884 1384; baseline -0.006 -10"><span class='ocrx_word' id='word_1_182' title='bbox 63 1346 165 1374; x_wconf 71' lang='grc' dir='ltr'>ἅπαντα</span> <span class='ocrx_word' id='word_1_183' title='bbox 179 1346 212 1373; x_wconf 83' lang='grc' dir='ltr'>τὰ</span> <span class='ocrx_word' id='word_1_184' title='bbox 227 1348 260 1383; x_wconf 77' lang='grc' dir='ltr'>τῇ</span> <span class='ocrx_word' id='word_1_185' title='bbox 281 1345 355 1384; x_wconf 79' lang='grc' dir='ltr'>φύσει</span> <span class='ocrx_word' id='word_1_186' title='bbox 383 1343 465 1382; x_wconf 81' lang='grc' dir='ltr'>μηδὲν</span> <span class='ocrx_word' id='word_1_187' title='bbox 487 1344 676 1381; x_wconf 80' lang='grc' dir='ltr'>λυμαινόμενα.</span> <span class='ocrx_word' id='word_1_188' title='bbox 713 1342 796 1372; x_wconf 82' lang='grc' dir='ltr'>Ἀλλὰ</span> <span class='ocrx_word' id='word_1_189' title='bbox 810 1342 884 1382; x_wconf 73' lang='grc' dir='ltr'>δεῦρο</span> 
     </span>
    </p>
   </div>
   <div class='ocr_carea' id='block_1_29' title="bbox 62 1387 883 1428">
    <p class='ocr_par' dir='ltr' id='par_1_29' title="bbox 62 1387 883 1428">
     <span class='ocr_line' id='line_1_29' title="bbox 62 1387 883 1428; baseline -0.004 -10"><span class='ocrx_word' id='word_1_190' title='bbox 62 1391 154 1418; x_wconf 77' lang='grc' dir='ltr'>λοιπὸν</span> <span class='ocrx_word' id='word_1_191' title='bbox 169 1391 184 1418; x_wconf 79' lang='grc' dir='ltr'><strong>ὁ</strong></span> <span class='ocrx_word' id='word_1_192' title='bbox 218 1391 251 1418; x_wconf 74' lang='grc' dir='ltr'><strong>τὰ</strong></span> <span class='ocrx_word' id='word_1_193' title='bbox 277 1391 336 1417; x_wconf 71' lang='grc' dir='ltr'>θεῖα</span> <span class='ocrx_word' id='word_1_194' title='bbox 371 1388 609 1428; x_wconf 68' lang='grc' dir='ltr'>παρεξηγούμενος,</span> <span class='ocrx_word' id='word_1_195' title='bbox 641 1388 705 1417; x_wconf 65' lang='grc' dir='ltr'>αὐτὰ</span> <span class='ocrx_word' id='word_1_196' title='bbox 730 1389 794 1427; x_wconf 71' lang='grc' dir='ltr'>πρὸς</span> <span class='ocrx_word' id='word_1_197' title='bbox 821 1387 883 1418; x_wconf 77' lang='grc' dir='ltr'>ἔπος</span> 
     </span>
    </p>
   </div>
   <div class='ocr_carea' id='block_1_30' title="bbox 61 1431 881 1474">
    <p class='ocr_par' dir='ltr' id='par_1_30' title="bbox 61 1431 881 1474">
     <span class='ocr_line' id='line_1_30' title="bbox 61 1431 881 1474; baseline -0.004 -12"><span class='ocrx_word' id='word_1_198' title='bbox 61 1434 260 1474; x_wconf 79' lang='grc' dir='ltr'>διερμηνεύθητι</span> <span class='ocrx_word' id='word_1_199' title='bbox 283 1434 316 1461; x_wconf 78' lang='grc' dir='ltr'>τὰ</span> <span class='ocrx_word' id='word_1_200' title='bbox 345 1436 395 1466; x_wconf 82' lang='grc' dir='ltr'>τῆς</span> <span class='ocrx_word' id='word_1_201' title='bbox 425 1432 565 1466; x_wconf 78' lang='grc' dir='ltr'>ἐπιστολῆς</span> <span class='ocrx_word' id='word_1_202' title='bbox 595 1436 641 1460; x_wconf 76' lang='grc' dir='ltr'>τοῦ</span> <span class='ocrx_word' id='word_1_203' title='bbox 672 1431 786 1471; x_wconf 80' lang='grc' dir='ltr'>μεγάλου</span> <span class='ocrx_word' id='word_1_204' title='bbox 801 1432 881 1470; x_wconf 77' lang='grc' dir='ltr'>ῥήτο-</span> 
     </span>
    </p>
   </div>
   <div class='ocr_carea' id='block_1_31' title="bbox 61 1476 882 1519">
    <p class='ocr_par' dir='ltr' id='par_1_31' title="bbox 61 1476 882 1519">
     <span class='ocr_line' id='line_1_31' title="bbox 61 1476 882 1519; baseline -0.004 -13"><span class='ocrx_word' id='word_1_205' title='bbox 61 1491 115 1519; x_wconf 75' lang='grc' dir='ltr'><strong>ρος³</strong></span> <span class='ocrx_word' id='word_1_206' title='bbox 139 1482 174 1517; x_wconf 78' lang='grc' dir='ltr'>τῇ</span> <span class='ocrx_word' id='word_1_207' title='bbox 188 1477 288 1514; x_wconf 76' lang='grc' dir='ltr'>διανοίᾳ</span> <span class='ocrx_word' id='word_1_208' title='bbox 302 1479 345 1506; x_wconf 83' lang='grc' dir='ltr'><strong>καὶ</strong></span> <span class='ocrx_word' id='word_1_209' title='bbox 370 1482 408 1515; x_wconf 87' lang='grc' dir='ltr'>τῷ</span> <span class='ocrx_word' id='word_1_210' title='bbox 440 1481 532 1515; x_wconf 85' lang='grc' dir='ltr'>σκοπῷ</span> <span class='ocrx_word' id='word_1_211' title='bbox 567 1480 619 1506; x_wconf 84' lang='grc' dir='ltr'>τῶν</span> <span class='ocrx_word' id='word_1_212' title='bbox 653 1476 803 1516; x_wconf 86' lang='grc' dir='ltr'>λεγομένων</span> <span class='ocrx_word' id='word_1_213' title='bbox 837 1477 882 1504; x_wconf 81' lang='grc' dir='ltr'><strong>τὸν</strong></span> 
     </span>
    </p>
   </div>
   <div class='ocr_carea' id='block_1_32' title="bbox 921 231 1748 270">
    <p class='ocr_par' dir='ltr' id='par_1_32' title="bbox 921 231 1748 270">
     <span class='ocr_line' id='line_1_32' title="bbox 921 231 1748 270; baseline 0.004 -10"><span class='ocrx_word' id='word_1_214' title='bbox 921 234 1101 269; x_wconf 85' lang='lat' dir='ltr'><strong>transverso,</strong></span> <span class='ocrx_word' id='word_1_215' title='bbox 1118 240 1171 270; x_wconf 89' lang='lat' dir='ltr'><strong>per</strong></span> <span class='ocrx_word' id='word_1_216' title='bbox 1186 231 1306 262; x_wconf 90' lang='lat' dir='ltr'><strong>modum</strong></span> <span class='ocrx_word' id='word_1_217' title='bbox 1322 231 1482 270; x_wconf 80' lang='lat' dir='ltr'><strong>afﬁnitatis,</strong></span> <span class='ocrx_word' id='word_1_218' title='bbox 1497 231 1620 263; x_wconf 80' lang='lat' dir='ltr'><strong>familiae</strong></span> <span class='ocrx_word' id='word_1_219' title='bbox 1635 232 1748 263; x_wconf 84' lang='lat' dir='ltr'><strong>Plotini</strong></span> 
     </span>
    </p>
   </div>
   <div class='ocr_carea' id='block_1_33' title="bbox 920 273 1744 317">
    <p class='ocr_par' dir='ltr' id='par_1_33' title="bbox 920 273 1744 317">
     <span class='ocr_line' id='line_1_33' title="bbox 920 273 1744 317; baseline 0.004 -13"><span class='ocrx_word' id='word_1_220' title='bbox 920 273 1141 305; x_wconf 84' lang='lat' dir='ltr'><strong>necessitudine</strong></span> <span class='ocrx_word' id='word_1_221' title='bbox 1152 275 1300 314; x_wconf 87' lang='lat' dir='ltr'><strong>junctum,</strong></span> <span class='ocrx_word' id='word_1_222' title='bbox 1319 276 1399 307; x_wconf 91' lang='lat' dir='ltr'><strong>nulla</strong></span> <span class='ocrx_word' id='word_1_223' title='bbox 1421 286 1552 317; x_wconf 88' lang='lat' dir='ltr'><strong>unquam</strong></span> <span class='ocrx_word' id='word_1_224' title='bbox 1568 277 1633 316; x_wconf 85' lang='lat' dir='ltr'><strong>lege</strong></span> <span class='ocrx_word' id='word_1_225' title='bbox 1649 285 1744 308; x_wconf 85' lang='lat' dir='ltr'><strong>avun-</strong></span> 
     </span>
    </p>
   </div>
   <div class='ocr_carea' id='block_1_34' title="bbox 920 318 1745 358">
    <p class='ocr_par' dir='ltr' id='par_1_34' title="bbox 920 318 1745 358">
     <span class='ocr_line' id='line_1_34' title="bbox 920 318 1745 358; baseline 0.006 -10"><span class='ocrx_word' id='word_1_226' title='bbox 920 318 1021 349; x_wconf 87' lang='lat' dir='ltr'><strong>culum</strong></span> <span class='ocrx_word' id='word_1_227' title='bbox 1034 318 1099 358; x_wconf 88' lang='lat' dir='ltr'><strong>ejus</strong></span> <span class='ocrx_word' id='word_1_228' title='bbox 1110 318 1168 349; x_wconf 89' lang='lat' dir='ltr'><strong>dici</strong></span> <span class='ocrx_word' id='word_1_229' title='bbox 1182 319 1330 358; x_wconf 85' lang='lat' dir='ltr'><strong>probatur.</strong></span> <span class='ocrx_word' id='word_1_230' title='bbox 1343 321 1379 351; x_wconf 88' lang='lat' dir='ltr'><strong>At</strong></span> <span class='ocrx_word' id='word_1_231' title='bbox 1389 330 1457 352; x_wconf 92' lang='lat' dir='ltr'><strong>vero</strong></span> <span class='ocrx_word' id='word_1_232' title='bbox 1482 330 1516 351; x_wconf 88' lang='lat' dir='ltr'><strong>ex</strong></span> <span class='ocrx_word' id='word_1_233' title='bbox 1529 320 1662 352; x_wconf 86' lang='lat' dir='ltr'><strong>illatione</strong></span> <span class='ocrx_word' id='word_1_234' title='bbox 1671 331 1745 353; x_wconf 88' lang='lat' dir='ltr'><strong>con-</strong></span> 
     </span>
    </p>
   </div>
   <div class='ocr_carea' id='block_1_35' title="bbox 920 362 1745 406">
    <p class='ocr_par' dir='ltr' id='par_1_35' title="bbox 920 362 1745 406">
     <span class='ocr_line' id='line_1_35' title="bbox 920 362 1745 406; baseline 0.006 -14"><span class='ocrx_word' id='word_1_235' title='bbox 920 363 1071 403; x_wconf 89' lang='lat' dir='ltr'><strong>sequentis</strong></span> <span class='ocrx_word' id='word_1_236' title='bbox 1079 362 1108 393; x_wconf 94' lang='lat' dir='ltr'><strong>id</strong></span> <span class='ocrx_word' id='word_1_237' title='bbox 1121 363 1292 394; x_wconf 78' lang='lat' dir='ltr'><strong>ratiocinari</strong></span> <span class='ocrx_word' id='word_1_238' title='bbox 1302 365 1388 402; x_wconf 84' lang='lat' dir='ltr'><strong>velle,</strong></span> <span class='ocrx_word' id='word_1_239' title='bbox 1401 365 1479 406; x_wconf 90' lang='lat' dir='ltr'><strong>quod</strong></span> <span class='ocrx_word' id='word_1_240' title='bbox 1492 365 1610 397; x_wconf 91' lang='lat' dir='ltr'><strong>silentio</strong></span> <span class='ocrx_word' id='word_1_241' title='bbox 1623 366 1745 406; x_wconf 86' lang='lat' dir='ltr'><strong>tegitur,</strong></span> 
     </span>
    </p>
   </div>
   <div class='ocr_carea' id='block_1_36' title="bbox 920 407 1746 450">
    <p class='ocr_par' dir='ltr' id='par_1_36' title="bbox 920 407 1746 450">
     <span class='ocr_line' id='line_1_36' title="bbox 920 407 1746 450; baseline 0.007 -13"><span class='ocrx_word' id='word_1_242' title='bbox 920 411 951 437; x_wconf 93' lang='lat' dir='ltr'><strong>ut</strong></span> <span class='ocrx_word' id='word_1_243' title='bbox 965 416 1032 437; x_wconf 94' lang='lat' dir='ltr'><strong>cum</strong></span> <span class='ocrx_word' id='word_1_244' title='bbox 1049 407 1104 438; x_wconf 89' lang='lat' dir='ltr'><strong>hoc</strong></span> <span class='ocrx_word' id='word_1_245' title='bbox 1120 408 1184 447; x_wconf 90' lang='lat' dir='ltr'><strong>ipso</strong></span> <span class='ocrx_word' id='word_1_246' title='bbox 1202 408 1339 449; x_wconf 81' lang='lat' dir='ltr'><strong>theologo</strong></span> <span class='ocrx_word' id='word_1_247' title='bbox 1362 409 1466 450; x_wconf 87' lang='lat' dir='ltr'><strong>loquar</strong></span> <span class='ocrx_word' id='word_1_248' title='bbox 1490 409 1669 450; x_wconf 86' lang='lat' dir='ltr'><strong>legislatoris</strong></span> <span class='ocrx_word' id='word_1_249' title='bbox 1687 415 1746 448; x_wconf 84' lang='lat' dir='ltr'><strong>est,</strong></span> 
     </span>
    </p>
   </div>
   <div class='ocr_carea' id='block_1_37' title="bbox 921 451 1274 491">
    <p class='ocr_par' dir='ltr' id='par_1_37' title="bbox 921 451 1274 491">
     <span class='ocr_line' id='line_1_37' title="bbox 921 451 1274 491; baseline 0.006 -10"><span class='ocrx_word' id='word_1_250' title='bbox 921 460 980 482; x_wconf 91' lang='lat' dir='ltr'><strong>non</strong></span> <span class='ocrx_word' id='word_1_251' title='bbox 997 452 1091 490; x_wconf 85' lang='lat' dir='ltr'><strong>legem</strong></span> <span class='ocrx_word' id='word_1_252' title='bbox 1106 451 1274 491; x_wconf 86' lang='lat' dir='ltr'><strong>allegantis.</strong></span> 
     </span>
    </p>
   </div>
   <div class='ocr_carea' id='block_1_38' title="bbox 961 496 1747 540">
    <p class='ocr_par' dir='ltr' id='par_1_38' title="bbox 961 496 1747 540">
     <span class='ocr_line' id='line_1_38' title="bbox 961 496 1747 540; baseline 0.009 -15"><span class='ocrx_word' id='word_1_253' title='bbox 961 497 1033 526; x_wconf 89' lang='lat' dir='ltr'><strong>Nam</strong></span> <span class='ocrx_word' id='word_1_254' title='bbox 1050 496 1106 526; x_wconf 88' lang='lat' dir='ltr'><strong>hoc</strong></span> <span class='ocrx_word' id='word_1_255' title='bbox 1120 496 1240 536; x_wconf 90' lang='lat' dir='ltr'><strong>quidem</strong></span> <span class='ocrx_word' id='word_1_256' title='bbox 1256 497 1344 528; x_wconf 89' lang='lat' dir='ltr'><strong>modo</strong></span> <span class='ocrx_word' id='word_1_257' title='bbox 1368 497 1469 529; x_wconf 81' lang='lat' dir='ltr'><strong>licebit</strong></span> <span class='ocrx_word' id='word_1_258' title='bbox 1496 499 1640 530; x_wconf 81' lang='lat' dir='ltr'><strong>malitiose</strong></span> <span class='ocrx_word' id='word_1_259' title='bbox 1656 509 1747 540; x_wconf 84' lang='lat' dir='ltr'><strong>agere</strong></span> 
     </span>
    </p>
   </div>
   <div class='ocr_carea' id='block_1_39' title="bbox 922 540 1744 582">
    <p class='ocr_par' dir='ltr' id='par_1_39' title="bbox 922 540 1744 582">
     <span class='ocr_line' id='line_1_39' title="bbox 922 540 1744 582; baseline 0.007 -13"><span class='ocrx_word' id='word_1_260' title='bbox 922 540 1042 577; x_wconf 87' lang='lat' dir='ltr'><strong>volenti,</strong></span> <span class='ocrx_word' id='word_1_261' title='bbox 1054 540 1141 570; x_wconf 87' lang='lat' dir='ltr'><strong>etiam</strong></span> <span class='ocrx_word' id='word_1_262' title='bbox 1150 540 1187 571; x_wconf 82' lang='lat' dir='ltr'><strong>ad</strong></span> <span class='ocrx_word' id='word_1_263' title='bbox 1195 541 1371 572; x_wconf 87' lang='lat' dir='ltr'><strong>remotiores</strong></span> <span class='ocrx_word' id='word_1_264' title='bbox 1377 551 1487 582; x_wconf 85' lang='lat' dir='ltr'><strong>genere</strong></span> <span class='ocrx_word' id='word_1_265' title='bbox 1493 543 1569 573; x_wconf 89' lang='lat' dir='ltr'><strong>hanc</strong></span> <span class='ocrx_word' id='word_1_266' title='bbox 1577 543 1744 575; x_wconf 87' lang='lat' dir='ltr'><strong>orationem</strong></span> 
     </span>
    </p>
   </div>
   <div class='ocr_carea' id='block_1_40' title="bbox 923 584 1747 626">
    <p class='ocr_par' dir='ltr' id='par_1_40' title="bbox 923 584 1747 626">
     <span class='ocr_line' id='line_1_40' title="bbox 923 584 1747 626; baseline 0.007 -12"><span class='ocrx_word' id='word_1_267' title='bbox 923 584 1094 625; x_wconf 80' lang='lat' dir='ltr'><strong>extendere,</strong></span> <span class='ocrx_word' id='word_1_268' title='bbox 1112 589 1196 625; x_wconf 85' lang='lat' dir='ltr'><strong>atqus</strong></span> <span class='ocrx_word' id='word_1_269' title='bbox 1225 595 1329 617; x_wconf 92' lang='lat' dir='ltr'><strong>omnes</strong></span> <span class='ocrx_word' id='word_1_270' title='bbox 1358 586 1467 626; x_wconf 88' lang='lat' dir='ltr'><strong>pariter</strong></span> <span class='ocrx_word' id='word_1_271' title='bbox 1494 589 1747 621; x_wconf 87' lang='lat' dir='ltr'><strong>aconsuetudine</strong></span> 
     </span>
    </p>
   </div>
   <div class='ocr_carea' id='block_1_41' title="bbox 923 629 1744 673">
    <p class='ocr_par' dir='ltr' id='par_1_41' title="bbox 923 629 1744 673">
     <span class='ocr_line' id='line_1_41' title="bbox 923 629 1744 673; baseline 0.007 -15"><span class='ocrx_word' id='word_1_272' title='bbox 923 629 1131 660; x_wconf 88' lang='lat' dir='ltr'><strong>matrimoniali</strong></span> <span class='ocrx_word' id='word_1_273' title='bbox 1145 630 1315 670; x_wconf 85' lang='lat' dir='ltr'><strong>excludere,</strong></span> <span class='ocrx_word' id='word_1_274' title='bbox 1326 635 1445 671; x_wconf 84' lang='lat' dir='ltr'><strong>propter</strong></span> <span class='ocrx_word' id='word_1_275' title='bbox 1455 632 1532 662; x_wconf 91' lang='lat' dir='ltr'><strong>hanc</strong></span> <span class='ocrx_word' id='word_1_276' title='bbox 1541 632 1656 672; x_wconf 82' lang='lat' dir='ltr'><strong>longius</strong></span> <span class='ocrx_word' id='word_1_277' title='bbox 1673 643 1744 673; x_wconf 87' lang='lat' dir='ltr'><strong>pro—</strong></span> 
     </span>
    </p>
   </div>
   <div class='ocr_carea' id='block_1_42' title="bbox 925 674 1744 717">
    <p class='ocr_par' dir='ltr' id='par_1_42' title="bbox 925 674 1744 717">
     <span class='ocr_line' id='line_1_42' title="bbox 925 674 1744 717; baseline 0.006 -13"><span class='ocrx_word' id='word_1_278' title='bbox 925 679 1039 705; x_wconf 85' lang='lat' dir='ltr'><strong>tensam</strong></span> <span class='ocrx_word' id='word_1_279' title='bbox 1054 674 1260 714; x_wconf 82' lang='lat' dir='ltr'><strong>infinitamque</strong></span> <span class='ocrx_word' id='word_1_280' title='bbox 1276 675 1384 706; x_wconf 90' lang='lat' dir='ltr'><strong>lineam</strong></span> <span class='ocrx_word' id='word_1_281' title='bbox 1401 680 1430 706; x_wconf 91' lang='lat' dir='ltr'><strong>et</strong></span> <span class='ocrx_word' id='word_1_282' title='bbox 1445 676 1554 707; x_wconf 77' lang='lat' dir='ltr'><strong>sealam</strong></span> <span class='ocrx_word' id='word_1_283' title='bbox 1571 688 1578 708; x_wconf 86' lang='lat'><strong>:</strong></span> <span class='ocrx_word' id='word_1_284' title='bbox 1600 687 1657 717; x_wconf 93' lang='lat' dir='ltr'><strong>quo</strong></span> <span class='ocrx_word' id='word_1_285' title='bbox 1673 687 1744 710; x_wconf 85' lang='lat' dir='ltr'><strong>sane</strong></span> 
     </span>
    </p>
   </div>
   <div class='ocr_carea' id='block_1_43' title="bbox 925 718 1746 760">
    <p class='ocr_par' dir='ltr' id='par_1_43' title="bbox 925 718 1746 760">
     <span class='ocr_line' id='line_1_43' title="bbox 925 718 1746 760; baseline 0.007 -13"><span class='ocrx_word' id='word_1_286' title='bbox 925 718 993 758; x_wconf 87' lang='lat' dir='ltr'><strong>quid</strong></span> <span class='ocrx_word' id='word_1_287' title='bbox 1012 718 1074 748; x_wconf 83' lang='lat' dir='ltr'><strong>fieri</strong></span> <span class='ocrx_word' id='word_1_288' title='bbox 1088 718 1180 758; x_wconf 86' lang='lat' dir='ltr'><strong>possit</strong></span> <span class='ocrx_word' id='word_1_289' title='bbox 1195 719 1334 758; x_wconf 88' lang='lat' dir='ltr'><strong>injustius</strong></span> <span class='ocrx_word' id='word_1_290' title='bbox 1350 720 1362 749; x_wconf 82' lang='lat'><strong>?</strong></span> <span class='ocrx_word' id='word_1_291' title='bbox 1378 721 1542 760; x_wconf 76' lang='lat' dir='ltr'><strong>przesertim</strong></span> <span class='ocrx_word' id='word_1_292' title='bbox 1559 731 1624 752; x_wconf 91' lang='lat' dir='ltr'><strong>cum</strong></span> <span class='ocrx_word' id='word_1_293' title='bbox 1642 721 1673 752; x_wconf 92' lang='lat' dir='ltr'><strong>in</strong></span> <span class='ocrx_word' id='word_1_294' title='bbox 1688 723 1746 754; x_wconf 82' lang='lat' dir='ltr'><strong>line</strong></span> 
     </span>
    </p>
   </div>
   <div class='ocr_carea' id='block_1_44' title="bbox 924 762 1745 806">
    <p class='ocr_par' dir='ltr' id='par_1_44' title="bbox 924 762 1745 806">
     <span class='ocr_line' id='line_1_44' title="bbox 924 762 1745 806; baseline 0.009 -15"><span class='ocrx_word' id='word_1_295' title='bbox 924 763 972 792; x_wconf 85' lang='lat' dir='ltr'><strong>hic</strong></span> <span class='ocrx_word' id='word_1_296' title='bbox 983 762 1061 792; x_wconf 88' lang='lat' dir='ltr'><strong>idem</strong></span> <span class='ocrx_word' id='word_1_297' title='bbox 1076 766 1158 802; x_wconf 90' lang='lat' dir='ltr'><strong>paler</strong></span> <span class='ocrx_word' id='word_1_298' title='bbox 1168 762 1308 801; x_wconf 85' lang='lat' dir='ltr'><strong>legitimis</strong></span> <span class='ocrx_word' id='word_1_299' title='bbox 1319 764 1430 804; x_wconf 89' lang='lat' dir='ltr'><strong>nuptiis</strong></span> <span class='ocrx_word' id='word_1_300' title='bbox 1439 765 1527 796; x_wconf 89' lang='lat' dir='ltr'><strong>latam</strong></span> <span class='ocrx_word' id='word_1_301' title='bbox 1542 766 1654 806; x_wconf 88' lang='lat' dir='ltr'><strong>aperiat</strong></span> <span class='ocrx_word' id='word_1_302' title='bbox 1668 767 1745 798; x_wconf 83' lang='lat' dir='ltr'><strong>viam</strong></span> 
     </span>
    </p>
   </div>
   <div class='ocr_carea' id='block_1_45' title="bbox 925 807 1744 849">
    <p class='ocr_par' dir='ltr' id='par_1_45' title="bbox 925 807 1744 849">
     <span class='ocr_line' id='line_1_45' title="bbox 925 807 1744 849; baseline 0.007 -13"><span class='ocrx_word' id='word_1_303' title='bbox 925 807 1111 837; x_wconf 88' lang='lat' dir='ltr'><strong>etevidenter</strong></span> <span class='ocrx_word' id='word_1_304' title='bbox 1122 807 1179 838; x_wconf 90' lang='lat' dir='ltr'><strong>huc</strong></span> <span class='ocrx_word' id='word_1_305' title='bbox 1191 807 1524 849; x_wconf 87' lang='lat' dir='ltr'><strong>invitet.Subjicitenim</strong></span> <span class='ocrx_word' id='word_1_306' title='bbox 1539 822 1544 839; x_wconf 94' lang='lat'>:</span> <span class='ocrx_word' id='word_1_307' title='bbox 1557 810 1627 842; x_wconf 76' lang='lat' dir='ltr'><strong>Haec</strong></span> <span class='ocrx_word' id='word_1_308' title='bbox 1642 820 1744 842; x_wconf 92' lang='lat' dir='ltr'><strong>eorum</strong></span> 
     </span>
    </p>
   </div>
   <div class='ocr_carea' id='block_1_46' title="bbox 925 851 1746 894">
    <p class='ocr_par' dir='ltr' id='par_1_46' title="bbox 925 851 1746 894">
     <span class='ocr_line' id='line_1_46' title="bbox 925 851 1746 894; baseline 0.007 -13"><span class='ocrx_word' id='word_1_309' title='bbox 925 856 968 882; x_wconf 91' lang='lat' dir='ltr'><strong>est</strong></span> <span class='ocrx_word' id='word_1_310' title='bbox 983 860 1098 881; x_wconf 86' lang='lat' dir='ltr'><strong>summa</strong></span> <span class='ocrx_word' id='word_1_311' title='bbox 1113 860 1178 890; x_wconf 50' lang='lat' dir='ltr'><strong>quae,</strong></span> <span class='ocrx_word' id='word_1_312' title='bbox 1193 851 1271 883; x_wconf 85' lang='lat' dir='ltr'><strong>dicta</strong></span> <span class='ocrx_word' id='word_1_313' title='bbox 1297 857 1376 883; x_wconf 90' lang='lat' dir='ltr'><strong>sunt.</strong></span> <span class='ocrx_word' id='word_1_314' title='bbox 1409 853 1440 884; x_wconf 89' lang='lat' dir='ltr'><strong>Si</strong></span> <span class='ocrx_word' id='word_1_315' title='bbox 1468 855 1534 894; x_wconf 91' lang='lat' dir='ltr'><strong>quis</strong></span> <span class='ocrx_word' id='word_1_316' title='bbox 1549 855 1613 894; x_wconf 85' lang='lat' dir='ltr'><strong>lege</strong></span> <span class='ocrx_word' id='word_1_317' title='bbox 1628 856 1746 887; x_wconf 90' lang='lat' dir='ltr'><strong>ducitur</strong></span> 
     </span>
    </p>
   </div>
   <div class='ocr_carea' id='block_1_47' title="bbox 924 895 1746 938">
    <p class='ocr_par' dir='ltr' id='par_1_47' title="bbox 924 895 1746 938">
     <span class='ocr_line' id='line_1_47' title="bbox 924 895 1746 938; baseline 0.01 -14"><span class='ocrx_word' id='word_1_318' title='bbox 924 895 959 925; x_wconf 88' lang='lat' dir='ltr'><strong>ad</strong></span> <span class='ocrx_word' id='word_1_319' title='bbox 976 895 1104 934; x_wconf 88' lang='lat' dir='ltr'><strong>nuptias,</strong></span> <span class='ocrx_word' id='word_1_320' title='bbox 1121 895 1149 926; x_wconf 87' lang='lat' dir='ltr'><strong>ei</strong></span> <span class='ocrx_word' id='word_1_321' title='bbox 1166 899 1242 926; x_wconf 87' lang='lat' dir='ltr'><strong>totus</strong></span> <span class='ocrx_word' id='word_1_322' title='bbox 1259 896 1340 927; x_wconf 86' lang='lat' dir='ltr'><strong>orbis</strong></span> <span class='ocrx_word' id='word_1_323' title='bbox 1350 902 1469 938; x_wconf 89' lang='lat' dir='ltr'><strong>apertus</strong></span> <span class='ocrx_word' id='word_1_324' title='bbox 1480 903 1536 931; x_wconf 90' lang='lat' dir='ltr'><strong>est.</strong></span> <span class='ocrx_word' id='word_1_325' title='bbox 1554 899 1631 936; x_wconf 90' lang='lat' dir='ltr'><strong>Quid</strong></span> <span class='ocrx_word' id='word_1_326' title='bbox 1647 905 1746 932; x_wconf 88' lang='lat' dir='ltr'><strong>autem</strong></span> 
     </span>
    </p>
   </div>
   <div class='ocr_carea' id='block_1_48' title="bbox 924 939 1746 984">
    <p class='ocr_par' dir='ltr' id='par_1_48' title="bbox 924 939 1746 984">
     <span class='ocr_line' id='line_1_48' title="bbox 924 939 1746 984; baseline 0.01 -16"><span class='ocrx_word' id='word_1_327' title='bbox 924 939 1018 978; x_wconf 84' lang='lat' dir='ltr'><strong>magis</strong></span> <span class='ocrx_word' id='word_1_328' title='bbox 1034 943 1127 969; x_wconf 79' lang='lat' dir='ltr'><strong>esteo</strong></span> <span class='ocrx_word' id='word_1_329' title='bbox 1156 939 1332 981; x_wconf 83' lang='lat' dir='ltr'><strong>legitimum,</strong></span> <span class='ocrx_word' id='word_1_330' title='bbox 1363 942 1442 982; x_wconf 89' lang='lat' dir='ltr'><strong>quod</strong></span> <span class='ocrx_word' id='word_1_331' title='bbox 1472 952 1569 984; x_wconf 89' lang='lat' dir='ltr'><strong>neque</strong></span> <span class='ocrx_word' id='word_1_332' title='bbox 1581 945 1632 984; x_wconf 89' lang='lat' dir='ltr'><strong>jus</strong></span> <span class='ocrx_word' id='word_1_333' title='bbox 1648 945 1746 983; x_wconf 84' lang='lat' dir='ltr'><strong>civile,</strong></span> 
     </span>
    </p>
   </div>
   <div class='ocr_carea' id='block_1_49' title="bbox 923 984 1744 1030">
    <p class='ocr_par' dir='ltr' id='par_1_49' title="bbox 923 984 1744 1030">
     <span class='ocr_line' id='line_1_49' title="bbox 923 984 1744 1030; baseline 0.01 -17"><span class='ocrx_word' id='word_1_334' title='bbox 923 992 1020 1023; x_wconf 86' lang='lat' dir='ltr'><strong>neque</strong></span> <span class='ocrx_word' id='word_1_335' title='bbox 1030 992 1146 1014; x_wconf 88' lang='lat' dir='ltr'><strong>sacrum</strong></span> <span class='ocrx_word' id='word_1_336' title='bbox 1156 984 1286 1024; x_wconf 83' lang='lat' dir='ltr'><strong>aliquem</strong></span> <span class='ocrx_word' id='word_1_337' title='bbox 1296 995 1440 1016; x_wconf 90' lang='lat' dir='ltr'><strong>canonem</strong></span> <span class='ocrx_word' id='word_1_338' title='bbox 1451 988 1640 1027; x_wconf 89' lang='lat' dir='ltr'><strong>prohibuisse</strong></span> <span class='ocrx_word' id='word_1_339' title='bbox 1650 995 1744 1030; x_wconf 88' lang='lat' dir='ltr'><strong>paret,</strong></span> 
     </span>
    </p>
   </div>
   <div class='ocr_carea' id='block_1_50' title="bbox 925 1028 1748 1073">
    <p class='ocr_par' dir='ltr' id='par_1_50' title="bbox 925 1028 1748 1073">
     <span class='ocr_line' id='line_1_50' title="bbox 925 1028 1748 1073; baseline 0.01 -16"><span class='ocrx_word' id='word_1_340' title='bbox 925 1029 1040 1058; x_wconf 88' lang='lat' dir='ltr'><strong>tametsi</strong></span> <span class='ocrx_word' id='word_1_341' title='bbox 1055 1028 1165 1058; x_wconf 88' lang='lat' dir='ltr'><strong>diserte</strong></span> <span class='ocrx_word' id='word_1_342' title='bbox 1192 1038 1250 1060; x_wconf 91' lang='lat' dir='ltr'><strong>non</strong></span> <span class='ocrx_word' id='word_1_343' title='bbox 1277 1030 1494 1070; x_wconf 82' lang='lat' dir='ltr'><strong>permiserint?</strong></span> <span class='ocrx_word' id='word_1_344' title='bbox 1508 1032 1623 1073; x_wconf 88' lang='lat' dir='ltr'><strong>Quippe</strong></span> <span class='ocrx_word' id='word_1_345' title='bbox 1639 1028 1698 1064; x_wconf 83' lang='lat' dir='ltr'><strong>non</strong></span> <span class='ocrx_word' id='word_1_346' title='bbox 1713 1028 1748 1065; x_wconf 82' lang='lat' dir='ltr'><strong>ea</strong></span> 
     </span>
    </p>
   </div>
   <div class='ocr_carea' id='block_1_51' title="bbox 923 1075 1746 1116">
    <p class='ocr_par' dir='ltr' id='par_1_51' title="bbox 923 1075 1746 1116">
     <span class='ocr_line' id='line_1_51' title="bbox 923 1075 1746 1116; baseline 0.01 -15"><span class='ocrx_word' id='word_1_347' title='bbox 923 1081 988 1112; x_wconf 71' lang='lat' dir='ltr'><strong>quae</strong></span> <span class='ocrx_word' id='word_1_348' title='bbox 1002 1082 1144 1103; x_wconf 86' lang='lat' dir='ltr'><strong>concessa</strong></span> <span class='ocrx_word' id='word_1_349' title='bbox 1157 1078 1237 1110; x_wconf 81' lang='lat' dir='ltr'><strong>sunt,</strong></span> <span class='ocrx_word' id='word_1_350' title='bbox 1250 1075 1506 1115; x_wconf 85' lang='lat' dir='ltr'><strong>comprehendere</strong></span> <span class='ocrx_word' id='word_1_351' title='bbox 1513 1077 1746 1116; x_wconf 89' lang='lat' dir='ltr'><strong>promulgatores</strong></span> 
     </span>
    </p>
   </div>
   <div class='ocr_carea' id='block_1_52' title="bbox 924 1117 1746 1154">
    <p class='ocr_par' dir='ltr' id='par_1_52' title="bbox 924 1117 1746 1154">
     <span class='ocr_line' id='line_1_52' title="bbox 924 1117 1746 1154; baseline 0.01 -8"><span class='ocrx_word' id='word_1_352' title='bbox 924 1117 1028 1147; x_wconf 89' lang='lat' dir='ltr'><strong>harum</strong></span> <span class='ocrx_word' id='word_1_353' title='bbox 1044 1126 1146 1148; x_wconf 91' lang='lat' dir='ltr'><strong>rerum</strong></span> <span class='ocrx_word' id='word_1_354' title='bbox 1167 1119 1287 1149; x_wconf 85' lang='lat' dir='ltr'><strong>solent:</strong></span> <span class='ocrx_word' id='word_1_355' title='bbox 1319 1120 1371 1150; x_wconf 81' lang='lat' dir='ltr'><strong>sed</strong></span> <span class='ocrx_word' id='word_1_356' title='bbox 1400 1120 1540 1152; x_wconf 85' lang='lat' dir='ltr'><strong>duntaxat</strong></span> <span class='ocrx_word' id='word_1_357' title='bbox 1570 1131 1746 1154; x_wconf 84' lang='lat' dir='ltr'><strong>enumerare</strong></span> 
     </span>
    </p>
   </div>
   <div class='ocr_carea' id='block_1_53' title="bbox 924 1161 1745 1204">
    <p class='ocr_par' dir='ltr' id='par_1_53' title="bbox 924 1161 1745 1204">
     <span class='ocr_line' id='line_1_53' title="bbox 924 1161 1745 1204; baseline 0.01 -14"><span class='ocrx_word' id='word_1_358' title='bbox 924 1161 1072 1201; x_wconf 80' lang='lat' dir='ltr'><strong>prohibita</strong></span> <span class='ocrx_word' id='word_1_359' title='bbox 1107 1166 1136 1193; x_wconf 92' lang='lat' dir='ltr'><strong>et</strong></span> <span class='ocrx_word' id='word_1_360' title='bbox 1166 1173 1291 1203; x_wconf 90' lang='lat' dir='ltr'><strong>quorum</strong></span> <span class='ocrx_word' id='word_1_361' title='bbox 1315 1165 1511 1204; x_wconf 81' lang='lat' dir='ltr'><strong>transgressio</strong></span> <span class='ocrx_word' id='word_1_362' title='bbox 1535 1166 1692 1197; x_wconf 84' lang='lat' dir='ltr'><strong>maximam</strong></span> <span class='ocrx_word' id='word_1_363' title='bbox 1708 1167 1745 1198; x_wconf 92' lang='lat' dir='ltr'><strong>iis</strong></span> 
     </span>
    </p>
   </div>
   <div class='ocr_carea' id='block_1_54' title="bbox 924 1208 1746 1249">
    <p class='ocr_par' dir='ltr' id='par_1_54' title="bbox 924 1208 1746 1249">
     <span class='ocr_line' id='line_1_54' title="bbox 924 1208 1746 1249; baseline 0.009 -14"><span class='ocrx_word' id='word_1_364' title='bbox 924 1214 1029 1235; x_wconf 84' lang='lat' dir='ltr'><strong>noxam</strong></span> <span class='ocrx_word' id='word_1_365' title='bbox 1047 1215 1151 1246; x_wconf 87' lang='lat' dir='ltr'><strong>parere</strong></span> <span class='ocrx_word' id='word_1_366' title='bbox 1166 1208 1333 1246; x_wconf 87' lang='lat' dir='ltr'><strong>consuevit,</strong></span> <span class='ocrx_word' id='word_1_367' title='bbox 1347 1209 1397 1249; x_wconf 91' lang='lat' dir='ltr'><strong>qui</strong></span> <span class='ocrx_word' id='word_1_368' title='bbox 1419 1217 1453 1240; x_wconf 90' lang='lat' dir='ltr'><strong>ea</strong></span> <span class='ocrx_word' id='word_1_369' title='bbox 1473 1210 1672 1241; x_wconf 88' lang='lat' dir='ltr'><strong>committunt.</strong></span> <span class='ocrx_word' id='word_1_370' title='bbox 1689 1211 1746 1243; x_wconf 92' lang='lat' dir='ltr'><strong>Pe-</strong></span> 
     </span>
    </p>
   </div>
   <div class='ocr_carea' id='block_1_55' title="bbox 924 1249 1744 1291">
    <p class='ocr_par' dir='ltr' id='par_1_55' title="bbox 924 1249 1744 1291">
     <span class='ocr_line' id='line_1_55' title="bbox 924 1249 1744 1291; baseline 0.009 -12"><span class='ocrx_word' id='word_1_371' title='bbox 924 1249 1009 1280; x_wconf 88' lang='lat' dir='ltr'><strong>rinde</strong></span> <span class='ocrx_word' id='word_1_372' title='bbox 1017 1259 1050 1280; x_wconf 90' lang='lat' dir='ltr'><strong>ac</strong></span> <span class='ocrx_word' id='word_1_373' title='bbox 1061 1251 1085 1281; x_wconf 89' lang='lat' dir='ltr'><strong>si</strong></span> <span class='ocrx_word' id='word_1_374' title='bbox 1099 1251 1231 1282; x_wconf 88' lang='lat' dir='ltr'><strong>medicus</strong></span> <span class='ocrx_word' id='word_1_375' title='bbox 1241 1256 1349 1291; x_wconf 67' lang='lat' dir='ltr'><strong>aegroto</strong></span> <span class='ocrx_word' id='word_1_376' title='bbox 1371 1253 1466 1284; x_wconf 87' lang='lat' dir='ltr'><strong>noxiis</strong></span> <span class='ocrx_word' id='word_1_377' title='bbox 1476 1254 1566 1284; x_wconf 91' lang='lat' dir='ltr'><strong>rebus</strong></span> <span class='ocrx_word' id='word_1_378' title='bbox 1580 1254 1744 1287; x_wconf 88' lang='lat' dir='ltr'><strong>interdixe-</strong></span> 
     </span>
    </p>
   </div>
   <div class='ocr_carea' id='block_1_56' title="bbox 925 1294 1744 1339">
    <p class='ocr_par' dir='ltr' id='par_1_56' title="bbox 925 1294 1744 1339">
     <span class='ocr_line' id='line_1_56' title="bbox 925 1294 1744 1339; baseline 0.01 -16"><span class='ocrx_word' id='word_1_379' title='bbox 925 1294 973 1331; x_wconf 90' lang='lat' dir='ltr'><strong>rit,</strong></span> <span class='ocrx_word' id='word_1_380' title='bbox 987 1303 1045 1324; x_wconf 93' lang='lat' dir='ltr'><strong>non</strong></span> <span class='ocrx_word' id='word_1_381' title='bbox 1056 1295 1177 1326; x_wconf 90' lang='lat' dir='ltr'><strong>omnino</strong></span> <span class='ocrx_word' id='word_1_382' title='bbox 1188 1296 1215 1327; x_wconf 89' lang='lat' dir='ltr'><strong>ei</strong></span> <span class='ocrx_word' id='word_1_383' title='bbox 1231 1306 1352 1328; x_wconf 89' lang='lat' dir='ltr'><strong>necesse</strong></span> <span class='ocrx_word' id='word_1_384' title='bbox 1377 1302 1421 1328; x_wconf 90' lang='lat' dir='ltr'><strong>est</strong></span> <span class='ocrx_word' id='word_1_385' title='bbox 1442 1299 1531 1329; x_wconf 87' lang='lat' dir='ltr'><strong>etiam</strong></span> <span class='ocrx_word' id='word_1_386' title='bbox 1544 1299 1744 1339; x_wconf 86' lang='lat' dir='ltr'><strong>particulatim</strong></span> 
     </span>
    </p>
   </div>
   <div class='ocr_carea' id='block_1_57' title="bbox 926 1338 1744 1380">
    <p class='ocr_par' dir='ltr' id='par_1_57' title="bbox 926 1338 1744 1380">
     <span class='ocr_line' id='line_1_57' title="bbox 926 1338 1744 1380; baseline 0.01 -13"><span class='ocrx_word' id='word_1_387' title='bbox 926 1338 1025 1368; x_wconf 91' lang='lat' dir='ltr'><strong>omnia</strong></span> <span class='ocrx_word' id='word_1_388' title='bbox 1035 1344 1199 1377; x_wconf 85' lang='lat' dir='ltr'><strong>recenseat,</strong></span> <span class='ocrx_word' id='word_1_389' title='bbox 1213 1350 1277 1380; x_wconf 69' lang='lat' dir='ltr'><strong>quae</strong></span> <span class='ocrx_word' id='word_1_390' title='bbox 1289 1345 1401 1372; x_wconf 77' lang='lat' dir='ltr'><strong>naturae</strong></span> <span class='ocrx_word' id='word_1_391' title='bbox 1413 1342 1488 1373; x_wconf 88' lang='lat' dir='ltr'><strong>nihil</strong></span> <span class='ocrx_word' id='word_1_392' title='bbox 1498 1338 1616 1374; x_wconf 87' lang='lat' dir='ltr'><strong>nocent.</strong></span> <span class='ocrx_word' id='word_1_393' title='bbox 1634 1344 1744 1375; x_wconf 90' lang='lat' dir='ltr'><strong>Verum</strong></span> 
     </span>
    </p>
   </div>
   <div class='ocr_carea' id='block_1_58' title="bbox 925 1383 1743 1426">
    <p class='ocr_par' dir='ltr' id='par_1_58' title="bbox 925 1383 1743 1426">
     <span class='ocr_line' id='line_1_58' title="bbox 925 1383 1743 1426; baseline 0.011 -15"><span class='ocrx_word' id='word_1_394' title='bbox 925 1391 979 1422; x_wconf 85' lang='lat' dir='ltr'><strong>age</strong></span> <span class='ocrx_word' id='word_1_395' title='bbox 994 1383 1123 1421; x_wconf 81' lang='lat' dir='ltr'><strong>tandem,</strong></span> <span class='ocrx_word' id='word_1_396' title='bbox 1140 1383 1190 1424; x_wconf 90' lang='lat' dir='ltr'><strong>qui</strong></span> <span class='ocrx_word' id='word_1_397' title='bbox 1206 1394 1289 1416; x_wconf 85' lang='lat' dir='ltr'><strong>sacra</strong></span> <span class='ocrx_word' id='word_1_398' title='bbox 1318 1386 1390 1416; x_wconf 90' lang='lat' dir='ltr'><strong>falso</strong></span> <span class='ocrx_word' id='word_1_399' title='bbox 1417 1387 1540 1426; x_wconf 87' lang='lat' dir='ltr'><strong>exponis</strong></span> <span class='ocrx_word' id='word_1_400' title='bbox 1555 1389 1591 1419; x_wconf 89' lang='lat' dir='ltr'><strong>ad</strong></span> <span class='ocrx_word' id='word_1_401' title='bbox 1608 1389 1743 1425; x_wconf 86' lang='lat' dir='ltr'><strong>verbum,</strong></span> 
     </span>
    </p>
   </div>
   <div class='ocr_carea' id='block_1_59' title="bbox 924 1427 1746 1474">
    <p class='ocr_par' dir='ltr' id='par_1_59' title="bbox 924 1427 1746 1474">
     <span class='ocr_line' id='line_1_59' title="bbox 924 1427 1746 1474; baseline 0.011 -18"><span class='ocrx_word' id='word_1_402' title='bbox 924 1427 1124 1474; x_wconf 83' lang='lat' dir='ltr'><strong>interpretare</strong></span> <span class='ocrx_word' id='word_1_403' title='bbox 1140 1438 1205 1468; x_wconf 85' lang='lat' dir='ltr'><strong>quae</strong></span> <span class='ocrx_word' id='word_1_404' title='bbox 1219 1429 1249 1460; x_wconf 90' lang='lat' dir='ltr'><strong>in</strong></span> <span class='ocrx_word' id='word_1_405' title='bbox 1265 1430 1345 1461; x_wconf 93' lang='lat' dir='ltr'><strong>illius</strong></span> <span class='ocrx_word' id='word_1_406' title='bbox 1370 1432 1468 1470; x_wconf 85' lang='lat' dir='ltr'><strong>magni</strong></span> <span class='ocrx_word' id='word_1_407' title='bbox 1484 1433 1608 1463; x_wconf 85' lang='lat' dir='ltr'><strong>oratoris</strong></span> <span class='ocrx_word' id='word_1_408' title='bbox 1621 1433 1746 1474; x_wconf 84' lang='lat' dir='ltr'><strong>epistola</strong></span> 
     </span>
    </p>
   </div>
   <div class='ocr_carea' id='block_1_60' title="bbox 924 1471 1745 1518">
    <p class='ocr_par' dir='ltr' id='par_1_60' title="bbox 924 1471 1745 1518">
     <span class='ocr_line' id='line_1_60' title="bbox 924 1471 1745 1518; baseline 0.01 -17"><span class='ocrx_word' id='word_1_409' title='bbox 924 1471 1035 1510; x_wconf 83' lang='lat' dir='ltr'><strong>scripta</strong></span> <span class='ocrx_word' id='word_1_410' title='bbox 1049 1477 1243 1518; x_wconf 84' lang='lat' dir='ltr'><strong>sunt,mente</strong></span> <span class='ocrx_word' id='word_1_411' title='bbox 1253 1475 1334 1514; x_wconf 90' lang='lat' dir='ltr'><strong>prius</strong></span> <span class='ocrx_word' id='word_1_412' title='bbox 1344 1476 1375 1506; x_wconf 92' lang='lat' dir='ltr'><strong>iu</strong></span> <span class='ocrx_word' id='word_1_413' title='bbox 1387 1477 1565 1507; x_wconf 89' lang='lat' dir='ltr'><strong>sententiam</strong></span> <span class='ocrx_word' id='word_1_414' title='bbox 1577 1481 1606 1508; x_wconf 86' lang='lat' dir='ltr'><strong>et</strong></span> <span class='ocrx_word' id='word_1_415' title='bbox 1621 1471 1745 1518; x_wconf 77' lang='lat' dir='ltr'><strong>scopum</strong></span> 
     </span>
    </p>
   </div>
   <div class='ocr_carea' id='block_1_61' title="bbox 61 1517 878 1563">
    <p class='ocr_par' dir='ltr' id='par_1_61' title="bbox 61 1517 878 1563">
     <span class='ocr_line' id='line_1_61' title="bbox 61 1517 878 1563; baseline -0.004 -12"><span class='ocrx_word' id='word_1_416' title='bbox 61 1517 117 1552; x_wconf 76' lang='grc' dir='ltr'>νοῦν</span> <span class='ocrx_word' id='word_1_417' title='bbox 132 1526 238 1563; x_wconf 81' lang='grc' dir='ltr'>πρῶτον</span> <span class='ocrx_word' id='word_1_418' title='bbox 273 1521 384 1561; x_wconf 77' lang='grc' dir='ltr'>ἐρείσας,</span> <span class='ocrx_word' id='word_1_419' title='bbox 416 1523 464 1551; x_wconf 80' lang='grc' dir='ltr'><strong>Καὶ</strong></span> <span class='ocrx_word' id='word_1_420' title='bbox 485 1525 574 1559; x_wconf 80' lang='grc' dir='ltr'>σαυτῷ</span> <span class='ocrx_word' id='word_1_421' title='bbox 594 1522 667 1561; x_wconf 75' lang='grc' dir='ltr'>τάχα</span> <span class='ocrx_word' id='word_1_422' title='bbox 695 1521 760 1550; x_wconf 79' lang='grc' dir='ltr'>ποτὲ</span> <span class='ocrx_word' id='word_1_423' title='bbox 788 1520 878 1558; x_wconf 73' lang='grc' dir='ltr'>μέμψῃ</span> 
     </span>
    </p>
   </div>
   <div class='ocr_carea' id='block_1_62' title="bbox 961 1517 1747 1563">
    <p class='ocr_par' dir='ltr' id='par_1_62' title="bbox 962 1517 1747 1563">
     <span class='ocr_line' id='line_1_62' title="bbox 962 1517 1747 1563; baseline 0.009 -18"><span class='ocrx_word' id='word_1_424' title='bbox 962 1525 1026 1545; x_wconf 89' lang='lat' dir='ltr'><strong>rum</strong></span> <span class='ocrx_word' id='word_1_425' title='bbox 1043 1517 1262 1563; x_wconf 17' lang='lat' dir='ltr'><strong>quaerdicuntur</strong></span> <span class='ocrx_word' id='word_1_426' title='bbox 1285 1519 1392 1552; x_wconf 84' lang='lat' dir='ltr'><strong>deﬁxa.</strong></span> <span class='ocrx_word' id='word_1_427' title='bbox 1417 1520 1480 1556; x_wconf 90' lang='lat' dir='ltr'><strong>Quo</strong></span> <span class='ocrx_word' id='word_1_428' title='bbox 1509 1521 1596 1560; x_wconf 89' lang='lat' dir='ltr'><strong>facto,</strong></span> <span class='ocrx_word' id='word_1_429' title='bbox 1614 1517 1747 1552; x_wconf 82' lang='lat' dir='ltr'><strong>fortassis</strong></span> 
     </span>
    </p>
   </div>
   <div class='ocr_carea' id='block_1_63' title="bbox 61 1561 882 1608">
    <p class='ocr_par' dir='ltr' id='par_1_63' title="bbox 61 1561 882 1608">
     <span class='ocr_line' id='line_1_63' title="bbox 61 1561 882 1608; baseline -0.005 -11"><span class='ocrx_word' id='word_1_430' title='bbox 61 1571 109 1601; x_wconf 76' lang='grc' dir='ltr'>τῆς</span> <span class='ocrx_word' id='word_1_431' title='bbox 123 1561 292 1608; x_wconf 80' lang='grc' dir='ltr'>προπετείας,</span> <span class='ocrx_word' id='word_1_432' title='bbox 318 1561 391 1595; x_wconf 76' lang='grc' dir='ltr'>Ἐπεὶ</span> <span class='ocrx_word' id='word_1_433' title='bbox 413 1568 454 1594; x_wconf 75' lang='grc' dir='ltr'><strong>καὶ</strong></span> <span class='ocrx_word' id='word_1_434' title='bbox 476 1567 572 1603; x_wconf 73' lang='grc' dir='ltr'>κανὼν,</span> <span class='ocrx_word' id='word_1_435' title='bbox 605 1567 642 1598; x_wconf 85' lang='grc' dir='ltr'>ὡς</span> <span class='ocrx_word' id='word_1_436' title='bbox 672 1566 750 1594; x_wconf 73' lang='grc' dir='ltr'>οἶσθα</span> <span class='ocrx_word' id='word_1_437' title='bbox 775 1565 882 1602; x_wconf 81' lang='grc' dir='ltr'>νομικός</span> 
     </span>
    </p>
   </div>
   <div class='ocr_carea' id='block_1_64' title="bbox 62 1610 884 1652">
    <p class='ocr_par' dir='ltr' id='par_1_64' title="bbox 62 1610 884 1652">
     <span class='ocr_line' id='line_1_64' title="bbox 62 1610 884 1652; baseline -0.004 -12"><span class='ocrx_word' id='word_1_438' title='bbox 62 1613 142 1652; x_wconf 71' lang='grc' dir='ltr'>ἔστιν,</span> <span class='ocrx_word' id='word_1_439' title='bbox 172 1611 216 1640; x_wconf 80' lang='grc' dir='ltr'>ἐπ’</span> <span class='ocrx_word' id='word_1_440' title='bbox 250 1612 355 1641; x_wconf 78' lang='grc' dir='ltr'>ἐκείνων</span> <span class='ocrx_word' id='word_1_441' title='bbox 384 1611 470 1648; x_wconf 82' lang='grc' dir='ltr'>μόνων</span> <span class='ocrx_word' id='word_1_442' title='bbox 512 1611 557 1643; x_wconf 82' lang='grc' dir='ltr'>τὰς</span> <span class='ocrx_word' id='word_1_443' title='bbox 588 1612 640 1638; x_wconf 77' lang='grc' dir='ltr'><strong>τῶν</strong></span> <span class='ocrx_word' id='word_1_444' title='bbox 676 1611 765 1648; x_wconf 86' lang='grc' dir='ltr'>νόμων</span> <span class='ocrx_word' id='word_1_445' title='bbox 801 1610 884 1641; x_wconf 76' lang='grc' dir='ltr'>θέσεις</span> 
     </span>
    </p>
   </div>
   <div class='ocr_carea' id='block_1_65' title="bbox 61 1653 886 1697">
    <p class='ocr_par' dir='ltr' id='par_1_65' title="bbox 61 1653 886 1697">
     <span class='ocr_line' id='line_1_65' title="bbox 61 1653 886 1697; baseline -0.004 -12"><span class='ocrx_word' id='word_1_446' title='bbox 61 1658 173 1697; x_wconf 75' lang='grc' dir='ltr'><strong>ἰσχύειν⁷</strong></span> <span class='ocrx_word' id='word_1_447' title='bbox 192 1656 231 1697; x_wconf 76' lang='grc' dir='ltr'><strong>ἐφ’</strong></span> <span class='ocrx_word' id='word_1_448' title='bbox 247 1658 284 1686; x_wconf 77' lang='grc' dir='ltr'>ὧν</span> <span class='ocrx_word' id='word_1_449' title='bbox 306 1658 348 1684; x_wconf 80' lang='grc' dir='ltr'><strong>καὶ</strong></span> <span class='ocrx_word' id='word_1_450' title='bbox 371 1655 582 1696; x_wconf 75' lang='grc' dir='ltr'>ἒξεφωνήθησαν,</span> <span class='ocrx_word' id='word_1_451' title='bbox 610 1653 673 1684; x_wconf 74' lang='grc' dir='ltr'><strong>Καθ’</strong></span> <span class='ocrx_word' id='word_1_452' title='bbox 690 1655 718 1683; x_wconf 80' lang='grc' dir='ltr'>ὃν</span> <span class='ocrx_word' id='word_1_453' title='bbox 748 1654 827 1693; x_wconf 87' lang='grc' dir='ltr'>λόγον</span> <span class='ocrx_word' id='word_1_454' title='bbox 843 1655 886 1682; x_wconf 79' lang='grc' dir='ltr'><strong>καὶ</strong></span> 
     </span>
    </p>
   </div>
   <div class='ocr_carea' id='block_1_66' title="bbox 62 1691 886 1740">
    <p class='ocr_par' dir='ltr' id='par_1_66' title="bbox 62 1691 886 1740">
     <span class='ocr_line' id='line_1_66' title="bbox 62 1691 886 1740; baseline -0.004 -11"><span class='ocrx_word' id='word_1_455' title='bbox 62 1691 112 1733; x_wconf 65' lang='grc' dir='ltr'><strong>πάξ</strong></span> <span class='ocrx_word' id='word_1_456' title='bbox 126 1691 237 1738; x_wconf 64' lang='grc' dir='ltr'>νομικος</span> <span class='ocrx_word' id='word_1_457' title='bbox 250 1702 338 1729; x_wconf 87' lang='grc' dir='ltr'>κανὼν</span> <span class='ocrx_word' id='word_1_458' title='bbox 357 1691 425 1740; x_wconf 58' lang='grc' dir='ltr'>πρὸς</span> <span class='ocrx_word' id='word_1_459' title='bbox 436 1706 495 1731; x_wconf 71' lang='grc' dir='ltr'>τοῖς</span> <span class='ocrx_word' id='word_1_460' title='bbox 522 1699 610 1731; x_wconf 67' lang='grc' dir='ltr'>ἄλλοις</span> <span class='ocrx_word' id='word_1_461' title='bbox 634 1700 728 1739; x_wconf 78' lang='grc' dir='ltr'>σαθρὸς</span> <span class='ocrx_word' id='word_1_462' title='bbox 758 1699 829 1727; x_wconf 81' lang='grc' dir='ltr'>εἶναι</span> <span class='ocrx_word' id='word_1_463' title='bbox 844 1698 886 1726; x_wconf 82' lang='grc' dir='ltr'><strong>λέ-</strong></span> 
     </span>
    </p>
   </div>
   <div class='ocr_carea' id='block_1_67' title="bbox 61 1742 885 1784">
    <p class='ocr_par' dir='ltr' id='par_1_67' title="bbox 61 1742 885 1784">
     <span class='ocr_line' id='line_1_67' title="bbox 61 1742 885 1784; baseline -0.002 -11"><span class='ocrx_word' id='word_1_464' title='bbox 61 1756 146 1784; x_wconf 85' lang='grc' dir='ltr'>γεται.</span> <span class='ocrx_word' id='word_1_465' title='bbox 164 1745 172 1757; x_wconf 85' lang='grc'><strong><em>’</em></strong></span> <span class='ocrx_word' id='word_1_466' title='bbox 186 1747 250 1774; x_wconf 89' lang='grc' dir='ltr'>Οθεν</span> <span class='ocrx_word' id='word_1_467' title='bbox 272 1744 364 1783; x_wconf 80' lang='grc' dir='ltr'>ἀμέλει</span> <span class='ocrx_word' id='word_1_468' title='bbox 378 1745 427 1772; x_wconf 72' lang='grc' dir='ltr'>κᾶν</span> <span class='ocrx_word' id='word_1_469' title='bbox 451 1745 538 1774; x_wconf 83' lang='grc' dir='ltr'>ὁτιοῦν</span> <span class='ocrx_word' id='word_1_470' title='bbox 572 1744 693 1783; x_wconf 68' lang='grc' dir='ltr'>γένηται,</span> <span class='ocrx_word' id='word_1_471' title='bbox 724 1742 766 1772; x_wconf 77' lang='grc' dir='ltr'>ἐπ’</span> <span class='ocrx_word' id='word_1_472' title='bbox 780 1743 885 1771; x_wconf 77' lang='grc' dir='ltr'>ἐκείνων</span> 
     </span>
    </p>
   </div>
   <div class='ocr_carea' id='block_1_68' title="bbox 62 1787 885 1829">
    <p class='ocr_par' dir='ltr' id='par_1_68' title="bbox 62 1787 885 1829">
     <span class='ocr_line' id='line_1_68' title="bbox 62 1787 885 1829; baseline -0.004 -12"><span class='ocrx_word' id='word_1_473' title='bbox 62 1790 167 1822; x_wconf 70' lang='grc' dir='ltr'>πάντως</span> <span class='ocrx_word' id='word_1_474' title='bbox 198 1790 324 1829; x_wconf 81' lang='grc' dir='ltr'>κρατήσει</span> <span class='ocrx_word' id='word_1_475' title='bbox 352 1790 396 1817; x_wconf 76' lang='grc' dir='ltr'><strong>καὶ</strong></span> <span class='ocrx_word' id='word_1_476' title='bbox 422 1789 455 1817; x_wconf 80' lang='grc' dir='ltr'>τὰ</span> <span class='ocrx_word' id='word_1_477' title='bbox 482 1789 532 1817; x_wconf 79' lang='grc' dir='ltr'>ὑπὸ</span> <span class='ocrx_word' id='word_1_478' title='bbox 565 1788 611 1816; x_wconf 83' lang='grc' dir='ltr'>τοῦ</span> <span class='ocrx_word' id='word_1_479' title='bbox 637 1788 784 1823; x_wconf 75' lang='grc' dir='ltr'>θεολήπτου</span> <span class='ocrx_word' id='word_1_480' title='bbox 812 1787 885 1817; x_wconf 70' lang='grc' dir='ltr'>τοῦδε</span> 
     </span>
    </p>
   </div>
   <div class='ocr_carea' id='block_1_69' title="bbox 59 1831 885 1874">
    <p class='ocr_par' dir='ltr' id='par_1_69' title="bbox 59 1831 885 1874">
     <span class='ocr_line' id='line_1_69' title="bbox 59 1831 885 1874; baseline -0.002 -13"><span class='ocrx_word' id='word_1_481' title='bbox 59 1834 262 1874; x_wconf 73' lang='grc' dir='ltr'>διηγορευμένα,</span> <span class='ocrx_word' id='word_1_482' title='bbox 279 1834 319 1873; x_wconf 75' lang='grc' dir='ltr'><strong>ἐφ’</strong></span> <span class='ocrx_word' id='word_1_483' title='bbox 335 1835 371 1860; x_wconf 86' lang='grc' dir='ltr'>ὧν</span> <span class='ocrx_word' id='word_1_484' title='bbox 386 1833 445 1861; x_wconf 87' lang='grc' dir='ltr'>τότε</span> <span class='ocrx_word' id='word_1_485' title='bbox 469 1832 612 1872; x_wconf 76' lang='grc' dir='ltr'>ἐξηνέχθη.</span> <span class='ocrx_word' id='word_1_486' title='bbox 650 1832 736 1867; x_wconf 79' lang='grc' dir='ltr'>Δῆλον</span> <span class='ocrx_word' id='word_1_487' title='bbox 762 1831 800 1872; x_wconf 73' lang='grc' dir='ltr'><strong>δὲ,</strong></span> <span class='ocrx_word' id='word_1_488' title='bbox 817 1832 885 1860; x_wconf 85' lang='grc' dir='ltr'>ὣστε</span> 
     </span>
    </p>
   </div>
   <div class='ocr_carea' id='block_1_70' title="bbox 60 1876 885 1917">
    <p class='ocr_par' dir='ltr' id='par_1_70' title="bbox 60 1876 885 1917">
     <span class='ocr_line' id='line_1_70' title="bbox 60 1876 885 1917; baseline -0.005 -10"><span class='ocrx_word' id='word_1_489' title='bbox 60 1879 98 1916; x_wconf 77' lang='grc' dir='ltr'>μὴ</span> <span class='ocrx_word' id='word_1_490' title='bbox 112 1878 156 1907; x_wconf 77' lang='grc' dir='ltr'><strong>δύο</strong></span> <span class='ocrx_word' id='word_1_491' title='bbox 173 1877 301 1917; x_wconf 73' lang='grc' dir='ltr'>ἀδελφαῖς</span> <span class='ocrx_word' id='word_1_492' title='bbox 316 1877 362 1906; x_wconf 74' lang='grc' dir='ltr'>ἕνα</span> <span class='ocrx_word' id='word_1_493' title='bbox 396 1878 440 1905; x_wconf 85' lang='grc' dir='ltr'><strong>καὶ</strong></span> <span class='ocrx_word' id='word_1_494' title='bbox 468 1878 511 1905; x_wconf 79' lang='grc' dir='ltr'><strong>τὸν</strong></span> <span class='ocrx_word' id='word_1_495' title='bbox 547 1878 624 1905; x_wconf 77' lang='grc' dir='ltr'>αὑτὸν</span> <span class='ocrx_word' id='word_1_496' title='bbox 645 1876 723 1916; x_wconf 71' lang='grc' dir='ltr'>ἄνδρα</span> <span class='ocrx_word' id='word_1_497' title='bbox 748 1877 827 1915; x_wconf 77' lang='grc' dir='ltr'>γάμῳ</span> <span class='ocrx_word' id='word_1_498' title='bbox 842 1877 885 1915; x_wconf 85' lang='grc' dir='ltr'>ἁρ-</span> 
     </span>
    </p>
   </div>
   <div class='ocr_carea' id='block_1_71' title="bbox 59 1920 885 1961">
    <p class='ocr_par' dir='ltr' id='par_1_71' title="bbox 59 1920 885 1961">
     <span class='ocr_line' id='line_1_71' title="bbox 59 1920 885 1961; baseline -0.002 -10"><span class='ocrx_word' id='word_1_499' title='bbox 59 1923 182 1960; x_wconf 78' lang='grc' dir='ltr'>μόζεσθαι</span> <span class='ocrx_word' id='word_1_500' title='bbox 207 1931 214 1937; x_wconf 89' lang='grc'><strong>·</strong></span> <span class='ocrx_word' id='word_1_501' title='bbox 233 1922 321 1961; x_wconf 84' lang='grc' dir='ltr'>ὣσπερ</span> <span class='ocrx_word' id='word_1_502' title='bbox 335 1922 368 1950; x_wconf 83' lang='grc' dir='ltr'><strong>αὖ</strong></span> <span class='ocrx_word' id='word_1_503' title='bbox 383 1921 461 1950; x_wconf 76' lang='grc' dir='ltr'>πάλιν</span> <span class='ocrx_word' id='word_1_504' title='bbox 477 1922 521 1950; x_wconf 81' lang='grc' dir='ltr'><strong>καὶ</strong></span> <span class='ocrx_word' id='word_1_505' title='bbox 548 1922 580 1951; x_wconf 82' lang='grc' dir='ltr'>τὰ</span> <span class='ocrx_word' id='word_1_506' title='bbox 602 1922 654 1950; x_wconf 76' lang='grc' dir='ltr'>ἀπὸ</span> <span class='ocrx_word' id='word_1_507' title='bbox 667 1920 741 1950; x_wconf 78' lang='grc' dir='ltr'>τοῦδε</span> <span class='ocrx_word' id='word_1_508' title='bbox 752 1922 790 1958; x_wconf 82' lang='grc' dir='ltr'><strong>τῷ</strong></span> <span class='ocrx_word' id='word_1_509' title='bbox 810 1922 885 1958; x_wconf 67' lang='grc' dir='ltr'>τόμῳ</span> 
     </span>
    </p>
   </div>
   <div class='ocr_carea' id='block_1_72' title="bbox 59 1965 883 2007">
    <p class='ocr_par' dir='ltr' id='par_1_72' title="bbox 59 1965 883 2007">
     <span class='ocr_line' id='line_1_72' title="bbox 59 1965 883 2007; baseline -0.002 -12"><span class='ocrx_word' id='word_1_510' title='bbox 59 1966 276 2007; x_wconf 75' lang='grc' dir='ltr'>μεταληφθέντα,</span> <span class='ocrx_word' id='word_1_511' title='bbox 312 1966 339 1994; x_wconf 76' lang='grc' dir='ltr'>ἐν</span> <span class='ocrx_word' id='word_1_512' title='bbox 361 1966 469 1998; x_wconf 82' lang='grc' dir='ltr'>ἐκείνοις</span> <span class='ocrx_word' id='word_1_513' title='bbox 505 1965 555 1999; x_wconf 76' lang='grc' dir='ltr'>ἕξει</span> <span class='ocrx_word' id='word_1_514' title='bbox 584 1967 614 1994; x_wconf 80' lang='grc' dir='ltr'>τὸ</span> <span class='ocrx_word' id='word_1_515' title='bbox 641 1966 749 2005; x_wconf 81' lang='grc' dir='ltr'>κράτος,</span> <span class='ocrx_word' id='word_1_516' title='bbox 766 1967 802 1998; x_wconf 86' lang='grc' dir='ltr'>εἰς</span> <span class='ocrx_word' id='word_1_517' title='bbox 817 1965 883 2005; x_wconf 72' lang='grc' dir='ltr'>ἕπερ</span> 
     </span>
    </p>
   </div>
   <div class='ocr_carea' id='block_1_73' title="bbox 59 2009 882 2050">
    <p class='ocr_par' dir='ltr' id='par_1_73' title="bbox 59 2009 882 2050">
     <span class='ocr_line' id='line_1_73' title="bbox 59 2009 882 2050; baseline -0.004 -10"><span class='ocrx_word' id='word_1_518' title='bbox 59 2011 122 2045; x_wconf 77' lang='grc' dir='ltr'>ἔστη</span> <span class='ocrx_word' id='word_1_519' title='bbox 165 2012 198 2040; x_wconf 73' lang='grc' dir='ltr'>τὸ</span> <span class='ocrx_word' id='word_1_520' title='bbox 233 2010 402 2049; x_wconf 83' lang='grc' dir='ltr'>ἀποτέλεσμα</span> <span class='ocrx_word' id='word_1_521' title='bbox 429 2016 486 2048; x_wconf 81' lang='grc' dir='ltr'>τοῦ,</span> <span class='ocrx_word' id='word_1_522' title='bbox 517 2012 585 2046; x_wconf 71' lang='grc' dir='ltr'>μήτε</span> <span class='ocrx_word' id='word_1_523' title='bbox 620 2010 664 2038; x_wconf 74' lang='grc' dir='ltr'><strong>δύο</strong></span> <span class='ocrx_word' id='word_1_524' title='bbox 692 2009 817 2050; x_wconf 70' lang='grc' dir='ltr'>ἀδελφοὺς</span> <span class='ocrx_word' id='word_1_525' title='bbox 839 2009 882 2038; x_wconf 80' lang='grc' dir='ltr'>δύο</span> 
     </span>
    </p>
   </div>
   <div class='ocr_carea' id='block_1_74' title="bbox 57 2054 881 2096">
    <p class='ocr_par' dir='ltr' id='par_1_74' title="bbox 57 2054 881 2096">
     <span class='ocr_line' id='line_1_74' title="bbox 57 2054 881 2096; baseline -0.002 -12"><span class='ocrx_word' id='word_1_526' title='bbox 57 2056 201 2096; x_wconf 71' lang='grc' dir='ltr'>ἕξαδὲλφας</span> <span class='ocrx_word' id='word_1_527' title='bbox 218 2054 374 2095; x_wconf 73' lang='grc' dir='ltr'><strong>λσιμϐοἱνειν²</strong></span> <span class='ocrx_word' id='word_1_528' title='bbox 405 2056 473 2093; x_wconf 79' lang='grc' dir='ltr'>μήτε</span> <span class='ocrx_word' id='word_1_529' title='bbox 510 2057 582 2084; x_wconf 82' lang='grc' dir='ltr'>Θετον</span> <span class='ocrx_word' id='word_1_530' title='bbox 611 2056 654 2084; x_wconf 86' lang='grc' dir='ltr'><strong>καὶ</strong></span> <span class='ocrx_word' id='word_1_531' title='bbox 681 2055 788 2092; x_wconf 78' lang='grc' dir='ltr'>ἀνεψιὸν</span> <span class='ocrx_word' id='word_1_532' title='bbox 804 2054 881 2082; x_wconf 79' lang='grc' dir='ltr'>ἀδελ-</span> 
     </span>
    </p>
   </div>
   <div class='ocr_carea' id='block_1_75' title="bbox 58 2098 882 2140">
    <p class='ocr_par' dir='ltr' id='par_1_75' title="bbox 58 2098 882 2140">
     <span class='ocr_line' id='line_1_75' title="bbox 58 2098 882 2140; baseline -0.002 -11"><span class='ocrx_word' id='word_1_533' title='bbox 58 2101 107 2140; x_wconf 65' lang='grc' dir='ltr'><strong>φὰς</strong></span> <span class='ocrx_word' id='word_1_534' title='bbox 123 2100 168 2129; x_wconf 79' lang='grc' dir='ltr'><strong>δύο</strong></span> <span class='ocrx_word' id='word_1_535' title='bbox 187 2109 195 2115; x_wconf 81' lang='grc'><strong><em>⁸</em></strong></span> <span class='ocrx_word' id='word_1_536' title='bbox 214 2101 256 2128; x_wconf 74' lang='grc' dir='ltr'><strong>καὶ</strong></span> <span class='ocrx_word' id='word_1_537' title='bbox 271 2101 303 2128; x_wconf 83' lang='grc' dir='ltr'>τὰ</span> <span class='ocrx_word' id='word_1_538' title='bbox 321 2101 420 2128; x_wconf 87' lang='grc' dir='ltr'>τούτων</span> <span class='ocrx_word' id='word_1_539' title='bbox 449 2099 575 2138; x_wconf 70' lang='grc' dir='ltr'>ἔμπαλιν,</span> <span class='ocrx_word' id='word_1_540' title='bbox 591 2101 613 2127; x_wconf 82' lang='grc' dir='ltr'><strong>εί</strong></span> <span class='ocrx_word' id='word_1_541' title='bbox 640 2100 683 2128; x_wconf 82' lang='grc' dir='ltr'><strong>καὶ</strong></span> <span class='ocrx_word' id='word_1_542' title='bbox 710 2099 825 2130; x_wconf 75' lang='grc' dir='ltr'>πολλαῖς</span> <span class='ocrx_word' id='word_1_543' title='bbox 841 2098 882 2127; x_wconf 79' lang='grc' dir='ltr'><strong>διὰ</strong></span> 
     </span>
    </p>
   </div>
   <div class='ocr_carea' id='block_1_76' title="bbox 59 2134 915 2184">
    <p class='ocr_par' dir='ltr' id='par_1_76' title="bbox 59 2134 915 2184">
     <span class='ocr_line' id='line_1_76' title="bbox 59 2134 915 2184; baseline -0.004 -11"><span class='ocrx_word' id='word_1_544' title='bbox 59 2134 140 2183; x_wconf 74' lang='grc' dir='ltr'>μέσου</span> <span class='ocrx_word' id='word_1_545' title='bbox 167 2151 231 2175; x_wconf 82' lang='grc' dir='ltr'>ταῖς</span> <span class='ocrx_word' id='word_1_546' title='bbox 267 2134 650 2184; x_wconf 26' lang='grc' dir='ltr'>παρεκϐάσεσινἿἐξυφαίνεται.</span> <span class='ocrx_word' id='word_1_547' title='bbox 687 2143 759 2172; x_wconf 85' lang='grc' dir='ltr'>Ἀλλ’</span> <span class='ocrx_word' id='word_1_548' title='bbox 788 2144 802 2171; x_wconf 81' lang='grc' dir='ltr'><strong>ὃ</strong></span> <span class='ocrx_word' id='word_1_549' title='bbox 835 2134 915 2171; x_wconf 77' lang='grc' dir='ltr'>λέοῙ)</span> 
     </span>
    </p>
   </div>
   <div class='ocr_carea' id='block_1_77' title="bbox 60 2188 883 2228">
    <p class='ocr_par' dir='ltr' id='par_1_77' title="bbox 60 2188 883 2228">
     <span class='ocr_line' id='line_1_77' title="bbox 60 2188 883 2228; baseline -0.002 -10"><span class='ocrx_word' id='word_1_550' title='bbox 60 2200 114 2228; x_wconf 83' lang='grc' dir='ltr'>γειν</span> <span class='ocrx_word' id='word_1_551' title='bbox 130 2189 307 2228; x_wconf 78' lang='grc' dir='ltr'>ὡρμήθημεν,</span> <span class='ocrx_word' id='word_1_552' title='bbox 323 2188 435 2228; x_wconf 81' lang='grc' dir='ltr'>ὁμέγας</span> <span class='ocrx_word' id='word_1_553' title='bbox 465 2192 602 2228; x_wconf 82' lang='grc' dir='ltr'>τοιγαροῦν</span> <span class='ocrx_word' id='word_1_554' title='bbox 632 2190 718 2226; x_wconf 77' lang='grc' dir='ltr'>οὗτος,</span> <span class='ocrx_word' id='word_1_555' title='bbox 750 2189 807 2220; x_wconf 76' lang='grc' dir='ltr'>ἐνὸς</span> <span class='ocrx_word' id='word_1_556' title='bbox 834 2188 883 2216; x_wconf 83' lang='grc' dir='ltr'><strong>ἀν-</strong></span> 
     </span>
    </p>
   </div>
   <div class='ocr_carea' id='block_1_78' title="bbox 61 2232 886 2273">
    <p class='ocr_par' dir='ltr' id='par_1_78' title="bbox 61 2232 886 2273">
     <span class='ocr_line' id='line_1_78' title="bbox 61 2232 886 2273; baseline -0.001 -12"><span class='ocrx_word' id='word_1_557' title='bbox 61 2233 117 2272; x_wconf 73' lang='grc' dir='ltr'>δρὸς</span> <span class='ocrx_word' id='word_1_558' title='bbox 141 2233 301 2271; x_wconf 77' lang='grc' dir='ltr'>συμπλοκὴν</span> <span class='ocrx_word' id='word_1_559' title='bbox 329 2233 396 2272; x_wconf 80' lang='grc' dir='ltr'>πρὸς</span> <span class='ocrx_word' id='word_1_560' title='bbox 423 2232 536 2273; x_wconf 76' lang='grc' dir='ltr'>ἀδελφὰς</span> <span class='ocrx_word' id='word_1_561' title='bbox 565 2232 608 2261; x_wconf 75' lang='grc' dir='ltr'><strong>δύο</strong></span> <span class='ocrx_word' id='word_1_562' title='bbox 629 2232 811 2272; x_wconf 77' lang='grc' dir='ltr'>ἀπαγορεύων,</span> <span class='ocrx_word' id='word_1_563' title='bbox 842 2233 886 2260; x_wconf 84' lang='grc' dir='ltr'><strong>καὶ</strong></span> 
     </span>
    </p>
   </div>
   <div class='ocr_carea' id='block_1_79' title="bbox 62 2276 884 2318">
    <p class='ocr_par' dir='ltr' id='par_1_79' title="bbox 62 2276 884 2318">
     <span class='ocr_line' id='line_1_79' title="bbox 62 2276 884 2318; baseline -0.002 -12"><span class='ocrx_word' id='word_1_564' title='bbox 62 2280 90 2306; x_wconf 75' lang='grc' dir='ltr'>τὸ</span> <span class='ocrx_word' id='word_1_565' title='bbox 105 2277 331 2318; x_wconf 84' lang='grc' dir='ltr'>κατεγνωσμένων</span> <span class='ocrx_word' id='word_1_566' title='bbox 346 2276 472 2316; x_wconf 80' lang='grc' dir='ltr'>διασύρων</span> <span class='ocrx_word' id='word_1_567' title='bbox 500 2280 550 2310; x_wconf 80' lang='grc' dir='ltr'>τῆς</span> <span class='ocrx_word' id='word_1_568' title='bbox 579 2277 708 2317; x_wconf 60' lang='grc' dir='ltr'>πράξεως,</span> <span class='ocrx_word' id='word_1_569' title='bbox 738 2278 775 2308; x_wconf 81' lang='grc' dir='ltr'>ὡς</span> <span class='ocrx_word' id='word_1_570' title='bbox 802 2276 884 2317; x_wconf 70' lang='grc' dir='ltr'>ἔκφυ-</span> 
     </span>
    </p>
   </div>
   <div class='ocr_carea' id='block_1_80' title="bbox 62 2321 888 2362">
    <p class='ocr_par' dir='ltr' id='par_1_80' title="bbox 62 2321 888 2362">
     <span class='ocr_line' id='line_1_80' title="bbox 62 2321 888 2362; baseline -0.002 -11"><span class='ocrx_word' id='word_1_571' title='bbox 62 2323 106 2351; x_wconf 86' lang='grc' dir='ltr'><strong>λον</strong></span> <span class='ocrx_word' id='word_1_572' title='bbox 128 2324 218 2356; x_wconf 72' lang='grc' dir='ltr'>πάντη</span> <span class='ocrx_word' id='word_1_573' title='bbox 251 2323 294 2350; x_wconf 83' lang='grc' dir='ltr'>καὶ</span> <span class='ocrx_word' id='word_1_574' title='bbox 329 2321 392 2360; x_wconf 76' lang='grc' dir='ltr'>μηδ’</span> <span class='ocrx_word' id='word_1_575' title='bbox 427 2322 495 2360; x_wconf 83' lang='grc' dir='ltr'><strong>ἀκοῇ</strong></span> <span class='ocrx_word' id='word_1_576' title='bbox 523 2323 636 2362; x_wconf 83' lang='grc' dir='ltr'>φορητὸν</span> <span class='ocrx_word' id='word_1_577' title='bbox 665 2322 734 2360; x_wconf 54' lang='lat' dir='ltr'><strong>ecta},</strong></span> <span class='ocrx_word' id='word_1_578' title='bbox 764 2322 805 2361; x_wconf 79' lang='grc' dir='ltr'><strong>τὸ⁷</strong></span> <span class='ocrx_word' id='word_1_579' title='bbox 836 2323 888 2350; x_wconf 83' lang='grc' dir='ltr'><strong>Οὺκ</strong></span> 
     </span>
    </p>
   </div>
   <div class='ocr_carea' id='block_1_81' title="bbox 62 2365 886 2407">
    <p class='ocr_par' dir='ltr' id='par_1_81' title="bbox 62 2365 886 2407">
     <span class='ocr_line' id='line_1_81' title="bbox 62 2365 886 2407; baseline -0.002 -11"><span class='ocrx_word' id='word_1_580' title='bbox 62 2368 197 2406; x_wconf 78' lang='grc' dir='ltr'>εἷσελεύσῃ</span> <span class='ocrx_word' id='word_1_581' title='bbox 221 2367 286 2406; x_wconf 86' lang='grc' dir='ltr'>πρὸς</span> <span class='ocrx_word' id='word_1_582' title='bbox 309 2367 395 2395; x_wconf 80' lang='grc' dir='ltr'>πάντα</span> <span class='ocrx_word' id='word_1_583' title='bbox 423 2367 520 2395; x_wconf 75' lang='grc' dir='ltr'>οἰκεῖον</span> <span class='ocrx_word' id='word_1_584' title='bbox 542 2367 638 2407; x_wconf 82' lang='grc' dir='ltr'>σαρκός</span> <span class='ocrx_word' id='word_1_585' title='bbox 664 2377 720 2403; x_wconf 77' lang='grc' dir='ltr'>σου,</span> <span class='ocrx_word' id='word_1_586' title='bbox 750 2365 886 2394; x_wconf 83' lang='grc' dir='ltr'>ἀποκαλύ-</span> 
     </span>
    </p>
   </div>
   <div class='ocr_carea' id='block_1_82' title="bbox 62 2411 888 2451">
    <p class='ocr_par' dir='ltr' id='par_1_82' title="bbox 62 2411 888 2451">
     <span class='ocr_line' id='line_1_82' title="bbox 62 2411 888 2451; baseline -0.002 -11"><span class='ocrx_word' id='word_1_587' title='bbox 62 2415 109 2450; x_wconf 81' lang='grc' dir='ltr'><strong>ψαι</strong></span> <span class='ocrx_word' id='word_1_588' title='bbox 131 2411 327 2451; x_wconf 70' lang='grc' dir='ltr'>ἀσχημοσύνην</span> <span class='ocrx_word' id='word_1_589' title='bbox 342 2413 432 2447; x_wconf 72' lang='grc' dir='ltr'>αὐτοῦ,</span> <span class='ocrx_word' id='word_1_590' title='bbox 468 2411 523 2439; x_wconf 85' lang='grc' dir='ltr'>ἀωὸ</span> <span class='ocrx_word' id='word_1_591' title='bbox 544 2414 593 2445; x_wconf 78' lang='grc' dir='ltr'><strong>τῆς</strong></span> <span class='ocrx_word' id='word_1_592' title='bbox 618 2414 722 2451; x_wconf 71' lang='grc' dir='ltr'>Γραφῆς</span> <span class='ocrx_word' id='word_1_593' title='bbox 738 2412 802 2449; x_wconf 77' lang='grc' dir='ltr'>πρὸς</span> <span class='ocrx_word' id='word_1_594' title='bbox 818 2411 888 2439; x_wconf 83' lang='grc' dir='ltr'>ἀπο-</span> 
     </span>
    </p>
   </div>
   <div class='ocr_carea' id='block_1_83' title="bbox 61 2447 887 2497">
    <p class='ocr_par' dir='ltr' id='par_1_83' title="bbox 61 2447 887 2497">
     <span class='ocr_line' id='line_1_83' title="bbox 61 2447 887 2497; baseline -0.002 -12"><span class='ocrx_word' id='word_1_595' title='bbox 61 2447 279 2497; x_wconf 49' lang='grc' dir='ltr'>τροπὴν-λαϐὼν,</span> <span class='ocrx_word' id='word_1_596' title='bbox 297 2455 379 2488; x_wconf 76' lang='grc' dir='ltr'>δεῖξαι</span> <span class='ocrx_word' id='word_1_597' title='bbox 394 2455 564 2496; x_wconf 59' lang='grc' dir='ltr'>βουλόμενος,</span> <span class='ocrx_word' id='word_1_598' title='bbox 592 2457 627 2487; x_wconf 88' lang='grc' dir='ltr'>ὡς</span> <span class='ocrx_word' id='word_1_599' title='bbox 639 2447 768 2494; x_wconf 36' lang='grc' dir='ltr'>’τὸπρητὺυ</span> <span class='ocrx_word' id='word_1_600' title='bbox 783 2455 887 2483; x_wconf 76' lang='grc' dir='ltr'>ἐκεῖνο-</span> 
     </span>
    </p>
   </div>
   <div class='ocr_carea' id='block_1_84' title="bbox 63 2499 887 2541">
    <p class='ocr_par' dir='ltr' id='par_1_84' title="bbox 63 2499 887 2541">
     <span class='ocr_line' id='line_1_84' title="bbox 63 2499 887 2541; baseline -0.002 -12"><span class='ocrx_word' id='word_1_601' title='bbox 63 2501 265 2541; x_wconf 74' lang='grc' dir='ltr'>ξμπεριεκτικόν</span> <span class='ocrx_word' id='word_1_602' title='bbox 287 2500 341 2528; x_wconf 78' lang='grc' dir='ltr'>ἐστι</span> <span class='ocrx_word' id='word_1_603' title='bbox 363 2500 406 2529; x_wconf 81' lang='grc' dir='ltr'><strong>καὶ</strong></span> <span class='ocrx_word' id='word_1_604' title='bbox 428 2500 519 2528; x_wconf 86' lang='grc' dir='ltr'>τούτου</span> <span class='ocrx_word' id='word_1_605' title='bbox 554 2504 600 2528; x_wconf 83' lang='grc' dir='ltr'>τοῦ</span> <span class='ocrx_word' id='word_1_606' title='bbox 615 2499 700 2532; x_wconf 69' lang='grc' dir='ltr'>εἴδους</span> <span class='ocrx_word' id='word_1_607' title='bbox 723 2503 772 2533; x_wconf 83' lang='grc' dir='ltr'><strong>τῆς</strong></span> <span class='ocrx_word' id='word_1_608' title='bbox 788 2500 887 2527; x_wconf 74' lang='grc' dir='ltr'>οἰκειὸ-</span> 
     </span>
    </p>
   </div>
   <div class='ocr_carea' id='block_1_85' title="bbox 63 2545 890 2584">
    <p class='ocr_par' dir='ltr' id='par_1_85' title="bbox 63 2545 890 2584">
     <span class='ocr_line' id='line_1_85' title="bbox 63 2545 890 2584; baseline -0.004 -10"><span class='ocrx_word' id='word_1_609' title='bbox 63 2557 155 2584; x_wconf 74' lang='grc' dir='ltr'>τητος,</span> <span class='ocrx_word' id='word_1_610' title='bbox 190 2546 234 2573; x_wconf 82' lang='grc' dir='ltr'><strong>καὶ</strong></span> <span class='ocrx_word' id='word_1_611' title='bbox 262 2546 298 2577; x_wconf 84' lang='grc' dir='ltr'>ὡς</span> <span class='ocrx_word' id='word_1_612' title='bbox 327 2545 378 2572; x_wconf 76' lang='grc' dir='ltr'>ὑπὸ</span> <span class='ocrx_word' id='word_1_613' title='bbox 414 2547 463 2577; x_wconf 80' lang='grc' dir='ltr'>τῆς</span> <span class='ocrx_word' id='word_1_614' title='bbox 490 2545 560 2576; x_wconf 81' lang='grc' dir='ltr'>θείας</span> <span class='ocrx_word' id='word_1_615' title='bbox 590 2547 695 2584; x_wconf 75' lang='grc' dir='ltr'>Γραφῆς</span> <span class='ocrx_word' id='word_1_616' title='bbox 721 2545 738 2577; x_wconf 77' lang='grc' dir='ltr'><strong>ἡ</strong></span> <span class='ocrx_word' id='word_1_617' title='bbox 760 2549 805 2573; x_wconf 76' lang='grc' dir='ltr'><strong>τοῦ</strong></span> <span class='ocrx_word' id='word_1_618' title='bbox 835 2545 890 2576; x_wconf 78' lang='grc' dir='ltr'>ἐνὸς</span> 
     </span>
    </p>
   </div>
   <div class='ocr_carea' id='block_1_86' title="bbox 64 2587 890 2630">
    <p class='ocr_par' dir='ltr' id='par_1_86' title="bbox 64 2587 890 2630">
     <span class='ocr_line' id='line_1_86' title="bbox 64 2587 890 2630; baseline -0.002 -12"><span class='ocrx_word' id='word_1_619' title='bbox 64 2590 156 2630; x_wconf 78' lang='grc' dir='ltr'>ἀνδρὸς</span> <span class='ocrx_word' id='word_1_620' title='bbox 178 2591 244 2628; x_wconf 80' lang='grc' dir='ltr'>πρὸς</span> <span class='ocrx_word' id='word_1_621' title='bbox 277 2589 390 2629; x_wconf 77' lang='grc' dir='ltr'>ἀδελφὰς</span> <span class='ocrx_word' id='word_1_622' title='bbox 426 2588 470 2617; x_wconf 81' lang='grc' dir='ltr'><strong>δύο</strong></span> <span class='ocrx_word' id='word_1_623' title='bbox 498 2589 600 2628; x_wconf 79' lang='grc' dir='ltr'>γαμικὴ</span> <span class='ocrx_word' id='word_1_624' title='bbox 628 2588 718 2626; x_wconf 82' lang='grc' dir='ltr'>ὁμιλία</span> <span class='ocrx_word' id='word_1_625' title='bbox 742 2587 793 2622; x_wconf 77' lang='grc' dir='ltr'><strong>ἤδη</strong></span> <span class='ocrx_word' id='word_1_626' title='bbox 822 2600 890 2628; x_wconf 86' lang='grc' dir='ltr'>προ-</span> 
     </span>
    </p>
   </div>
   <div class='ocr_carea' id='block_1_87' title="bbox 924 1560 1745 1606">
    <p class='ocr_par' dir='ltr' id='par_1_87' title="bbox 924 1560 1745 1606">
     <span class='ocr_line' id='line_1_87' title="bbox 924 1560 1745 1606; baseline 0.009 -16"><span class='ocrx_word' id='word_1_627' title='bbox 924 1560 988 1606; x_wconf 77' lang='lat' dir='ltr'><strong>ipse</strong></span> <span class='ocrx_word' id='word_1_628' title='bbox 1009 1562 1204 1592; x_wconf 88' lang='lat' dir='ltr'><strong>temeritatem</strong></span> <span class='ocrx_word' id='word_1_629' title='bbox 1232 1563 1389 1604; x_wconf 85' lang='lat' dir='ltr'><strong>aliquando</strong></span> <span class='ocrx_word' id='word_1_630' title='bbox 1420 1569 1497 1596; x_wconf 84' lang='lat' dir='ltr'><strong>tuam</strong></span> <span class='ocrx_word' id='word_1_631' title='bbox 1527 1566 1745 1606; x_wconf 88' lang='lat' dir='ltr'><strong>reprehendes.</strong></span> 
     </span>
    </p>
   </div>
   <div class='ocr_carea' id='block_1_88' title="bbox 925 1604 1748 1648">
    <p class='ocr_par' dir='ltr' id='par_1_88' title="bbox 925 1604 1748 1648">
     <span class='ocr_line' id='line_1_88' title="bbox 925 1604 1748 1648; baseline 0.01 -14"><span class='ocrx_word' id='word_1_632' title='bbox 925 1604 998 1635; x_wconf 91' lang='lat' dir='ltr'><strong>Nam</strong></span> <span class='ocrx_word' id='word_1_633' title='bbox 1014 1609 1043 1635; x_wconf 88' lang='lat' dir='ltr'><strong>et</strong></span> <span class='ocrx_word' id='word_1_634' title='bbox 1055 1607 1238 1646; x_wconf 86' lang='lat' dir='ltr'><strong>regulajuris</strong></span> <span class='ocrx_word' id='word_1_635' title='bbox 1249 1613 1294 1638; x_wconf 90' lang='lat' dir='ltr'><strong>est</strong></span> <span class='ocrx_word' id='word_1_636' title='bbox 1305 1609 1379 1648; x_wconf 72' lang='lat'><strong>(43),</strong></span> <span class='ocrx_word' id='word_1_637' title='bbox 1404 1615 1434 1640; x_wconf 87' lang='lat' dir='ltr'><strong>ut</strong></span> <span class='ocrx_word' id='word_1_638' title='bbox 1456 1611 1544 1648; x_wconf 88' lang='lat' dir='ltr'><strong>nosti,</strong></span> <span class='ocrx_word' id='word_1_639' title='bbox 1562 1604 1702 1642; x_wconf 74' lang='lat' dir='ltr'><strong>duntaxat</strong></span> <span class='ocrx_word' id='word_1_640' title='bbox 1716 1611 1748 1642; x_wconf 90' lang='lat' dir='ltr'><strong>in</strong></span> 
     </span>
    </p>
   </div>
   <div class='ocr_carea' id='block_1_89' title="bbox 927 1649 1747 1696">
    <p class='ocr_par' dir='ltr' id='par_1_89' title="bbox 927 1649 1747 1696">
     <span class='ocr_line' id='line_1_89' title="bbox 927 1649 1747 1696; baseline 0.011 -18"><span class='ocrx_word' id='word_1_641' title='bbox 927 1649 964 1696; x_wconf 71' lang='lat' dir='ltr'><strong>iis</strong></span> <span class='ocrx_word' id='word_1_642' title='bbox 980 1649 1077 1696; x_wconf 86' lang='lat' dir='ltr'><strong>legum</strong></span> <span class='ocrx_word' id='word_1_643' title='bbox 1093 1652 1190 1682; x_wconf 88' lang='lat' dir='ltr'><strong>valere</strong></span> <span class='ocrx_word' id='word_1_644' title='bbox 1204 1657 1323 1692; x_wconf 87' lang='lat' dir='ltr'><strong>statuta,</strong></span> <span class='ocrx_word' id='word_1_645' title='bbox 1355 1655 1392 1685; x_wconf 92' lang='lat' dir='ltr'><strong>de</strong></span> <span class='ocrx_word' id='word_1_646' title='bbox 1417 1655 1525 1695; x_wconf 91' lang='lat' dir='ltr'><strong>quibus</strong></span> <span class='ocrx_word' id='word_1_647' title='bbox 1541 1655 1663 1696; x_wconf 82' lang='lat' dir='ltr'><strong>prolatae</strong></span> <span class='ocrx_word' id='word_1_648' title='bbox 1675 1657 1747 1688; x_wconf 91' lang='lat' dir='ltr'><strong>sint.</strong></span> 
     </span>
    </p>
   </div>
   <div class='ocr_carea' id='block_1_90' title="bbox 928 1693 1749 1741">
    <p class='ocr_par' dir='ltr' id='par_1_90' title="bbox 928 1693 1749 1741">
     <span class='ocr_line' id='line_1_90' title="bbox 928 1693 1749 1741; baseline 0.011 -18"><span class='ocrx_word' id='word_1_649' title='bbox 928 1693 988 1741; x_wconf 80' lang='lat' dir='ltr'><strong>Qua</strong></span> <span class='ocrx_word' id='word_1_650' title='bbox 1006 1694 1100 1741; x_wconf 13' lang='lat' dir='ltr'><strong>etiam,</strong></span> <span class='ocrx_word' id='word_1_651' title='bbox 1110 1696 1224 1728; x_wconf 86' lang='lat' dir='ltr'><strong>ratione</strong></span> <span class='ocrx_word' id='word_1_652' title='bbox 1237 1698 1303 1737; x_wconf 75' lang='grc'>(44)</span> <span class='ocrx_word' id='word_1_653' title='bbox 1317 1699 1414 1730; x_wconf 88' lang='lat' dir='ltr'><strong>omnis</strong></span> <span class='ocrx_word' id='word_1_654' title='bbox 1425 1693 1530 1740; x_wconf 77' lang='lat' dir='ltr'><strong>regula</strong></span> <span class='ocrx_word' id='word_1_655' title='bbox 1541 1693 1630 1740; x_wconf 75' lang='lat' dir='ltr'><strong>juris,</strong></span> <span class='ocrx_word' id='word_1_656' title='bbox 1641 1705 1749 1741; x_wconf 77' lang='lat' dir='ltr'><strong>praeter</strong></span> 
     </span>
    </p>
   </div>
   <div class='ocr_carea' id='block_1_91' title="bbox 927 1739 1747 1785">
    <p class='ocr_par' dir='ltr' id='par_1_91' title="bbox 927 1739 1747 1785">
     <span class='ocr_line' id='line_1_91' title="bbox 927 1739 1747 1785; baseline 0.011 -18"><span class='ocrx_word' id='word_1_657' title='bbox 927 1739 994 1776; x_wconf 87' lang='lat' dir='ltr'><strong>alia,</strong></span> <span class='ocrx_word' id='word_1_658' title='bbox 1003 1739 1118 1785; x_wconf 84' lang='lat' dir='ltr'><strong>fragilis</strong></span> <span class='ocrx_word' id='word_1_659' title='bbox 1130 1750 1195 1772; x_wconf 91' lang='lat' dir='ltr'><strong>esse</strong></span> <span class='ocrx_word' id='word_1_660' title='bbox 1206 1742 1325 1774; x_wconf 85' lang='lat' dir='ltr'><strong>dicitur.</strong></span> <span class='ocrx_word' id='word_1_661' title='bbox 1350 1739 1508 1784; x_wconf 88' lang='lat' dir='ltr'><strong>Propterea</strong></span> <span class='ocrx_word' id='word_1_662' title='bbox 1523 1739 1549 1775; x_wconf 84' lang='lat' dir='ltr'><strong>si</strong></span> <span class='ocrx_word' id='word_1_663' title='bbox 1557 1745 1628 1785; x_wconf 85' lang='lat' dir='ltr'><strong>quid</strong></span> <span class='ocrx_word' id='word_1_664' title='bbox 1641 1739 1684 1776; x_wconf 24' lang='lat' dir='ltr'><strong>rex</strong></span> <span class='ocrx_word' id='word_1_665' title='bbox 1700 1746 1747 1776; x_wconf 88' lang='lat' dir='ltr'><strong>his</strong></span> 
     </span>
    </p>
   </div>
   <div class='ocr_carea' id='block_1_92' title="bbox 927 1783 1745 1830">
    <p class='ocr_par' dir='ltr' id='par_1_92' title="bbox 927 1783 1745 1830">
     <span class='ocr_line' id='line_1_92' title="bbox 927 1783 1745 1830; baseline 0.011 -19"><span class='ocrx_word' id='word_1_666' title='bbox 927 1783 1070 1830; x_wconf 78' lang='lat' dir='ltr'><strong>sequitur,</strong></span> <span class='ocrx_word' id='word_1_667' title='bbox 1095 1794 1160 1825; x_wconf 77' lang='lat' dir='ltr'><strong>quae</strong></span> <span class='ocrx_word' id='word_1_668' title='bbox 1185 1786 1220 1817; x_wconf 87' lang='lat' dir='ltr'><strong>ab</strong></span> <span class='ocrx_word' id='word_1_669' title='bbox 1251 1788 1372 1818; x_wconf 91' lang='lat' dir='ltr'><strong>homine</strong></span> <span class='ocrx_word' id='word_1_670' title='bbox 1401 1783 1501 1820; x_wconf 90' lang='lat' dir='ltr'><strong>divino</strong></span> <span class='ocrx_word' id='word_1_671' title='bbox 1531 1783 1643 1820; x_wconf 78' lang='lat' dir='ltr'><strong>sancita</strong></span> <span class='ocrx_word' id='word_1_672' title='bbox 1665 1795 1745 1830; x_wconf 86' lang='lat' dir='ltr'><strong>sunt,</strong></span> 
     </span>
    </p>
   </div>
   <div class='ocr_carea' id='block_1_93' title="bbox 926 1828 1748 1874">
    <p class='ocr_par' dir='ltr' id='par_1_93' title="bbox 926 1828 1748 1874">
     <span class='ocr_line' id='line_1_93' title="bbox 926 1828 1748 1874; baseline 0.011 -18"><span class='ocrx_word' id='word_1_673' title='bbox 926 1828 1048 1874; x_wconf 77' lang='lat' dir='ltr'><strong>omnnio</strong></span> <span class='ocrx_word' id='word_1_674' title='bbox 1073 1829 1110 1859; x_wconf 92' lang='lat' dir='ltr'><strong>de</strong></span> <span class='ocrx_word' id='word_1_675' title='bbox 1139 1830 1174 1860; x_wconf 89' lang='lat' dir='ltr'><strong>iis</strong></span> <span class='ocrx_word' id='word_1_676' title='bbox 1202 1831 1376 1872; x_wconf 83' lang='lat' dir='ltr'><strong>accipienda</strong></span> <span class='ocrx_word' id='word_1_677' title='bbox 1390 1837 1487 1874; x_wconf 91' lang='lat' dir='ltr'><strong>erunt,</strong></span> <span class='ocrx_word' id='word_1_678' title='bbox 1504 1833 1540 1864; x_wconf 93' lang='lat' dir='ltr'><strong>de</strong></span> <span class='ocrx_word' id='word_1_679' title='bbox 1556 1834 1663 1874; x_wconf 91' lang='lat' dir='ltr'><strong>quibus</strong></span> <span class='ocrx_word' id='word_1_680' title='bbox 1679 1828 1748 1865; x_wconf 79' lang='lat' dir='ltr'><strong>tunc</strong></span> 
     </span>
    </p>
   </div>
   <div class='ocr_carea' id='block_1_94' title="bbox 926 1871 1748 1919">
    <p class='ocr_par' dir='ltr' id='par_1_94' title="bbox 926 1871 1748 1919">
     <span class='ocr_line' id='line_1_94' title="bbox 926 1871 1748 1919; baseline 0.01 -18"><span class='ocrx_word' id='word_1_681' title='bbox 926 1871 1007 1919; x_wconf 87' lang='lat' dir='ltr'><strong>fuere</strong></span> <span class='ocrx_word' id='word_1_682' title='bbox 1022 1873 1146 1912; x_wconf 89' lang='lat' dir='ltr'><strong>prolata.</strong></span> <span class='ocrx_word' id='word_1_683' title='bbox 1164 1871 1351 1907; x_wconf 80' lang='lat' dir='ltr'><strong>Manifestum</strong></span> <span class='ocrx_word' id='word_1_684' title='bbox 1366 1882 1410 1908; x_wconf 90' lang='lat' dir='ltr'><strong>est</strong></span> <span class='ocrx_word' id='word_1_685' title='bbox 1420 1871 1532 1915; x_wconf 82' lang='lat' dir='ltr'><strong>autem,</strong></span> <span class='ocrx_word' id='word_1_686' title='bbox 1550 1871 1584 1908; x_wconf 74' lang='lat' dir='ltr'><strong>eo</strong></span> <span class='ocrx_word' id='word_1_687' title='bbox 1599 1883 1748 1919; x_wconf 84' lang='lat' dir='ltr'><strong>spectare,</strong></span> 
     </span>
    </p>
   </div>
   <div class='ocr_carea' id='block_1_95' title="bbox 925 1918 1744 1955">
    <p class='ocr_par' dir='ltr' id='par_1_95' title="bbox 925 1918 1744 1955">
     <span class='ocr_line' id='line_1_95' title="bbox 925 1918 1744 1955; baseline 0.01 -9"><span class='ocrx_word' id='word_1_688' title='bbox 925 1925 963 1947; x_wconf 85' lang='lat' dir='ltr'><strong>ne</strong></span> <span class='ocrx_word' id='word_1_689' title='bbox 979 1918 1022 1948; x_wconf 90' lang='lat' dir='ltr'><strong>vir</strong></span> <span class='ocrx_word' id='word_1_690' title='bbox 1036 1928 1111 1949; x_wconf 88' lang='lat' dir='ltr'><strong>unus</strong></span> <span class='ocrx_word' id='word_1_691' title='bbox 1127 1924 1155 1950; x_wconf 91' lang='lat' dir='ltr'><strong>et</strong></span> <span class='ocrx_word' id='word_1_692' title='bbox 1170 1920 1247 1951; x_wconf 89' lang='lat' dir='ltr'><strong>idem</strong></span> <span class='ocrx_word' id='word_1_693' title='bbox 1259 1921 1372 1952; x_wconf 88' lang='lat' dir='ltr'><strong>duabus</strong></span> <span class='ocrx_word' id='word_1_694' title='bbox 1383 1923 1539 1953; x_wconf 89' lang='lat' dir='ltr'><strong>sororibus</strong></span> <span class='ocrx_word' id='word_1_695' title='bbox 1556 1918 1744 1955; x_wconf 81' lang='lat' dir='ltr'><strong>matrimonio</strong></span> 
     </span>
    </p>
   </div>
   <div class='ocr_carea' id='block_1_96' title="bbox 921 1961 1749 2008">
    <p class='ocr_par' dir='ltr' id='par_1_96' title="bbox 921 1961 1749 2008">
     <span class='ocr_line' id='line_1_96' title="bbox 921 1961 1749 2008; baseline 0.008 -17"><span class='ocrx_word' id='word_1_696' title='bbox 921 1961 1071 2008; x_wconf 83' lang='lat' dir='ltr'><strong>jungatur.</strong></span> <span class='ocrx_word' id='word_1_697' title='bbox 1089 1962 1179 1994; x_wconf 86' lang='lat' dir='ltr'><strong>Sicuti</strong></span> <span class='ocrx_word' id='word_1_698' title='bbox 1194 1973 1311 1996; x_wconf 88' lang='lat' dir='ltr'><strong>rursum</strong></span> <span class='ocrx_word' id='word_1_699' title='bbox 1328 1975 1392 2006; x_wconf 75' lang='lat' dir='ltr'><strong>quae</strong></span> <span class='ocrx_word' id='word_1_700' title='bbox 1416 1966 1452 1997; x_wconf 87' lang='lat' dir='ltr'><strong>ab</strong></span> <span class='ocrx_word' id='word_1_701' title='bbox 1479 1967 1528 1997; x_wconf 89' lang='lat' dir='ltr'><strong>illo</strong></span> <span class='ocrx_word' id='word_1_702' title='bbox 1548 1971 1683 2007; x_wconf 90' lang='lat' dir='ltr'><strong>tempore</strong></span> <span class='ocrx_word' id='word_1_703' title='bbox 1699 1977 1749 2008; x_wconf 90' lang='lat' dir='ltr'><strong>pa-</strong></span> 
     </span>
    </p>
   </div>
   <div class='ocr_carea' id='block_1_97' title="bbox 924 2006 1747 2045">
    <p class='ocr_par' dir='ltr' id='par_1_97' title="bbox 924 2006 1747 2045">
     <span class='ocr_line' id='line_1_97' title="bbox 924 2006 1747 2045; baseline 0.009 -9"><span class='ocrx_word' id='word_1_704' title='bbox 924 2006 1073 2038; x_wconf 89' lang='lat' dir='ltr'><strong>triarchali</strong></span> <span class='ocrx_word' id='word_1_705' title='bbox 1090 2013 1168 2038; x_wconf 78' lang='lat' dir='ltr'><strong>torno</strong></span> <span class='ocrx_word' id='word_1_706' title='bbox 1184 2014 1252 2039; x_wconf 90' lang='lat' dir='ltr'><strong>sunt</strong></span> <span class='ocrx_word' id='word_1_707' title='bbox 1267 2011 1386 2045; x_wconf 80' lang='lat' dir='ltr'><strong>inserta.</strong></span> <span class='ocrx_word' id='word_1_708' title='bbox 1404 2011 1496 2042; x_wconf 89' lang='lat' dir='ltr'><strong>robur</strong></span> <span class='ocrx_word' id='word_1_709' title='bbox 1518 2011 1549 2042; x_wconf 87' lang='lat' dir='ltr'><strong>in</strong></span> <span class='ocrx_word' id='word_1_710' title='bbox 1577 2006 1619 2042; x_wconf 16' lang='lat' dir='ltr'><strong>iis,</strong></span> <span class='ocrx_word' id='word_1_711' title='bbox 1631 2006 1747 2042; x_wconf 80' lang='lat' dir='ltr'><strong>obtine-</strong></span> 
     </span>
    </p>
   </div>
   <div class='ocr_carea' id='block_1_98' title="bbox 924 2049 1751 2093">
    <p class='ocr_par' dir='ltr' id='par_1_98' title="bbox 924 2049 1751 2093">
     <span class='ocr_line' id='line_1_98' title="bbox 924 2049 1751 2093; baseline 0.007 -12"><span class='ocrx_word' id='word_1_712' title='bbox 924 2049 1010 2089; x_wconf 88' lang='lat' dir='ltr'><strong>bunt,</strong></span> <span class='ocrx_word' id='word_1_713' title='bbox 1027 2052 1056 2082; x_wconf 87' lang='lat' dir='ltr'><strong>in</strong></span> <span class='ocrx_word' id='word_1_714' title='bbox 1072 2063 1138 2093; x_wconf 75' lang='lat' dir='ltr'><strong>quae</strong></span> <span class='ocrx_word' id='word_1_715' title='bbox 1153 2054 1223 2083; x_wconf 89' lang='lat' dir='ltr'><strong>tomi</strong></span> <span class='ocrx_word' id='word_1_716' title='bbox 1240 2054 1348 2085; x_wconf 88' lang='lat' dir='ltr'><strong>desinit</strong></span> <span class='ocrx_word' id='word_1_717' title='bbox 1368 2056 1490 2087; x_wconf 79' lang='lat' dir='ltr'><strong>affectus</strong></span> <span class='ocrx_word' id='word_1_718' title='bbox 1507 2066 1514 2083; x_wconf 68' lang='grc' dir='ltr'>ε</span> <span class='ocrx_word' id='word_1_719' title='bbox 1547 2056 1702 2093; x_wconf 90' lang='lat' dir='ltr'><strong>nimirum,</strong></span> <span class='ocrx_word' id='word_1_720' title='bbox 1718 2059 1751 2087; x_wconf 90' lang='lat' dir='ltr'><strong>ut</strong></span> 
     </span>
    </p>
   </div>
   <div class='ocr_carea' id='block_1_99' title="bbox 925 2097 1747 2141">
    <p class='ocr_par' dir='ltr' id='par_1_99' title="bbox 925 2097 1747 2141">
     <span class='ocr_line' id='line_1_99' title="bbox 925 2097 1747 2141; baseline 0.009 -16"><span class='ocrx_word' id='word_1_721' title='bbox 925 2104 1020 2136; x_wconf 88' lang='lat' dir='ltr'><strong>neque</strong></span> <span class='ocrx_word' id='word_1_722' title='bbox 1032 2097 1088 2127; x_wconf 93' lang='lat' dir='ltr'><strong>duo</strong></span> <span class='ocrx_word' id='word_1_723' title='bbox 1100 2097 1205 2128; x_wconf 82' lang='lat' dir='ltr'><strong>fratres</strong></span> <span class='ocrx_word' id='word_1_724' title='bbox 1215 2098 1288 2128; x_wconf 91' lang='lat' dir='ltr'><strong>duas</strong></span> <span class='ocrx_word' id='word_1_725' title='bbox 1304 2100 1497 2131; x_wconf 87' lang='lat' dir='ltr'><strong>consobrinas</strong></span> <span class='ocrx_word' id='word_1_726' title='bbox 1509 2101 1630 2139; x_wconf 84' lang='lat' dir='ltr'><strong>ducant,</strong></span> <span class='ocrx_word' id='word_1_727' title='bbox 1647 2110 1747 2141; x_wconf 88' lang='lat' dir='ltr'><strong>neque</strong></span> 
     </span>
    </p>
   </div>
   <div class='ocr_carea' id='block_1_100' title="bbox 926 2142 1749 2182">
    <p class='ocr_par' dir='ltr' id='par_1_100' title="bbox 926 2142 1749 2182">
     <span class='ocr_line' id='line_1_100' title="bbox 926 2142 1749 2182; baseline 0.007 -12"><span class='ocrx_word' id='word_1_728' title='bbox 926 2146 1046 2179; x_wconf 83' lang='lat' dir='ltr'><strong>patruus</strong></span> <span class='ocrx_word' id='word_1_729' title='bbox 1056 2145 1084 2172; x_wconf 88' lang='lat' dir='ltr'><strong>et</strong></span> <span class='ocrx_word' id='word_1_730' title='bbox 1093 2142 1191 2173; x_wconf 89' lang='lat' dir='ltr'><strong>fratris</strong></span> <span class='ocrx_word' id='word_1_731' title='bbox 1205 2143 1282 2174; x_wconf 84' lang='lat' dir='ltr'><strong>ﬁlius</strong></span> <span class='ocrx_word' id='word_1_732' title='bbox 1302 2144 1375 2175; x_wconf 87' lang='lat' dir='ltr'><strong>duas</strong></span> <span class='ocrx_word' id='word_1_733' title='bbox 1386 2154 1515 2182; x_wconf 87' lang='lat' dir='ltr'><strong>sorores,</strong></span> <span class='ocrx_word' id='word_1_734' title='bbox 1525 2155 1558 2176; x_wconf 88' lang='lat' dir='ltr'><strong>ac</strong></span> <span class='ocrx_word' id='word_1_735' title='bbox 1570 2147 1633 2176; x_wconf 87' lang='lat' dir='ltr'><strong>vice</strong></span> <span class='ocrx_word' id='word_1_736' title='bbox 1644 2155 1729 2176; x_wconf 87' lang='lat' dir='ltr'><strong>versa</strong></span> <span class='ocrx_word' id='word_1_737' title='bbox 1742 2157 1749 2180; x_wconf 88' lang='lat'><strong>:</strong></span> 
     </span>
    </p>
   </div>
   <div class='ocr_carea' id='block_1_101' title="bbox 927 2185 1750 2228">
    <p class='ocr_par' dir='ltr' id='par_1_101' title="bbox 927 2185 1750 2228">
     <span class='ocr_line' id='line_1_101' title="bbox 927 2185 1750 2228; baseline 0.007 -13"><span class='ocrx_word' id='word_1_738' title='bbox 927 2185 996 2216; x_wconf 89' lang='lat' dir='ltr'><strong>licet</strong></span> <span class='ocrx_word' id='word_1_739' title='bbox 1007 2186 1070 2217; x_wconf 85' lang='lat' dir='ltr'><strong>haec</strong></span> <span class='ocrx_word' id='word_1_740' title='bbox 1082 2187 1183 2218; x_wconf 90' lang='lat' dir='ltr'><strong>multis</strong></span> <span class='ocrx_word' id='word_1_741' title='bbox 1199 2187 1364 2228; x_wconf 87' lang='lat' dir='ltr'><strong>interjectis</strong></span> <span class='ocrx_word' id='word_1_742' title='bbox 1376 2189 1608 2228; x_wconf 86' lang='lat' dir='ltr'><strong>digressionibus</strong></span> <span class='ocrx_word' id='word_1_743' title='bbox 1625 2190 1664 2221; x_wconf 85' lang='lat' dir='ltr'><strong>ita</strong></span> <span class='ocrx_word' id='word_1_744' title='bbox 1678 2199 1750 2221; x_wconf 89' lang='lat' dir='ltr'><strong>con-</strong></span> 
     </span>
    </p>
   </div>
   <div class='ocr_carea' id='block_1_102' title="bbox 928 2231 1747 2274">
    <p class='ocr_par' dir='ltr' id='par_1_102' title="bbox 928 2231 1747 2274">
     <span class='ocr_line' id='line_1_102' title="bbox 928 2231 1747 2274; baseline 0.006 -14"><span class='ocrx_word' id='word_1_745' title='bbox 928 2233 1072 2262; x_wconf 86' lang='lat' dir='ltr'><strong>texantur.</strong></span> <span class='ocrx_word' id='word_1_746' title='bbox 1092 2231 1147 2262; x_wconf 89' lang='lat' dir='ltr'><strong>Sed</strong></span> <span class='ocrx_word' id='word_1_747' title='bbox 1166 2236 1196 2262; x_wconf 92' lang='lat' dir='ltr'><strong>ut</strong></span> <span class='ocrx_word' id='word_1_748' title='bbox 1211 2238 1394 2264; x_wconf 87' lang='lat' dir='ltr'><strong>revertamur</strong></span> <span class='ocrx_word' id='word_1_749' title='bbox 1405 2234 1441 2264; x_wconf 92' lang='lat' dir='ltr'><strong>ad</strong></span> <span class='ocrx_word' id='word_1_750' title='bbox 1465 2233 1506 2271; x_wconf 89' lang='lat' dir='ltr'><strong>id,</strong></span> <span class='ocrx_word' id='word_1_751' title='bbox 1521 2235 1598 2274; x_wconf 92' lang='lat' dir='ltr'><strong>quod</strong></span> <span class='ocrx_word' id='word_1_752' title='bbox 1616 2234 1747 2265; x_wconf 85' lang='lat' dir='ltr'><strong>institui-</strong></span> 
     </span>
    </p>
   </div>
   <div class='ocr_carea' id='block_1_103' title="bbox 929 2275 1751 2319">
    <p class='ocr_par' dir='ltr' id='par_1_103' title="bbox 929 2275 1751 2319">
     <span class='ocr_line' id='line_1_103' title="bbox 929 2275 1751 2319; baseline 0.005 -14"><span class='ocrx_word' id='word_1_753' title='bbox 929 2284 994 2306; x_wconf 94' lang='lat' dir='ltr'><strong>mus</strong></span> <span class='ocrx_word' id='word_1_754' title='bbox 1011 2275 1122 2312; x_wconf 89' lang='lat' dir='ltr'><strong>dicere,</strong></span> <span class='ocrx_word' id='word_1_755' title='bbox 1132 2285 1255 2315; x_wconf 86' lang='lat' dir='ltr'><strong>magnus</strong></span> <span class='ocrx_word' id='word_1_756' title='bbox 1267 2277 1313 2307; x_wconf 88' lang='lat' dir='ltr'><strong>hic</strong></span> <span class='ocrx_word' id='word_1_757' title='bbox 1323 2282 1423 2309; x_wconf 82' lang='lat' dir='ltr'><strong>noster</strong></span> <span class='ocrx_word' id='word_1_758' title='bbox 1434 2278 1570 2316; x_wconf 89' lang='lat' dir='ltr'><strong>Basilius,</strong></span> <span class='ocrx_word' id='word_1_759' title='bbox 1590 2279 1751 2319; x_wconf 88' lang='lat' dir='ltr'><strong>prohibens</strong></span> 
     </span>
    </p>
   </div>
   <div class='ocr_carea' id='block_1_104' title="bbox 929 2319 1752 2362">
    <p class='ocr_par' dir='ltr' id='par_1_104' title="bbox 929 2319 1752 2362">
     <span class='ocr_line' id='line_1_104' title="bbox 929 2319 1752 2362; baseline 0.006 -13"><span class='ocrx_word' id='word_1_760' title='bbox 929 2319 1016 2350; x_wconf 90' lang='lat' dir='ltr'><strong>unius</strong></span> <span class='ocrx_word' id='word_1_761' title='bbox 1029 2320 1084 2350; x_wconf 90' lang='lat' dir='ltr'><strong>viri</strong></span> <span class='ocrx_word' id='word_1_762' title='bbox 1099 2321 1316 2361; x_wconf 84' lang='lat' dir='ltr'><strong>copulationem</strong></span> <span class='ocrx_word' id='word_1_763' title='bbox 1332 2332 1398 2353; x_wconf 90' lang='lat' dir='ltr'><strong>cum</strong></span> <span class='ocrx_word' id='word_1_764' title='bbox 1415 2322 1528 2354; x_wconf 88' lang='lat' dir='ltr'><strong>duabus</strong></span> <span class='ocrx_word' id='word_1_765' title='bbox 1544 2323 1707 2362; x_wconf 86' lang='lat' dir='ltr'><strong>sororibus,</strong></span> <span class='ocrx_word' id='word_1_766' title='bbox 1721 2328 1752 2355; x_wconf 87' lang='lat' dir='ltr'><strong>et</strong></span> 
     </span>
    </p>
   </div>
   <div class='ocr_carea' id='block_1_105' title="bbox 929 2363 1751 2408">
    <p class='ocr_par' dir='ltr' id='par_1_105' title="bbox 929 2363 1751 2408">
     <span class='ocr_line' id='line_1_105' title="bbox 929 2363 1751 2408; baseline 0.007 -15"><span class='ocrx_word' id='word_1_767' title='bbox 929 2363 1097 2395; x_wconf 84' lang='lat' dir='ltr'><strong>damnabile</strong></span> <span class='ocrx_word' id='word_1_768' title='bbox 1113 2365 1227 2396; x_wconf 85' lang='lat' dir='ltr'><strong>facinus</strong></span> <span class='ocrx_word' id='word_1_769' title='bbox 1241 2366 1297 2398; x_wconf 89' lang='lat' dir='ltr'><strong>hoc</strong></span> <span class='ocrx_word' id='word_1_770' title='bbox 1313 2367 1450 2406; x_wconf 87' lang='lat' dir='ltr'><strong>culpans,</strong></span> <span class='ocrx_word' id='word_1_771' title='bbox 1477 2368 1518 2398; x_wconf 90' lang='lat' dir='ltr'><strong>uti</strong></span> <span class='ocrx_word' id='word_1_772' title='bbox 1535 2368 1612 2408; x_wconf 91' lang='lat' dir='ltr'><strong>quod</strong></span> <span class='ocrx_word' id='word_1_773' title='bbox 1629 2368 1751 2399; x_wconf 89' lang='lat' dir='ltr'><strong>omnino</strong></span> 
     </span>
    </p>
   </div>
   <div class='ocr_carea' id='block_1_106' title="bbox 929 2408 1750 2451">
    <p class='ocr_par' dir='ltr' id='par_1_106' title="bbox 929 2408 1750 2451">
     <span class='ocr_line' id='line_1_106' title="bbox 929 2408 1750 2451; baseline 0.007 -13"><span class='ocrx_word' id='word_1_774' title='bbox 929 2408 965 2439; x_wconf 84' lang='lat' dir='ltr'><strong>sit</strong></span> <span class='ocrx_word' id='word_1_775' title='bbox 981 2409 1108 2440; x_wconf 92' lang='lat' dir='ltr'><strong>alienum</strong></span> <span class='ocrx_word' id='word_1_776' title='bbox 1124 2419 1141 2440; x_wconf 86' lang='lat' dir='ltr'><strong>a</strong></span> <span class='ocrx_word' id='word_1_777' title='bbox 1157 2410 1275 2450; x_wconf 89' lang='lat' dir='ltr'><strong>pietate,</strong></span> <span class='ocrx_word' id='word_1_778' title='bbox 1292 2420 1348 2442; x_wconf 90' lang='lat' dir='ltr'><strong>nec</strong></span> <span class='ocrx_word' id='word_1_779' title='bbox 1374 2411 1520 2451; x_wconf 90' lang='lat' dir='ltr'><strong>religiosis</strong></span> <span class='ocrx_word' id='word_1_780' title='bbox 1537 2412 1657 2443; x_wconf 87' lang='lat' dir='ltr'><strong>auribus</strong></span> <span class='ocrx_word' id='word_1_781' title='bbox 1673 2413 1750 2444; x_wconf 89' lang='lat' dir='ltr'><strong>tole-</strong></span> 
     </span>
    </p>
   </div>
   <div class='ocr_carea' id='block_1_107' title="bbox 929 2453 1750 2496">
    <p class='ocr_par' dir='ltr' id='par_1_107' title="bbox 929 2453 1750 2496">
     <span class='ocr_line' id='line_1_107' title="bbox 929 2453 1750 2496; baseline 0.007 -13"><span class='ocrx_word' id='word_1_782' title='bbox 929 2453 1043 2494; x_wconf 86' lang='lat' dir='ltr'><strong>rabile;</strong></span> <span class='ocrx_word' id='word_1_783' title='bbox 1063 2454 1222 2495; x_wconf 69' lang='lat' dir='ltr'><strong>simulque,</strong></span> <span class='ocrx_word' id='word_1_784' title='bbox 1237 2455 1314 2486; x_wconf 74' lang='lat' dir='ltr'><strong>dicto</strong></span> <span class='ocrx_word' id='word_1_785' title='bbox 1332 2456 1392 2495; x_wconf 85' lang='lat' dir='ltr'><strong>illo,</strong></span> <span class='ocrx_word' id='word_1_786' title='bbox 1410 2457 1474 2487; x_wconf 89' lang='lat' dir='ltr'><strong>Non</strong></span> <span class='ocrx_word' id='word_1_787' title='bbox 1505 2457 1683 2496; x_wconf 77' lang='lat' dir='ltr'><strong>ingrediaris</strong></span> <span class='ocrx_word' id='word_1_788' title='bbox 1714 2458 1750 2488; x_wconf 87' lang='lat' dir='ltr'><strong>ad</strong></span> 
     </span>
    </p>
   </div>
   <div class='ocr_carea' id='block_1_108' title="bbox 930 2499 1753 2542">
    <p class='ocr_par' dir='ltr' id='par_1_108' title="bbox 930 2499 1753 2542">
     <span class='ocr_line' id='line_1_108' title="bbox 930 2499 1753 2542; baseline 0.005 -14"><span class='ocrx_word' id='word_1_789' title='bbox 930 2499 1066 2538; x_wconf 82' lang='lat' dir='ltr'><strong>quemvis</strong></span> <span class='ocrx_word' id='word_1_790' title='bbox 1084 2500 1283 2530; x_wconf 86' lang='lat' dir='ltr'><strong>necessarium</strong></span> <span class='ocrx_word' id='word_1_791' title='bbox 1295 2501 1392 2531; x_wconf 86' lang='lat' dir='ltr'><strong>carnis</strong></span> <span class='ocrx_word' id='word_1_792' title='bbox 1407 2505 1475 2537; x_wconf 72' lang='lat' dir='ltr'><strong>tute,</strong></span> <span class='ocrx_word' id='word_1_793' title='bbox 1491 2507 1524 2533; x_wconf 88' lang='lat' dir='ltr'><strong>ut</strong></span> <span class='ocrx_word' id='word_1_794' title='bbox 1539 2503 1672 2534; x_wconf 90' lang='lat' dir='ltr'><strong>deducus</strong></span> <span class='ocrx_word' id='word_1_795' title='bbox 1688 2503 1753 2542; x_wconf 84' lang='lat' dir='ltr'><strong>ejus</strong></span> 
     </span>
    </p>
   </div>
   <div class='ocr_carea' id='block_1_109' title="bbox 931 2543 1751 2586">
    <p class='ocr_par' dir='ltr' id='par_1_109' title="bbox 931 2543 1751 2586">
     <span class='ocr_line' id='line_1_109' title="bbox 931 2543 1751 2586; baseline 0.005 -13"><span class='ocrx_word' id='word_1_796' title='bbox 931 2543 1055 2580; x_wconf 87' lang='lat' dir='ltr'><strong>reveles,</strong></span> <span class='ocrx_word' id='word_1_797' title='bbox 1074 2552 1089 2573; x_wconf 90' lang='lat' dir='ltr'><strong>e</strong></span> <span class='ocrx_word' id='word_1_798' title='bbox 1112 2544 1206 2574; x_wconf 79' lang='lat' dir='ltr'><strong>sacris</strong></span> <span class='ocrx_word' id='word_1_799' title='bbox 1235 2544 1352 2575; x_wconf 88' lang='lat' dir='ltr'><strong>Litteris</strong></span> <span class='ocrx_word' id='word_1_800' title='bbox 1380 2546 1556 2577; x_wconf 85' lang='lat' dir='ltr'><strong>dehortandi</strong></span> <span class='ocrx_word' id='word_1_801' title='bbox 1580 2556 1666 2577; x_wconf 88' lang='lat' dir='ltr'><strong>causa</strong></span> <span class='ocrx_word' id='word_1_802' title='bbox 1680 2556 1751 2586; x_wconf 91' lang='lat' dir='ltr'><strong>pro-</strong></span> 
     </span>
    </p>
   </div>
   <div class='ocr_carea' id='block_1_110' title="bbox 933 2588 1754 2631">
    <p class='ocr_par' dir='ltr' id='par_1_110' title="bbox 933 2588 1754 2631">
     <span class='ocr_line' id='line_1_110' title="bbox 933 2588 1754 2631; baseline 0.004 -14"><span class='ocrx_word' id='word_1_803' title='bbox 933 2588 1002 2625; x_wconf 85' lang='lat' dir='ltr'><strong>lato,</strong></span> <span class='ocrx_word' id='word_1_804' title='bbox 1019 2589 1088 2618; x_wconf 90' lang='lat' dir='ltr'><strong>dum</strong></span> <span class='ocrx_word' id='word_1_805' title='bbox 1106 2588 1231 2628; x_wconf 88' lang='lat' dir='ltr'><strong>probare</strong></span> <span class='ocrx_word' id='word_1_806' title='bbox 1247 2589 1316 2630; x_wconf 82' lang='lat' dir='ltr'><strong>vult,</strong></span> <span class='ocrx_word' id='word_1_807' title='bbox 1335 2589 1446 2620; x_wconf 87' lang='lat' dir='ltr'><strong>dictum</strong></span> <span class='ocrx_word' id='word_1_808' title='bbox 1463 2591 1535 2621; x_wconf 90' lang='lat' dir='ltr'><strong>illud</strong></span> <span class='ocrx_word' id='word_1_809' title='bbox 1545 2592 1621 2622; x_wconf 88' lang='lat' dir='ltr'><strong>hanc</strong></span> <span class='ocrx_word' id='word_1_810' title='bbox 1636 2600 1754 2631; x_wconf 91' lang='lat' dir='ltr'><strong>quoque</strong></span> 
     </span>
    </p>
   </div>
   <div class='ocr_carea' id='block_1_111' title="bbox 64 2632 878 2676">
    <p class='ocr_par' dir='ltr' id='par_1_111' title="bbox 64 2632 876 2675">
     <span class='ocr_line' id='line_1_111' title="bbox 64 2632 876 2675; baseline -0.004 -11"><span class='ocrx_word' id='word_1_811' title='bbox 64 2635 259 2675; x_wconf 75' lang='grc' dir='ltr'>απηγόρευται,</span> <span class='ocrx_word' id='word_1_812' title='bbox 277 2635 374 2672; x_wconf 83' lang='grc' dir='ltr'>εἱσαγει</span> <span class='ocrx_word' id='word_1_813' title='bbox 400 2633 507 2665; x_wconf 83' lang='grc' dir='ltr'>τούτους</span> <span class='ocrx_word' id='word_1_814' title='bbox 536 2634 595 2665; x_wconf 71' lang='grc' dir='ltr'>τοὺς</span> <span class='ocrx_word' id='word_1_815' title='bbox 624 2632 777 2672; x_wconf 85' lang='grc' dir='ltr'>λεγισμούς,</span> <span class='ocrx_word' id='word_1_816' title='bbox 801 2634 831 2662; x_wconf 82' lang='grc' dir='ltr'>Τί</span> <span class='ocrx_word' id='word_1_817' title='bbox 843 2634 876 2672; x_wconf 79' lang='grc' dir='ltr'>γὰ</span> 
     </span>
    </p>
   </div>
   <div class='ocr_carea' id='block_1_112' title="bbox 961 2632 1756 2676">
    <p class='ocr_par' dir='ltr' id='par_1_112' title="bbox 961 2633 1756 2676">
     <span class='ocr_line' id='line_1_112' title="bbox 961 2633 1756 2676; baseline 0.005 -13"><span class='ocrx_word' id='word_1_818' title='bbox 961 2633 1159 2673; x_wconf 65' lang='grc' dir='ltr'>τορὶιιοοὶιειιίε</span> <span class='ocrx_word' id='word_1_819' title='bbox 1187 2634 1318 2674; x_wconf 83' lang='lat' dir='ltr'><strong>speciem</strong></span> <span class='ocrx_word' id='word_1_820' title='bbox 1348 2635 1516 2675; x_wconf 88' lang='lat' dir='ltr'><strong>complecti,</strong></span> <span class='ocrx_word' id='word_1_821' title='bbox 1547 2636 1685 2676; x_wconf 90' lang='lat' dir='ltr'><strong>quodque</strong></span> <span class='ocrx_word' id='word_1_822' title='bbox 1701 2645 1756 2676; x_wconf 88' lang='lat' dir='ltr'><strong>per</strong></span> 
     </span>
    </p>
   </div>
   <div class='ocr_carea' id='block_1_113' title="bbox 843 2717 966 2750">
    <p class='ocr_par' dir='ltr' id='par_1_113' title="bbox 843 2717 966 2750">
     <span class='ocr_line' id='line_1_113' title="bbox 843 2717 966 2750; baseline 0.008 -2"><span class='ocrx_word' id='word_1_823' title='bbox 843 2717 966 2750; x_wconf 65' lang='grc' dir='ltr'><strong>ΝΟΤΛΕ.</strong></span> 
     </span>
    </p>
   </div>
   <div class='ocr_carea' id='block_1_114' title="bbox 106 2784 500 2826">
    <p class='ocr_par' dir='ltr' id='par_1_114' title="bbox 106 2784 500 2826">
     <span class='ocr_line' id='line_1_114' title="bbox 106 2784 500 2826; baseline -0.005 -9"><span class='ocrx_word' id='word_1_824' title='bbox 106 2786 170 2826; x_wconf 78' lang='grc'><strong>(43)</strong></span> <span class='ocrx_word' id='word_1_825' title='bbox 185 2785 236 2817; x_wconf 86' lang='lat'><strong>96.</strong></span> <span class='ocrx_word' id='word_1_826' title='bbox 254 2784 288 2816; x_wconf 89' lang='lat' dir='ltr'><strong>D.</strong></span> <span class='ocrx_word' id='word_1_827' title='bbox 305 2785 341 2816; x_wconf 83' lang='lat' dir='ltr'><strong>de</strong></span> <span class='ocrx_word' id='word_1_828' title='bbox 356 2793 422 2824; x_wconf 81' lang='lat' dir='ltr'><strong>reg.</strong></span> <span class='ocrx_word' id='word_1_829' title='bbox 439 2786 500 2822; x_wconf 71' lang='lat' dir='ltr'><strong>iur.</strong></span> 
     </span>
    </p>
   </div>
   <div class='ocr_carea' id='block_1_115' title="bbox 888 2784 1301 2824">
    <p class='ocr_par' dir='ltr' id='par_1_115' title="bbox 888 2784 1301 2824">
     <span class='ocr_line' id='line_1_115' title="bbox 888 2784 1301 2824; baseline -0.002 -7"><span class='ocrx_word' id='word_1_830' title='bbox 888 2785 946 2824; x_wconf 69' lang='lat'><strong>(44)</strong></span> <span class='ocrx_word' id='word_1_831' title='bbox 964 2784 1067 2816; x_wconf 92' lang='lat' dir='ltr'><strong>Omnis</strong></span> <span class='ocrx_word' id='word_1_832' title='bbox 1082 2785 1140 2816; x_wconf 61' lang='grc' dir='ltr'><strong>ἳυὲ</strong></span> <span class='ocrx_word' id='word_1_833' title='bbox 1157 2793 1163 2815; x_wconf 88' lang='lat'>:</span> <span class='ocrx_word' id='word_1_834' title='bbox 1181 2784 1217 2817; x_wconf 88' lang='lat' dir='ltr'><strong>D.</strong></span> <span class='ocrx_word' id='word_1_835' title='bbox 1235 2786 1301 2816; x_wconf 86' lang='lat' dir='ltr'><strong>eod.</strong></span> 
     </span>
    </p>
   </div>
  </div>
