1946 3080
196 106 273 139 1123

884 104 950 138 JUS
969 106 1194 139 CANONICUM

1811 110 1884 141 1124

193 175 312 206 Salutio
322 175 435 207 Nicetis
443 173 611 215 Mitylenaei
622 173 844 206 Thessalonicae
855 174 1014 205 antistitis.

1113 174 1192 206 Λύσις
1233 179 1279 204 τοῦ
1323 173 1530 215 Θεσσαλονίκης,
1568 176 1647 214 κυροῦ
1696 177 1804 211 Νικήτα
1846 181 1885 205 τιγ]

234 259 374 295 Quisnam
391 259 442 297 sis,
463 259 503 290 mi
516 260 615 296 homo,
629 260 677 299 qui
696 268 800 298 magno
812 268 846 290 ex
860 257 1014 289 intervallo

193 303 230 334 de
245 304 291 334 his
306 303 483 343 interregis,
505 303 642 344 equidem
660 303 763 342 ignaro
781 313 788 332 :
807 312 872 333 cum
905 305 933 333 te
961 311 1015 332 nec

193 347 329 384 viderim,
345 357 401 378 nec
426 348 569 379 allocutus
595 349 661 379 sim.
690 347 795 378 Errata
816 347 936 387 quidem
952 346 1011 381 illa,

193 402 260 433 quae
270 393 419 432 Suggestio
435 397 485 423 tua
506 392 648 427 continet,
679 391 855 431 corrigenda
882 391 1014 426 veniunt,

194 441 332 478 tuamque
347 437 384 468 de
400 437 446 468 his
471 437 732 476 interrogationem
750 436 862 476 probo;
880 434 1016 476 quando—

191 482 310 522 quidem
326 491 427 512 eorum
446 485 576 522 peccata,
599 481 649 521 qui
677 480 808 511 dominis
837 480 1012 515 inserviunt,

192 527 253 557 sive
266 527 325 557 sint
339 527 426 563 servi,
444 526 505 556 sive
521 526 617 556 liberi.
633 526 678 556 vel
704 525 799 565 potius
821 525 845 554 si
862 523 948 559 servi,
966 528 1014 554 aut

192 581 312 611 prorsus
327 571 448 601 alterius
464 571 492 601 iu
510 574 663 610 potestate,
681 570 876 600 conferuntur
895 571 922 598 in
935 569 1015 608 ipsos

191 615 429 655 patresfamilias,
461 616 484 646 si
514 615 581 655 quis
617 614 696 644 omni
733 614 829 644 studio
858 613 895 644 de
919 612 1014 643 corri-

190 660 296 699 gendis
312 659 355 690 eis
370 669 428 689 non
459 659 577 697 cogitet.
608 658 690 694 Quod
721 658 745 688 si
774 667 829 688 nec
862 657 1016 688 manifesta

191 709 270 741 sunt,
286 705 347 736 Deo
370 706 514 734 rationem
540 703 645 734 reddet
666 703 701 739 is,
719 703 768 743 qui
784 712 818 732 ea
831 702 989 732 committit
1005 711 1012 732 :

191 749 236 779 sin
253 749 408 779 manifesta
437 747 664 788 paterfamilias:
689 747 737 787 qui
753 747 872 787 quidem
890 755 924 776 ea
939 745 1014 776 Ioci-

1361 213 1549 248 Μιτοληναίου,
1568 226 1580 243 ε

1096 261 1140 292 Τίς
1156 261 1204 298 μὲν
1219 261 1259 297 εἷ,
1274 260 1402 301 ἄνθρωπε,
1430 262 1530 300 ἀγνοῶ,
1553 263 1567 290 ὁ
1594 267 1676 291 ταῦτα
1698 262 1844 302 ἐπερωτῶν
1859 263 1885 290 ἐκ

1057 310 1158 344 μακροῦ
1185 304 1375 344 διαστήματος,
1411 306 1479 343 μήτε
1505 305 1567 334 ἰδών
1592 317 1632 343 σε,
1665 308 1735 344 μήτε
1761 308 1884 346 ὲντυχών

1058 361 1111 380 σοι,
1135 349 1178 382 Ἐξ
1193 349 1312 389 ἀνάγκης
1325 349 1353 377 δὲ
1379 349 1394 377 ἃ
1423 349 1593 388 διαλαμϐάνει
1615 351 1632 384 ἡ
1660 352 1813 389 ὑπόμνησίς
1843 363 1885 379 σου

1059 393 1214 434 σφάλματα,
1238 393 1377 433 διορθωτέα
1398 394 1459 424 εἰσί.
1484 396 1533 424 Καὶ
1567 394 1737 435 ἀποδέχομαι
1763 407 1816 424 σου
1839 396 1883 428 τὴν

1057 439 1115 478 περὶ
1150 439 1249 466 τούτων
1291 438 1430 477 ἐρώτησιν,
1467 438 1508 466 ὅτι
1542 440 1575 467 τὰ
1608 440 1790 480 ἁμαρτήματα
1835 442 1884 467 τών

1056 484 1254 522 ὑπηρετούντων
1288 490 1347 515 τοῖς
1382 481 1534 521 δεσπόταις,
1582 484 1638 511 εἴτε
1673 483 1761 514 δοῦλοί
1808 486 1883 521 εἰσιν,

1056 527 1111 556 εἴτε
1134 527 1270 565 ἐλεύθεροι,
1306 529 1348 557 καὶ
1376 527 1477 564 μᾶλλον
1506 529 1527 555 εί
1557 527 1654 564 δοῦλοι,
1728 528 1802 560 ὅλως
1833 530 1885 556 ὑπ-

1056 571 1165 604 εξούσιοι
1202 572 1244 600 ἐπὶ
1271 583 1330 604 τοςς
1367 571 1552 604 οἷκοδεσπότας
1588 573 1723 612 φέρονται,
1753 573 1818 612 εἴγε
1848 574 1885 610 μὴ

1056 617 1186 648 παντοίως
1210 617 1338 656 φροντίζοι
1366 628 1406 648 τις
1435 620 1484 650 τῆς
1513 617 1610 645 τούτων
1634 616 1812 656 διορθώσεως.
1839 619 1886 646 Καὶ

1057 661 1078 688 εἰ
1092 661 1140 698 μὲν
1163 662 1225 689 εἰσὶν
1246 661 1348 700 ἀφανῆ,
1374 665 1412 698 τῷ
1441 665 1498 698 Θεῷ
1519 661 1595 702 δώσει
1611 661 1690 700 λόγον
1705 663 1719 690 ὁ
1734 662 1864 702 πράττων
1876 672 1882 679 ·

1057 706 1078 733 εἶ
1107 704 1133 733 δὲ
1159 705 1268 745 φανερὰ,
1291 706 1305 732 ὁ
1335 704 1534 738 οίᾶοδεσπότης,
1567 698 1614 736 ”ος
1635 707 1679 734 καὶ
1711 698 1816 745 ὀφείλει
1854 710 1885 743 τῇ

1055 750 1122 778 κατὰ
1137 750 1216 778 τόπον
1243 749 1371 786 ἐκκλησίᾳ
1392 753 1473 778 ταῦτα
1502 750 1639 790 φανεροῦν,
1661 750 1708 778 ’ἶνα
1739 752 1753 778 ὁ
1777 751 1886 778 ἐπίσχο-

191 793 255 833 ejus
271 793 404 824 ecclesia:
420 793 585 833 patefacere
600 793 699 829 debet,
718 796 748 821 ut
767 796 829 822 tum
846 792 1013 833 episcopus,

1096 804 1105 825 ς
1120 794 1164 821 καὶ
1180 795 1203 821 οἱ
1218 793 1305 821 ἐκεῖσε
1322 795 1402 833 ἱερεῖς
1435 795 1477 822 καὶ
1499 795 1614 833 μοναχοὶ
1641 795 1699 833 περὶ
1714 797 1765 827 τῆς
1782 795 1883 822 τούτων

190 843 252 868 tum
277 838 337 868 illic
366 837 514 868 constituti
543 837 712 867 sacerdotes
740 846 773 866 ac
798 835 948 872 monachi,
979 834 1015 865 de

189 881 373 922 corrigendis
400 882 458 912 illis
488 882 606 912 solliciti
624 881 693 916 sint,
724 880 838 920 Quippe
867 885 937 910 tunc
950 879 1014 911 loco

187 937 243 958 suo
257 926 446 966 castigandus
471 931 515 957 est
538 925 760 966 paterfamilias,
778 925 856 956 etab
889 924 1014 955 ecclesia

187 972 381 1012 separandus,
400 981 466 1002 cum
487 971 664 1002 admonibus
678 970 862 1009 negligenter
877 978 909 999 se
923 969 1009 1008 gerit,

187 1025 242 1047 nec
257 1017 292 1047 ad
310 1016 548 1047 emendationem
566 1015 666 1046 delicti
683 1015 752 1046 facit
769 1015 878 1049 omnia,
891 1022 957 1053 quae
973 1013 1011 1043 ab

182 1060 246 1101 ipso
270 1063 462 1101 requiruntur
503 1060 605 1100 Itaque
630 1069 696 1090 cum
726 1059 852 1098 alicujus
878 1057 955 1088 servi
983 1061 1012 1087 et

186 1105 302 1136 ancillae
317 1110 496 1142 scortantur,
515 1105 610 1144 deque
620 1105 676 1134 hoc
687 1105 779 1134 factus
786 1102 898 1133 certior
908 1111 1010 1132 eorum

184 1149 336 1189 dominus,
355 1159 412 1180 non
439 1149 519 1179 omni
546 1148 634 1179 modo
659 1152 812 1188 peccatum
830 1147 857 1177 id
877 1146 1009 1186 corrigit,

184 1198 274 1233 utque
290 1203 381 1225 sacrae
404 1193 621 1224 benedictionis
651 1193 809 1233 participes
831 1192 911 1231 ﬁant,
940 1200 1008 1231 per-

183 1239 272 1269 mittit
287 1238 500 1278 segregationis
517 1247 632 1278 penam
650 1242 792 1274 meretur,
813 1237 896 1276 juxta
908 1244 1008 1266 sacros

182 1292 215 1313 ac
240 1283 355 1314 divinos
370 1291 510 1321 canones,
542 1282 583 1312 uti
613 1285 641 1312 tu
667 1290 786 1321 quoque
818 1284 1008 1321 peraccurate

182 1327 356 1358 disserendo
372 1326 622 1358 commonstrasti.
654 1325 774 1356 Frustra
790 1335 858 1356 vero
873 1329 1008 1357 metuunt

182 1371 308 1409 domini,
338 1380 376 1402 ne
404 1371 429 1401 si
446 1375 574 1411 poteS'as
608 1370 684 1400 facta
724 1370 812 1400 fuerit
847 1368 948 1405 servis,
976 1372 1007 1398 ut

182 1415 396 1446 interveniente
421 1415 631 1455 benedictione
652 1414 791 1453 legitimis
820 1423 885 1444 cum
903 1412 1003 1443 uxori-

182 1460 237 1490 bus
264 1460 311 1491 vel
341 1469 407 1491 cum
438 1459 552 1490 maritis
584 1459 699 1490 ancillae
733 1459 909 1499 copulentur
949 1457 1034 1508 ipsiC

182 1505 340 1545 mancipiis
365 1504 427 1535 suis
464 1504 612 1541 excidant,
641 1513 675 1534 ac
702 1503 726 1533 si
751 1503 905 1543 conceptio
934 1512 1004 1543 pre-

181 1559 248 1580 cum
264 1558 414 1580 sacrarum
431 1557 481 1579 eos
504 1548 532 1578 in
561 1547 727 1578 libertatem
745 1551 873 1587 raperet.
891 1546 1004 1587 Quippe

181 1597 292 1624 metum
323 1594 402 1624 hunc
417 1592 460 1623 eis
476 1593 596 1623 abstulit
624 1592 749 1632 inclytus
765 1592 928 1631 imperator
942 1591 1003 1628 ille,

181 1638 323 1670 dominus
348 1637 468 1668 Alexins
497 1646 552 1676 per
580 1637 725 1668 novellam
741 1636 778 1667 ab
793 1636 934 1667 Ecclesiis
949 1646 1003 1676 ap—

185 1683 348 1723 probatam.
367 1682 494 1722 Ideoque
511 1691 548 1712 ne
565 1681 642 1712 servi
656 1685 834 1718 scortentur,
851 1685 1004 1721 receptum

180 1731 235 1763 est,
250 1731 280 1758 ut
294 1726 504 1757 benedictione
516 1735 599 1757 sacra
616 1735 751 1766 personae
771 1725 893 1756 serviles
910 1735 1004 1766 copu-

180 1773 291 1809 lentur,
319 1781 353 1801 ac
382 1771 577 1802 nihilominus
605 1770 740 1801 servituti
765 1770 823 1800 sint
847 1770 1000 1801 obnoxiae:

180 1826 276 1858 neque
301 1816 419 1847 Domini
434 1825 555 1846 causam
584 1815 672 1846 ullam
697 1815 817 1852 habent,
845 1816 1003 1855 quominus

180 1871 280 1892 servos
296 1871 367 1892 suos
393 1860 524 1900 legitime
553 1870 619 1890 cum
647 1860 764 1891 ancillis
793 1859 944 1898 uxoribus,
975 1864 1003 1891 et

179 1906 303 1937 ancillas
318 1915 385 1936 cum
410 1905 502 1936 servis
529 1905 653 1945 maritis,
679 1905 894 1935 interveniente
919 1913 1004 1935 sacra

178 1951 398 1987 benedictione,
413 1950 563 1990 copulent:
575 1950 721 1990 adeoque,
737 1949 765 1980 ni
776 1949 893 1988 faciant,
907 1949 1002 1989 pcenis

178 1996 328 2027 canonicis
341 1994 459 2026 obnoxii
475 1998 554 2032 sunt,
580 1995 720 2026 videlicet
745 1994 1001 2034 segregationibus

178 2045 207 2072 et
233 2039 454 2071 exclusionibus
483 2050 500 2070 a
521 2039 731 2071 communione
761 2048 854 2070 sacra.
885 2039 1000 2070 Talium

177 2095 296 2125 quoque
319 2093 513 2123 personarum
546 2084 710 2115 oblationes
739 2083 921 2123 recipienda:
940 2093 999 2115 non

1056 837 1215 876 διορθώσεως
1242 837 1431 876 ἀγωνίζωνται,
1463 838 1528 867 Τότε
1557 840 1606 877 γὰρ
1637 840 1650 866 ὁ
1677 838 1882 877 οἰκοδεσπότης,

1056 882 1132 922 εἴπερ
1153 882 1265 919 ἀμελοίη
1287 883 1474 920 ὑπομνησθεὶς,
1499 884 1543 911 καὶ
1565 884 1626 923 ουχὶ
1640 884 1672 911 τὰ
1700 883 1764 922 παρ’
1790 884 1884 912 ἑαυτοῦ

1055 930 1140 958 πάντα
1169 936 1241 957 ποιεῖ
1267 930 1330 969 πρὸς
1361 929 1508 968 ἓιόῷωσιν,
1538 929 1708 968 ἐπιτιμητέος
1739 930 1797 958 ἐστὶ
1816 931 1883 958 κατὰ

1053 974 1102 1006 τὴν
1118 974 1194 1002 αὖτοῦ
1209 974 1292 1011 τάξιν,
1318 975 1362 1002 καὶ
1384 973 1549 1013 ἂῳοριστέος.
1576 967 1632 1002 ’ὒτε
1654 978 1717 1013 γοῦν
1739 977 1763 1002 οἱ
1794 974 1882 1004 δοῦλοι

1053 1019 1095 1045 καὶ
1111 1019 1136 1045 αἱ
1151 1017 1264 1050 δουλίδες
1286 1019 1356 1049 τινὸς
1386 1019 1550 1056 πορνεύουσι,
1579 1020 1623 1046 καὶ
1652 1018 1755 1052 εἴδησιν
1778 1018 1883 1056 λαμϐά-

1052 1073 1103 1089 νων
1137 1063 1152 1090 ὁ
1187 1063 1274 1102 κύριος
1303 1063 1398 1098 αὒτῶν,
1437 1064 1467 1090 οὖ
1503 1063 1633 1094 παντοίως
1669 1062 1819 1102 διορὸοὗται
1854 1065 1881 1090 τὸ

1050 1110 1166 1134 τοιοῦτον
1181 1107 1337 1146 ἁμάρτημα,
1367 1108 1410 1135 καὶ
1438 1106 1571 1147 ἐπιτρέπει
1595 1107 1710 1144 αὒτῷϐο
1734 1109 1786 1141 τὴν
1809 1109 1880 1147 ἱερο-

1050 1150 1152 1189 λογίαν,
1175 1151 1321 1191 ἆφορισμοῧ
1342 1151 1413 1179 ἐστιν
1443 1150 1512 1184 ἄξιος
1541 1152 1609 1180 κατὰ
1639 1153 1699 1184 τοὺς
1720 1153 1807 1191 ἱεροὺς
1839 1153 1880 1179 καὶ

1049 1195 1132 1227 θείους
1172 1196 1296 1235 κανόνας,
1334 1196 1419 1228 καθὼς
1460 1196 1504 1223 καὶ
1539 1196 1616 1227 αὖτὸς
1655 1195 1879 1236 ἠκριϐολογήσω.

1049 1238 1156 1268 Ἐκεῖνο
1177 1239 1204 1267 δὲ
1234 1240 1321 1277 μάτην
1349 1240 1522 1268 ὑποπτεύεται
1551 1240 1622 1271 παρὰ
1643 1244 1696 1268 τῶν
1725 1239 1877 1276 δεσποτῶν,

1048 1283 1088 1311 ὅτι
1110 1284 1155 1313 ἐὰν
1182 1285 1391 1323 συγχωρηθῶσιν
1412 1286 1435 1312 οἱ
1463 1283 1550 1312 δοῦλοι
1576 1284 1779 1324 ίερολογηθῆναι
1811 1286 1878 1322 μετὰ

1048 1334 1178 1369 γυναικῶν
1193 1331 1322 1368 νομίμων,
1353 1331 1370 1365 ἢ
1398 1332 1423 1358 αἱ
1445 1329 1558 1362 δουλίδες
1584 1332 1651 1368 μετὰ
1679 1330 1793 1371 ἀνδρῶν,
1817 1332 1876 1362 τοὺς

1048 1375 1156 1407 οἰκείους
1183 1375 1284 1407 οίκέτας
1321 1375 1496 1404 ἀπολέσουσιν
1513 1384 1520 1390 ⁶
1564 1376 1600 1407 ὡς
1639 1376 1688 1408 τῆς
1731 1374 1877 1415 ὶερολογίας

1047 1420 1212 1458 ἁρπαζούσης
1234 1419 1325 1452 αὖτοὺς
1354 1421 1390 1451 εἷς
1419 1419 1574 1459 ἐλευθερίαν.
1607 1420 1712 1453 Ταύτην
1746 1421 1798 1459 γὰρ
1827 1420 1875 1452 τὴν

1047 1464 1161 1502 ὑποψίαν
1182 1463 1286 1492 ἀνεῖλεν
1310 1466 1324 1493 ὁ
1352 1463 1468 1502 ἀοίδιμος
1496 1464 1619 1503 βασιλεὺς
1645 1469 1722 1504 κόρος
1755 1463 1874 1496 Ἀλέξιος

1047 1507 1088 1536 διὰ
1105 1512 1208 1548 νεαρᾶς,
1231 1509 1263 1541 ἣν
1285 1510 1329 1537 καὶ
1350 1511 1376 1537 αἱ
1405 1509 1542 1542 ἐκκλησίαι
1572 1508 1702 1542 ἐδέξαντο.
1735 1510 1785 1538 Καὶ
1816 1509 1875 1536 λοι-

1046 1554 1096 1581 πὸν
1117 1553 1164 1581 ἵνα
1187 1554 1225 1591 μὴ
1252 1554 1411 1592 πορνεύωσιν
1441 1555 1463 1581 οἱ
1485 1552 1583 1593 δοῦλοι,
1615 1552 1712 1593 ἐδέχθη
1728 1554 1760 1581 τὸ
1774 1552 1876 1593 ἱερολο-

1046 1599 1151 1636 γετσθαι
1187 1598 1220 1625 τὰ
1255 1597 1362 1626 δουλικὰ
1399 1598 1540 1638 πρόσωπα,
1582 1598 1626 1625 καὶ
1661 1598 1750 1635 μένειν
1794 1596 1875 1625 πάλιν

1046 1642 1096 1670 ὑπὸ
1117 1643 1166 1675 την
1188 1641 1314 1671 δουλείαν.
1340 1647 1390 1680 Καὶ
1417 1641 1537 1680 οὐδεμίαν
1565 1642 1673 1682 ἔχουσιν
1702 1643 1726 1670 οἱ
1747 1641 1874 1670 δεσπόται

1046 1689 1174 1728 πρόφασιν
1206 1689 1242 1720 εἰς
1272 1689 1302 1716 τὸ
1325 1689 1363 1726 μὴ
1392 1689 1553 1727 συζευγνύειν
1572 1689 1632 1721 τοὺς
1659 1689 1773 1720 οἰκείους
1811 1688 1874 1716 δού-

1045 1732 1107 1764 λους
1123 1734 1240 1770 νομίμως
1256 1740 1316 1766 ταῖς
1346 1732 1450 1764 δούλαις
1475 1732 1584 1772 γυναιξὶ,
1615 1733 1659 1761 καὶ
1687 1734 1734 1765 τὰς
1751 1732 1873 1765 ὂουλίδας

1046 1775 1150 1816 ἀνδράσι
1181 1776 1282 1809 δούλοις
1311 1778 1378 1815 μετᾶ
1406 1777 1565 1817 ἱερολογίας.
1596 1778 1644 1806 Καὶ
1673 1778 1694 1805 εί
1731 1778 1772 1815 μὴ
1795 1781 1872 1806 τοῦτο

1044 1826 1175 1858 ποιοῦσιν,
1199 1822 1333 1850 ὑπεύθυνοί
1369 1823 1417 1849 εἰσι
1446 1829 1504 1855 τοῖς
1534 1828 1684 1853 κανονικοῖς
1714 1821 1871 1861 ἐπιτιμίοις,

1043 1865 1125 1905 ἤγουν
1140 1866 1298 1906 ἀφορισμοῖς
1328 1867 1371 1894 καὶ
1399 1867 1612 1900 ἀκοινωνησίαις.
1643 1869 1701 1895 Τῶν
1730 1865 1758 1894 δὲ
1779 1867 1871 1895 τοιού-

1043 1921 1109 1950 των,
1132 1910 1189 1939 οὒδὲ
1211 1913 1236 1939 αἱ
1264 1913 1409 1951 προσφοραὶ
1430 1911 1530 1952 δεκταὶ,
1561 1911 1610 1943 ἕως
1641 1911 1672 1939 ἂν
1708 1910 1871 1951 διορθώσων-

1043 1966 1097 1985 ται.
1135 1955 1217 1983 Ἀλλὰ
1258 1957 1301 1984 καὶ
1344 1958 1366 1984 οἱ
1402 1956 1621 1995 ἐπιτετραμμένοι
1663 1956 1803 1994 ἐπιτηρεῖν
1840 1958 1870 1984 τὰ

1042 2005 1148 2029 τοιαῦτα
1170 2001 1214 2028 καὶ
1235 1999 1333 2040 διορᾷν²
1363 2001 1385 2029 εἰ
1413 2001 1452 2039 μὴ
1473 2001 1550 2029 τοῦτο
1578 2004 1693 2038 ποιοῦσι,
1723 2002 1766 2028 καὶ
1798 2003 1869 2030 αὕτοὶ

1042 2051 1100 2076 τοῖς
1128 2046 1210 2084 ἱεροῖς
1242 2045 1351 2072 κανόσιν
1379 2046 1513 2073 ὺπευθύνοι
1548 2046 1675 2084 γίνονται.
1715 2046 1742 2074 Ei
1772 2045 1800 2074 δέ
1829 2057 1867 2077 τις

1041 2089 1148 2128 εὐπορεῖ
1179 2089 1236 2121 ἑνὸς
1265 2088 1358 2118 δούλου
1392 2089 1410 2123 ἢ
1446 2088 1574 2129 δουλίδος,
1604 2090 1700 2129 ἀπορεῖ
1729 2089 1756 2117 δὲ
1779 2090 1866 2130 ἓτερον

177 2133 256 2164 sunt,
287 2129 382 2174 donec
407 2128 602 2168 corrigantur.
634 2129 709 2165 Quin
733 2129 821 2159 etiam
837 2128 869 2165 ii,
893 2128 1014 2168 quibus]

1096 2135 1186 2161 σασθαι
1219 2134 1284 2172 πρὸς
1319 2135 1349 2161 τὸ
1379 2133 1494 2169 συζεῦξαι
1528 2135 1618 2174 may,
1646 2134 1691 2162 καὶ
1718 2132 1761 2161 διὰ
1790 2139 1866 2164 τοῦτο

177 2178 220 2205 est
235 2173 439 2214 commissum,
454 2178 485 2204 ut
496 2173 601 2205 isthasc
617 2174 774 2205 observent
787 2177 818 2203 et
831 2173 998 2213 inspiciant,

177 2219 233 2250 nisi
249 2218 357 2249 faciant
385 2218 527 2257 officium,
551 2228 645 2259 paenae
674 2227 826 2250 sacrorum
853 2227 999 2248 canonum

175 2273 242 2295 sese
268 2263 397 2294 reddunt
412 2262 566 2294 obnoxios.
597 2263 680 2299 Quod
705 2263 730 2293 si
745 2262 811 2303 quis
825 2272 916 2293 unum
931 2271 998 2293 ser-

174 2318 254 2346 vum,
281 2308 326 2338 vel
355 2317 444 2339 unam
471 2308 610 2340 ancillam
640 2307 782 2348 possidet,
815 2310 844 2338 et
879 2311 998 2347 propter

174 2353 303 2393 inopiam
319 2362 491 2393 comparare
509 2353 613 2394 nequit
627 2352 765 2388 alterum,
790 2352 836 2382 vel
861 2351 995 2389 alteram,

174 2406 278 2429 eorum
301 2397 533 2437 copulandorum
559 2407 657 2438 causa,
695 2397 821 2437 ideoque
848 2396 998 2427 scortandi

174 2442 324 2473 licentiam
341 2443 478 2474 concedit
493 2443 532 2481 ei,
550 2452 638 2483 quem
661 2451 786 2483 quamve
801 2450 853 2472 sua
868 2441 898 2471 in
915 2445 998 2481 pote-

173 2491 249 2519 state
263 2486 371 2518 habet:
388 2487 413 2518 is
435 2487 521 2526 sciat,
539 2487 653 2518 idcirco
684 2496 715 2517 se
732 2495 792 2517 non
816 2485 937 2517 liberari
961 2486 997 2517 ab

174 2531 377 2563 ecclesiastica
403 2535 432 2563 et
456 2533 601 2564 canonica
628 2541 714 2573 poena
741 2542 747 2560 :

173 2578 405 2617 condocefaciat,
437 2578 482 2609 vel
504 2577 585 2609 omni
611 2577 698 2608 modo
725 2576 934 2607 scortationem
963 2577 1131 2618 impediat;

1041 2177 1166 2217 ἀνέχεται
1187 2178 1321 2216 πορνεύειν
1342 2179 1371 2206 ὃν
1402 2177 1471 2218 ἕχει,
1495 2178 1513 2212 ἣ
1529 2178 1560 2211 ἣν
1577 2178 1648 2218 ἔχει,
1670 2179 1721 2206 ὑπὸ
1736 2178 1787 2212 τὴν
1802 2178 1864 2207 ἰδίαν

1040 2221 1167 2257 ἐξουσίαν,
1195 2221 1264 2251 ἵστω
1291 2224 1328 2255 ὡς
1357 2228 1434 2252 τοῦτο
1464 2224 1511 2251 οὐκ
1533 2221 1656 2252 ἐκϐάλλει
1685 2223 1778 2254 αὖτοὺς
1815 2224 1862 2256 τῆς

1039 2265 1259 2300 ἐκκλησιαστικῆς
1280 2267 1323 2295 καὶ
1343 2269 1486 2301 κανονικῆς
1509 2267 1686 2305 ἐπιτιμήσεως
1703 2278 1709 2283 ·
1738 2267 1809 2296 ἁλλὰ
1822 2269 1862 2296 καὶ

1038 2312 1115 2343 αὐτὸς
1131 2312 1261 2343 παντοίως
1284 2311 1426 2340 ἀπαιτεῖτε
1447 2311 1544 2345 διδάξαι
1571 2312 1617 2340 τὸν
1646 2313 1744 2340 οἰκεῖον
1759 2313 1862 2346 οἰκέτην

1039 2362 1195 2395 σωφρονεῖν,
1209 2355 1227 2389 ἢ
1237 2355 1349 2384 κωλύσει
1359 2355 1387 2380 61
1403 2357 1451 2390 τὴν
1462 2356 1582 2395 πορνείαν
1593 2355 1635 2384 διὰ
1645 2356 1742 2395 τρόπου
1752 2357 1859 2393 παντὸς,

1038 2401 1118 2439 γάμῳ
1133 2399 1308 2435 ὁπωσδήποτε
1330 2401 1451 2436 συζεύξας
1465 2401 1496 2428 τὸ
1512 2405 1636 2440 πορνεῦον
1651 2400 1806 2439 πρόσωπον,
1821 2403 1860 2429 καὶ

1040 2444 1122 2476 οὕτως
1154 2444 1226 2493 ἔσται
1249 2445 1395 2478 ἀνεύθυνος,
1420 2446 1489 2479 Μηνὶ
1518 2444 1701 2485 Σεπτεμϐρίῳ,
1729 2445 1860 2484 ἐπινεμή-

1040 2500 1106 2521 σεως
1123 2501 1150 2517 ια
1165 2514 1170 2520 ,

775 2530 827 2562 sed
855 2530 975 2561 omnino
996 2533 1032 2564 ah
1055 2533 1120 2573 ipso
1143 2533 1318 2573 requiritur,
1343 2541 1376 2565 ut
1401 2543 1519 2566 servum
1539 2543 1626 2565 suum
1645 2534 1681 2566 ad
1697 2533 1857 2566 castitatem

1162 2587 1302 2618 persona,
1317 2589 1382 2620 quae
1403 2579 1458 2610 hac
1483 2588 1515 2610 se
1542 2578 1658 2619 polluit,
1675 2579 1711 2610 ad
1727 2579 1858 2620 conjugii

171 2624 268 2663 legem
284 2623 416 2655 astricta.
434 2623 483 2655 Sic
498 2623 576 2654 enim
593 2622 687 2662 culpa:
701 2630 807 2662 expers
822 2620 888 2651 erit.
905 2619 1010 2653 Datum
1029 2631 1132 2654 mense
1145 2619 1334 2664 Septembri,
1343 2624 1508 2656 indictione
1522 2632 1562 2656 xt.

211 2669 401 2709 Subscriptio
417 2677 426 2699 :

250 2712 370 2744 Nicetas
381 2712 602 2744 Thessalonica;
615 2710 870 2752 metropolitanus.

1075 2669 1092 2702 ἡ
1107 2669 1246 2708 ὑπογραφή
1261 2679 1267 2686 ·

1096 2709 1124 2742 ι0
1140 2712 1339 2752 μητροπολίτης
1354 2713 1547 2747 Θεσσαλονίκης
1562 2714 1692 2749 Nix-611;.

841 2770 966 2803 VARUE
988 2771 1200 2805 LEGTIONES.

210 2829 242 2855 σο
255 2831 351 2860 αἰητῶν.
395 2828 422 2854 σί
438 2828 567 2861 κωλῦσαι.
