1946 3080
88 117 172 153 1125

761 112 1116 149 θΒΛΕΟΟοΒΟΜΑΝῙῙΜ.

1702 108 1783 143 1126

92 201 104 217 ι
132 191 184 217 Τοῦ
197 187 398 227 μακαριώτάτου
412 186 624 227 ὰρχιεπισκόπου
639 186 727 220 πάσης
741 183 910 227 Βουλγαρίας,

999 178 1637 227 etateine’e‘srfeeez’émirandam?!”
1659 179 1783 227 Βρηιίηε

132 231 211 267 κυροῦ
228 225 420 256 ΔΗΜΗτριοΥ
431 225 499 257 ’τὸν
512 230 763 263 ΧΩΜΑΤΕΙΑΝΟΥ,
774 225 916 263 σημείωμα

134 269 192 307 περὶ
208 271 254 296 τοῦ
267 267 387 296 τοιούτου
401 268 563 303 ζητήματος.
583 278 595 295 1

138 319 370 360 Μεγαλοδοζότατε
396 320 557 360 περιπόθητέ
592 331 638 358 μοι
674 318 827 358 αὒτάδελφι,
857 321 918 357 κῦρε

93 366 224 406 Στέφανε,
258 366 399 405 ἠρώτησας
432 366 504 404 ἡμᾶς
532 364 574 393 διὰ
602 365 757 404 γράμματος
798 374 854 401 σου,
898 363 919 389 εἰ

91 410 177 443 ἔξεστι
215 410 325 449 μιγέντα
359 411 410 438 τινὶ
445 411 558 449 γυναικὶ,
600 408 762 447 συμμιγῆναι
799 410 920 446 γαμικῶς

89 458 128 494 τῇ
149 455 252 488 ἐκείνης
272 453 453 494 δισεξαόέλφῃ.
486 455 533 482 Καὶ
554 455 620 493 πρὸς
649 453 697 486 τὴν
710 454 834 485 τοιαύτην
850 451 917 491 ἐρώ-

89 511 182 537 τησιν,
198 498 299 528 τοιάνδε
315 499 457 536 ποιούμεθα
470 499 519 532 τὴν
548 499 697 538 ἀπόκρισιν,
725 498 762 528 ὡς
783 498 813 524 τὸ
828 499 916 524 τοιοῦ-

87 555 137 572 τον
162 543 334 583 συνάλλαγμα
362 544 406 572 καὶ
435 543 477 571 ἐπὶ
505 546 558 571 τῶν
580 544 685 582 ἡμερῶν
713 545 758 570 τοῦ
786 540 916 580 βασιλέως

86 592 137 617 τοῦ
179 589 423 628 πορφυρογεννήτου
466 592 546 627 κυροῦ
592 586 730 623 Μανουὴλ,
773 586 817 614 καὶ
851 585 919 623 μετά

89 637 187 673 ταῦτα,
213 632 253 661 ὅτι
276 634 311 664 εἷς
327 632 430 666 πολλὴν
452 632 600 671 ἀντιλογίαν
623 632 743 660 ἐνέπεσεν
761 641 766 647 ”
794 631 829 662 ὡς
845 630 919 658 ἐνίων

93 679 144 716 μὶν
173 678 389 717 ἀπαγορευόντων
428 678 490 707 αὒτὸ
531 678 567 710 ὼς
611 677 745 714 ἀθέμιτον,
784 675 856 703 ἐνίων
894 673 921 702 δὲ

94 723 137 760 μὴ
154 722 332 761 ἀπειργόντων
367 727 444 752 τοῦτο
480 723 516 753 ὡς
544 722 664 759 ἔννομον,
690 721 738 750 Καὶ
756 722 779 748 οἱ
801 721 849 757 μὲν
865 730 922 748 κω-

96 766 205 800 λύοντες
239 771 329 806 τοῦτο,
365 768 414 801 τὴν
461 768 557 796 οἰκείαν
601 766 720 794 ἔνστασιν
757 765 923 804 συνεκρότουν

97 811 130 838 ’ἐκ
150 822 178 839 τε
206 810 304 848 ἄλλων,
335 813 378 840 καὶ
408 812 437 840 ἐκ
458 815 504 840 τοῦ
525 811 719 851 διαγινώσκειν,
745 810 800 841 ἔνὸς
825 811 924 847 βαθμοῦ

999 218 1208 260 DEJIETRII
1222 218 1358 260 (suam
1368 218 1477 250 TIANI
1500 221 1657 260 scriptum,
1670 221 1709 252 de
1722 221 1782 252 hu-

991 259 1132 298 jusmodi
1147 259 1309 297 qua’stione

1000 311 1219 343 Gloriosissime
1243 321 1277 342 ac
1305 312 1499 343 dilectissime
1525 312 1616 345 frater
1629 324 1781 354 germane,

961 357 1082 388 domine
1112 356 1271 396 Stophane,
1307 365 1359 396 per
1379 356 1492 388 litteras
1520 362 1583 389 tuas
1613 369 1666 390 nos
1688 360 1782 391 inter-

961 403 1080 442 rogasti,
1097 410 1166 432 num
1183 402 1226 431 las
1241 401 1279 431 sit
1309 401 1350 438 ei,
1376 404 1424 441 qui
1453 412 1519 432 cum
1545 403 1643 443 aliqua
1657 404 1785 435 muliere

960 457 1023 478 rem
1056 446 1167 482 habuit,
1203 446 1422 476 matrimonium
1462 456 1529 477 cum
1569 448 1634 487 ejus
1664 449 1785 480 sobrina

960 491 1147 522 contrahere.
1177 489 1269 526 Quam
1299 499 1352 520 nos
1375 491 1409 521 ad
1427 492 1631 533 quaestionem,
1648 493 1677 524 in
1706 495 1784 525 hunc

960 536 1078 566 modum
1094 536 1310 575 respondemus
1328 544 1334 566 :
1361 535 1499 566 videlicet
1523 537 1693 576 liujusmodi
1709 548 1784 568 eon-

961 585 1084 611 traetum
1100 584 1244 617 regnante
1271 579 1396 610 Domino
1427 581 1560 611 .lianuele
1583 582 1782 622 imperatore;

962 630 1029 656 nato
1046 625 1074 654 in
1091 625 1250 664 Porphyrii,
1271 629 1298 654 et
1323 624 1465 665 deinceps
1494 635 1612 666 quoque
1630 627 1785 658 maximam

963 670 992 700 in
1005 669 1234 700 controversiam
1247 669 1388 700 incidisse
1402 679 1409 699 ε
1422 670 1491 700 dum
1501 671 1633 702 nonnulli
1648 677 1785 712 tanquam

965 714 1100 745 illicitum
1133 714 1289 744 interdicto
1326 714 1539 754 prohiberent,
1570 716 1636 746 aliis
1665 716 1788 746 minime

965 758 1129 788 vetantibus
1159 763 1296 798 tanquam
1325 758 1439 797 legibus
1465 765 1705 792 consectaneum.
1732 760 1788 796 Qui

966 803 1173 842 prohibebunt,
1205 812 1270 833 cum
1299 803 1365 833 aliis
1380 804 1564 843 argumentis
1593 805 1789 836 conﬁciebant

96 857 241 896 τυγχάνειν
257 857 303 883 τὸν
324 855 402 894 ἄνδρα
433 858 499 893 μετὰ
520 859 568 890 τῆς
598 855 730 894 γυναικός.
761 855 808 883 Καὶ
837 854 919 885 οὕτως

999 873 1002 883 ,
1024 848 1100 888 quod
1119 848 1155 878 ab
1186 848 1269 887 ipsis,
1301 848 1490 879 asserebatur
1505 858 1512 886 ;
1530 853 1591 879 tum
1609 859 1642 880 ex
1659 859 1693 880 eo
1709 849 1788 890 quod

96 902 145 928 τὸν
174 900 249 928 ἕκτον
291 901 390 938 βαθμὸν
424 903 476 928 τῶν
505 899 694 939 δισεξαδέλςρων
734 899 821 937 μένειν
857 898 922 926 ἀκέ-

97 955 174 984 ραιον
215 944 407 983 ςυνεπέραινον,
451 944 583 983 μηδαμῶς
625 943 727 977 δηλαδὴ
768 947 802 982 τῇ
831 943 922 971 ἔπεισ-

98 991 195 1027 αγωγῇ
236 993 281 1018 τοῦ
322 988 413 1029 ἀνδρὸς
441 989 732 1029 παρατιτρωσκόμενον,
762 988 829 1016 ὥστε
860 988 924 1015 ἀνα-

98 1032 198 1061 ϐαίνειν
226 1034 262 1065 είς
293 1031 416 1071 ἕϐδομον,
445 1035 491 1062 τὸν
513 1041 571 1065 τοῖς
600 1035 677 1065 θείοις
699 1034 789 1070 νόμοις
819 1032 924 1060 ἀκώλυ-

99 1089 146 1106 τον
183 1077 433 1116 ὲπιγινωσκόμενον.
464 1079 513 1107 Ναὶ
534 1078 587 1116 μὴν
610 1079 654 1106 καὶ
676 1078 706 1106 ἐκ
734 1081 779 1105 τοῦ
800 1082 928 1117 γραφικοῦ

98 1122 170 1150 θείου
204 1122 334 1160 ῥήματος,
367 1127 413 1151 τοῦ
437 1123 614 1158 θεσπίζοντος.
646 1123 698 1151 Οὔκ
720 1121 853 1159 είσελεύσῃ
890 1122 926 1153 εἰς

99 1167 188 1195 πάντα
203 1167 303 1196 οἰκεῖον
325 1168 422 1207 σαρκός
450 1179 509 1206 σου,
532 1166 702 1204 ἀποκαλύψαι
731 1167 926 1206 ἀσχημοσύνην

100 1211 193 1240 αὐτοῦ.
217 1212 319 1240 Οἱκείαν
341 1214 436 1252 σαρκὸς
467 1216 513 1240 τοῦ
541 1211 643 1251 ἀνδρὸς,
672 1212 720 1245 τὴν
741 1210 924 1250 δισεξαδέλφην

99 1258 151 1289 τῆς
189 1256 234 1296 (ὡς
267 1255 383 1296 εἴρηται)
412 1257 534 1295 μιγείσης
578 1257 648 1293 αἰντῷ
676 1256 796 1294 γυναικός
823 1256 925 1293 ὄνομά-

101 1304 205 1335 ζοντες.
223 1295 253 1341 ᾯ
275 1295 308 1334 δὴ
336 1302 435 1340 ῥήματι
450 1303 494 1329 καὶ
509 1303 523 1329 ὁ
553 1301 636 1340 μέγας
659 1301 794 1340 ἐχρήσατο
818 1301 926 1340 φωστὴρ

102 1348 150 1372 τοῦ
184 1345 286 1383 κόσμου
332 1345 467 1378 Βασίλειος
507 1345 629 1383 ἀθέμιτον
663 1345 794 1384 ἇπείργων
828 1343 926 1373 συνόλ-

101 1389 206 1428 λαγμα.
231 1391 260 1418 Οἱ
281 1389 308 1418 δέ
323 1401 353 1429 γε
374 1394 451 1419 τοῦτο
476 1397 533 1423 τοῖς
564 1390 814 1430 συγκεχωρημένας
830 1389 927 1428 ἐγγρά-

966 893 1131 929 statuerint,
1159 892 1295 923 maritum
1312 898 1341 923 et
1367 902 1490 923 uxorem
1516 893 1545 924 in
1563 903 1622 924 uno
1638 898 1667 925 et
1682 895 1788 925 eodem

965 938 1057 977 gradu
1084 937 1247 968 consistere
1292 939 1389 978 Atque
1403 938 1444 969 ita
1467 943 1582 969 sextum
1598 938 1787 970 sobrinorum

967 983 1092 1020 praduin
1110 991 1229 1012 manere
1258 982 1403 1022 integrum
1433 983 1662 1020 concludebant,
1681 989 1710 1013 ut
1734 993 1789 1014 ne-

968 1026 1112 1067 quaquam
1131 1036 1184 1066 per
1194 1028 1395 1057 accessionem
1413 1027 1506 1068 ipsius
1521 1028 1574 1058 viri
1586 1027 1791 1068 scilicetquasi

968 1071 1356 1107 scinderetur,ascendend0
1363 1073 1399 1103 ad
1407 1073 1528 1111 gradum
1536 1073 1695 1114 septimum
1705 1081 1794 1114 quem

969 1126 1028 1147 non
1059 1116 1240 1157 prohibitum
1282 1125 1372 1147 sacra:
1408 1117 1488 1156 leges
1522 1123 1697 1156 agnoscunt.
1726 1118 1787 1149 Ima

970 1161 1057 1191 etiam
1077 1161 1168 1191 divini
1185 1170 1338 1191 sacrarum
1350 1161 1510 1192 litterarum
1521 1162 1593 1194 dicti
1603 1163 1788 1204 auctoritate,

968 1206 1053 1246 cujus
1081 1207 1135 1236 hoc
1162 1210 1340 1246 praeceptum
1371 1213 1425 1237 est.
1455 1208 1521 1238 Non
1548 1208 1726 1246 ingredieris
1752 1210 1788 1240 ad

966 1250 1100 1291 quemvis
1117 1251 1314 1281 necessarium
1331 1251 1428 1282 carnis
1443 1256 1510 1289 tute,
1529 1257 1560 1282 ut
1580 1254 1645 1293 ejus
1659 1254 1788 1294 ignomi-

968 1296 1046 1326 niam
1064 1295 1195 1326 reveles:
1224 1295 1373 1326 sobrinam
1403 1297 1550 1337 mulieris,
1566 1308 1632 1329 cum
1649 1308 1706 1339 qua
1723 1300 1790 1339 (ceu

969 1341 1081 1372 dictum
1098 1341 1152 1381 est)
1184 1350 1248 1371 rem
1279 1341 1359 1381 prius
1389 1341 1542 1379 habuerat,
1563 1343 1677 1374 ratione
1693 1344 1790 1374 carnis

970 1386 1032 1416 viro
1049 1385 1244 1426 prepinquam
1271 1385 1490 1426 nuncupabant.
1522 1386 1584 1422 Quo
1609 1397 1679 1419 sane
1711 1387 1790 1418 dicto

101 1444 209 1474 φοντες,
227 1433 337 1472 ἑϐδόμᾳ)
363 1434 389 1468 ἐξ
404 1435 559 1475 ἀγχιστείας
576 1435 687 1474 συνῆγον
717 1435 787 1462 εἷναι
803 1435 903 1472 βαθμοῦ
919 1441 922 1447 ⁴

999 1430 1098 1461 asilins
1113 1430 1214 1466 etiam,
1245 1440 1382 1469 magnum
1411 1430 1484 1461 illud
1513 1431 1658 1463 luminare
1675 1433 1789 1470 mundi,

103 1479 142 1510 ὡς
155 1477 182 1511 ἓξ
197 1479 245 1516 μὲν
271 1478 302 1506 ἐκ
324 1485 370 1509 τοῦ
398 1480 456 1512 ἐνὸς
477 1480 568 1519 γένους
590 1479 779 1518 εὑρισκομένων
808 1478 925 1517 βαθμῶν.

103 1522 136 1551 ἐκ
150 1521 179 1550 δὲ
194 1526 239 1551 τοὺ
253 1523 340 1563 ἑτέρου
355 1524 458 1563 γένους,
481 1525 582 1562 βαθμοῦ
610 1523 689 1554 ἂίλλου
711 1524 781 1556 ἐνὸς.
798 1523 846 1552 Καὶ
860 1522 928 1550 οὕτω

103 1567 137 1595 τὰ
160 1568 230 1607 παρὰ
251 1570 304 1596 τῶν
318 1568 497 1608 ἀπειργύντων
519 1568 703 1608 προτιθέμενοι,
726 1569 763 1600 ὼς
782 1566 924 1605 ἀπᾴδοντα,

102 1612 148 1639 καὶ
184 1611 379 1653 ἀπεμφαίνοντα
411 1612 589 1653 διεγράφοντο.
631 1614 660 1642 El
693 1613 742 1652 γὰρ
771 1615 842 1640 πᾶσα
876 1612 925 1639 ἀν-

103 1655 188 1694 άγκη,
220 1657 292 1696 φασὶ,
319 1656 364 1685 δύο
390 1657 455 1696 γένη
478 1657 602 1692 ἀλλήλων
631 1656 756 1696 ἀλλότρια
781 1655 924 1693 συνελθεῖν,

102 1699 151 1729 ’ίνα
165 1701 215 1734 τὴν
238 1702 393 1741 ἀγχιστείαν
419 1701 592 1741 ἐργάσωνται,
623 1701 648 1734 ἐξ
669 1701 799 1740 ἐκειτέρων
827 1699 855 1728 δὲ
875 1701 928 1728 τῶν

104 1748 191 1783 γενῶν
211 1746 310 1774 τούτων
336 1746 492 1786 συνάγονται
520 1748 543 1775 οἱ
571 1747 678 1784 βαθμοὶ,
700 1747 743 1774 καὶ
767 1745 850 1778 οὕτως
866 1746 884 1779 ἣ
897 1745 929 1772 τὰ

105 1788 278 1828 κεκωλυμένα
319 1791 337 1824 ἢ
378 1791 412 1819 τὰ
452 1791 680 1831 συγκεχωρημένα
721 1794 774 1819 τῶν
815 1790 929 1818 ἐντεῦθεν

108 1833 334 1874 συναλλαγμάτων
364 1835 560 1875 ἀναφαίνονται,
582 1838 639 1868 πῶς
669 1834 699 1863 ἅν
720 1847 760 1867 τις
790 1836 826 1866 είς
853 1835 930 1873 βάθος

107 1879 302 1918 πεπειραμένος
331 1882 379 1913 τῆς
415 1881 526 1918 νομικῆς
555 1880 750 1919 συλλογίσαιτο,
788 1880 844 1912 ἑνὸς
883 1879 930 1917 βα-

106 1925 174 1960 θμοῦ
196 1923 266 1951 εἶναι
281 1925 325 1952 τὸν
341 1923 420 1963 ἄνδρα
443 1926 510 1962 μετὰ
537 1927 586 1958 τῆς
618 1925 740 1964 γυναικός
758 1934 766 1965 ;
798 1924 929 1953 Ἐντεῦθεν

106 1967 157 2007 γὰρ
186 1967 331 2009 ἀσύμφωνα
367 1969 475 2001 ἑαυταῖς
517 1971 542 1998 αἱ
583 1970 746 2007 θεσμοθεσίαι
774 1969 818 1996 καὶ
846 1967 929 1996 ἄτοπα

104 2013 272 2048 θεσπίζουσαι
310 2013 509 2053 εὗρηθήσονται,
549 2015 582 2042 τὰ
625 2013 673 2051 μὲν
715 2013 844 2053 δευτέρου,
887 2013 931 2041 καὶ

107 2059 206 2099 τρίτου,
239 2060 284 2088 καὶ
310 2060 445 2100 τετάρτου,
482 2061 526 2088 καὶ
551 2060 685 2100 πέμπτου,
713 2062 754 2089 ναὶ
782 2059 873 2088 δὲκαὶ
901 2060 931 2088 ἐκ

108 2104 243 2143 τεσσάρων
264 2105 308 2133 καὶ
336 2103 391 2145 δύο,
421 2104 497 2133 ἕκτου
511 2105 611 2143 βαθμοῦ
639 2104 854 2144 συναλλάγματα,
878 2115 930 2132 κω-

109 2147 218 2176 λύουσαι
246 2150 282 2180 ὡς
310 2149 419 2187 ἀθέμιτα
434 2157 441 2164 ”
465 2149 498 2177 τὰ
518 2148 545 2177 δὲ
581 2153 626 2177 τοῦ
653 2149 721 2186 ἐνὸς,
747 2149 931 2189 ἐπιτρέπουσαι

109 2193 226 2242 γίνεσθαι
243 2203 249 2209 ·
281 2194 392 2242 ὃᾸποίκς
422 2193 452 2221 ἃν
467 2194 575 2226 ἀτοπίας
597 2194 744 2242 καταλείψῃ
760 2193 906 2234 ὑπερϐολήν
922 2204 930 2234 ;

129 2231 228 2270 Ἀλλως
245 2248 274 2266 τε
287 2237 334 2278 δὲ,
350 2239 394 2266 καὶ
408 2238 438 2266 ἐκ
451 2240 500 2272 τῆς
528 2242 572 2266 τοῦ
600 2238 630 2277 γέ
637 2250 690 2271 ιους
705 2231 792 2278 σειρᾶς
810 2231 866 2267 ⁷τῶν
881 2231 933 2277 βαέ-

135 2243 228 2270 ΑΛΑως
245 2243 334 2311 τεορὲ,
350 2243 394 2266 καὶ
408 2243 438 2266 ἐκ
451 2243 500 2272 τῆς
528 2243 572 2266 τοῦ
600 2243 690 2277 γέιους
705 2243 792 2278 σειρᾶς
814 2243 866 2267 τῶν
881 2243 933 2277 βα-

111 2282 185 2319 θμῶν
215 2283 273 2310 είωθ
290 2294 342 2311 των
370 2284 520 2322 γεννᾶσθαι,
548 2283 661 2317 ἑκάστης
689 2285 836 2322 γεννήσεως
867 2285 934 2312 κατά

109 2326 170 2358 τούς
185 2326 279 2364 νόμους
304 2327 350 2355 ἕνα
377 2328 478 2366 βαθμὸν
499 2327 692 2364 ἀποτελούσης,
721 2328 748 2360 ἐξ
774 2328 892 2367 ἀνάγκης
920 2330 934 2356 ὁ

112 2370 179 2410 ἀνὴρ
200 2372 243 2399 καὶ
270 2372 288 2405 ἡ
310 2372 389 2412 γυνὴ,
418 2371 436 2406 ἢ
464 2373 501 2403 ὡς
529 2373 616 2411 πατὴρ
641 2374 685 2401 καὶ
713 2373 828 2412 θυγάτηρ
856 2372 933 2412 λογι-

113 2416 264 2454 σθήσονται,
287 2417 323 2448 ὡς
348 2415 378 2444 ἂν
403 2415 504 2450 δηλαδὴ
531 2418 582 2445 ὑπὸ
610 2418 710 2455 βαθμὸν
733 2417 778 2445 ἕνα
806 2417 933 2457 γένωνται

113 2460 157 2487 καὶ
186 2459 346 2498 ἀκολούθως,
376 2461 394 2495 ἢ
423 2462 459 2494 ὼς
487 2461 598 2502 ἀδελφὸς
626 2463 670 2491 καὶ
699 2461 809 2502 ἀδελφὴ,
843 2462 861 2496 ἣ
896 2463 932 2494 ὡς

115 2505 187 2537 θεῖος
201 2506 244 2533 καὶ
270 2505 375 2544 ἀνεψιὰ,
400 2505 418 2540 ἢ
439 2506 475 2539 ὡς
497 2506 633 2546 ἐξάδελφος
662 2508 705 2535 καὶ
734 2506 872 2548 ἐξαδέλφη,
894 2507 937 2535 καὶ

117 2547 222 2587 ἑφεξῆς.
246 2549 387 2579 Κάντεῡθεν
420 2550 513 2584 ἀνέδην
546 2552 578 2579 τὰ
599 2555 707 2580 τοιαῦτα
729 2551 856 2590 πρόσωπα
882 2563 938 2591 χω-

117 2593 242 2631 ρήσουσιν
256 2594 344 2634 ὥσπερ
359 2595 411 2623 ἀπό
426 2606 494 2627 τινος
520 2597 692 2636 ὁρμητηρίου,
720 2597 785 2635 πρὸς
811 2597 856 2628 τας
886 2600 937 2624 τῶν

118 2637 247 2675 ἀθεμίτων
285 2640 382 2678 χάμων
424 2639 600 2679 συναλλαγσὶς.
633 2641 681 2670 Καὶ
710 2641 757 2678 μὲν
787 2641 937 2679 συγγενείας

119 2684 156 2719 μὴ
171 2682 369 2720 μεσολαϐούσης
384 2683 411 2711 ἓν
432 2688 470 2721 τῷ
491 2684 573 2724 ἀνδρὶ,
603 2686 647 2713 καὶ
674 2688 707 2723 τῇ
734 2686 846 2724 γυναικὶ,
880 2689 938 2713 νοῦν

118 2727 186 2761 ὅλως
201 2729 247 2757 οὒκ
263 2727 318 2768 ἔχει
334 2729 363 2756 τὸ
385 2728 482 2768 λέγειν,
506 2729 562 2762 ἐνὸς
578 2730 678 2767 βαθμοῦ
706 2730 724 2763 ἢ
739 2729 782 2758 δύο
805 2730 875 2758 εἶναι
891 2731 937 2758 τον

121 2772 198 2812 ἄνδρα
227 2774 294 2810 μετὰ
323 2775 370 2806 τῆς
393 2774 525 2811 γυναικός,
563 2775 600 2803 Τὰ
621 2775 762 2813 συγγενικὰ
792 2775 840 2814 γὰρ
870 2775 936 2809 πρό-

970 1475 1116 1506 nefarium
1132 1479 1313 1505 contractum
1333 1479 1448 1516 \etans,
1480 1481 1526 1506 est
1551 1486 1631 1507 usus.
1658 1478 1696 1508 At
1721 1487 1790 1508 vero

969 1519 1019 1560 qui
1034 1519 1183 1550 concessis
1200 1519 1255 1549 hoc
1270 1519 1440 1559 conjugium
1456 1520 1702 1562 annumerabant,
1719 1531 1790 1562 sep-

970 1564 1033 1595 timi
1049 1574 1082 1595 ex
1100 1564 1240 1594 afﬁnitate
1255 1563 1365 1603 gradus
1377 1573 1443 1595 esse
1458 1564 1635 1604 colligebant
1649 1575 1655 1597 :
1673 1566 1791 1606 quando

968 1619 1019 1640 sex
1047 1609 1166 1649 quidem
1195 1608 1302 1646 gradus
1330 1608 1418 1639 unius
1444 1610 1562 1648 generis
1587 1619 1654 1641 esse
1682 1611 1792 1651 depre-

969 1654 1160 1691 henderetur,
1172 1654 1293 1684 alterius
1303 1658 1401 1684 autem
1411 1663 1499 1686 unus.
1512 1655 1610 1694 Atque
1623 1655 1678 1686 hoc
1690 1656 1791 1694 modo,

969 1708 1035 1739 quae
1056 1708 1072 1728 a
1087 1697 1252 1728 vetantibus
1268 1698 1324 1728 hoc
1347 1698 1566 1729 matrimonium
1585 1708 1791 1739 proponeren-

971 1748 1028 1780 tur,
1045 1743 1123 1773 vclut
1150 1752 1167 1773 a
1197 1742 1347 1782 proposito
1376 1743 1483 1780 aliena,
1514 1743 1695 1784 minimeque
1718 1754 1791 1776 con-

970 1788 1369 1819 sentaneacancellabantur.
1380 1787 1494 1829 Quippe
1505 1789 1529 1818 si
1540 1789 1660 1820 omnino
1670 1799 1793 1822 necesse

971 1837 1026 1872 est,
1040 1832 1167 1869 aiebant,
1179 1832 1236 1862 duo
1248 1842 1358 1871 genera
1375 1833 1490 1863 diversa
1502 1834 1579 1864 inter
1590 1843 1622 1864 se
1634 1835 1794 1866 convenire

971 1878 1005 1908 ad
1023 1877 1209 1908 efﬁciendam
1235 1877 1419 1913 afﬁnitatem,
1447 1882 1475 1908 et
1498 1878 1634 1909 ambolus
1662 1889 1696 1910 ex
1712 1880 1794 1911 hisce

971 1921 1131 1961 generibus
1159 1922 1183 1952 si
1210 1923 1320 1962 gradus
1349 1922 1539 1962 colliguntur,
1570 1928 1658 1964 atque
1683 1924 1792 1956 ita'vel

972 1966 1124 2006 prohibiti,
1152 1966 1196 1996 vel
1223 1965 1360 2006 permissi
1389 1970 1557 1997 contractus
1583 1968 1724 1998 elucent:
1743 1973 1794 2007 qui

972 2011 1036 2042 ﬁeri
1052 2011 1154 2051 possit,
1172 2011 1292 2050 utjuris
1305 2016 1440 2042 accurate
1462 2011 1574 2052 peritus
1588 2012 1793 2043 ratiocinando

972 2055 1100 2095 colligat,
1116 2055 1203 2086 unius
1217 2064 1284 2086 esse
1308 2056 1416 2095 gradus
1431 2056 1567 2086 maritum
1591 2066 1658 2087 cum
1676 2066 1767 2088 uxore
1781 2060 1795 2088 ?

972 2099 1047 2131 Hinc
1063 2100 1142 2130 enim
1158 2100 1238 2138 leges
1253 2100 1331 2131 inter
1345 2109 1378 2131 se
1393 2100 1592 2140 discrepantia
1601 2100 1747 2141 quaedam,
1765 2105 1795 2132 et

942 2139 963 2165 ⁸
973 2144 1102 2176 absurda
1116 2149 1246 2176 statuere
1261 2139 1543 2185 deprehendantur;
1560 2139 1642 2185 quasi
1657 2145 1793 2185 secundi,

975 2194 1004 2221 et
1020 2189 1109 2226 tertii,
1126 2195 1155 2221 et
1169 2190 1276 2230 quarti,
1293 2194 1322 2220 et
1338 2189 1445 2229 quinti,
1461 2194 1549 2230 atque
1569 2194 1656 2221 etiam
1671 2200 1704 2221 ex
1721 2201 1794 2232 qua-

977 2239 1044 2265 tuor
1060 2239 1088 2265 rt
1103 2233 1218 2265 duobus
1237 2238 1389 2265 contracta
1415 2235 1489 2265 sexti
1505 2234 1614 2273 gradus
1639 2235 1795 2266 matrimo-

977 2279 1034 2316 nia,
1050 2279 1128 2309 velut
1140 2278 1244 2310 illicita
1272 2279 1468 2319 prohibeant;
1498 2288 1562 2319 qua
1590 2288 1658 2310 vero
1686 2281 1796 2319 gradus

977 2323 1065 2354 unius
1078 2323 1149 2364 sint,
1181 2323 1246 2353 ﬁeri
1267 2323 1438 2364 permittant
1453 2333 1460 2355 :
1477 2333 1534 2364 quo
1559 2333 1631 2354 sane
1646 2325 1716 2364 quid
1730 2334 1796 2356 esse

977 2369 1069 2409 possit
1083 2368 1264 2399 absurdius?
1276 2368 1413 2408 Alioquin
1425 2368 1527 2408 etiam,
1544 2378 1610 2399 cum
1627 2378 1661 2400 ex
1677 2370 1796 2408 generis

977 2412 1053 2443 linea
1069 2412 1178 2452 gradus
1195 2412 1275 2443 nasci
1291 2413 1509 2450 consueverint,
1526 2413 1658 2453 qualibet
1671 2423 1798 2454 genera-

976 2457 1056 2489 tione
1071 2457 1232 2488 secundum
1248 2457 1327 2496 leges
1341 2457 1464 2496 gradum
1491 2467 1582 2488 unum
1599 2459 1775 2490 conﬁciente
1789 2471 1796 2501 ;

979 2503 1145 2532 necessario
1172 2501 1295 2532 maritus
1311 2505 1338 2531 et
1355 2511 1428 2533 uxor
1445 2502 1490 2532 vel
1518 2507 1655 2543 tanquam
1672 2508 1754 2544 pater
1769 2509 1798 2535 et

979 2547 1038 2577 ﬁlia
1054 2547 1279 2588 reputabuntur,
1307 2548 1346 2577 uti
1363 2547 1417 2578 sub
1443 2558 1531 2578 unum
1547 2549 1668 2588 gradum
1685 2549 1799 2580 scilicet

981 2593 1152 2631 redigantur
1165 2603 1172 2629 ;
1185 2597 1212 2623 et
1223 2597 1448 2632 consequenter.
1461 2593 1505 2623 vel
1518 2598 1654 2633 tanquam
1667 2593 1757 2623 frater
1769 2598 1799 2624 et

979 2646 1075 2675 soror,
1107 2638 1151 2668 vel
1179 2643 1315 2678 tanquam
1345 2643 1463 2678 patruus
1492 2642 1522 2668 et
1545 2637 1640 2668 fratris
1657 2638 1726 2674 ﬁlia,
1753 2639 1798 2669 vel

981 2687 1118 2723 tanquam
1129 2683 1325 2714 consobrinus
1335 2687 1364 2714 et
1375 2682 1564 2720 consobrina,
1576 2691 1698 2723 quaeque
1709 2682 1797 2714 dein-

979 2736 1049 2767 ceps
1075 2732 1250 2768 sequuntur.
1279 2726 1363 2758 Unde
1393 2735 1528 2767 personae
1563 2727 1732 2765 hujusmodi
1760 2727 1798 2758 li-

978 2774 1061 2811 bere,
1078 2773 1157 2805 velut
1171 2783 1188 2804 a
1216 2778 1295 2806 meta
1323 2772 1461 2813 quadam,
1491 2771 1528 2803 ad
1545 2771 1724 2804 nefariarum
1741 2782 1798 2804 nu-
