1946 3080
213 140 287 173 1131

898 142 963 174 ,1υὸ
982 141 1206 175 CANONICUM

1839 143 1906 176 H39
1930 144 1934 176 Ι

211 209 297 246 lium,
305 208 431 249 apostoli
445 218 451 240 :
466 212 528 240 tum
540 217 610 240 vero
622 208 728 240 litterae
738 218 830 241 sacra!
841 219 901 240 non
912 208 1029 250 ampliu:

1136 213 1239 249 μακροῦ
1265 212 1382 251 θεωρῶν¹
1420 210 1514 240 ὤδινον
1555 214 1661 249 πνεῦμα
1694 211 1842 250 σωτήριον,
1882 211 1906 237 τὶ

212 253 303 284 verba
317 253 390 284 mihi
405 253 547 285 duntaxat
576 263 644 286 esse
672 254 859 292 videbantur,
889 254 942 285 sed
969 253 1042 284 clavi

215 302 328 330 tantum
345 307 405 329 non
421 297 451 329 in
468 307 515 330 me
532 298 633 336 deﬁxi,
650 308 707 330 nec
723 308 822 330 aerem
838 298 1040 335 verberantes,

215 343 267 374 sed
283 351 350 374 mea
364 342 541 383 pracordia.
551 342 622 374 Haec
632 343 723 382 igitur
730 344 831 375 omnia
846 343 958 374 dudum
974 352 1042 373 con-

211 388 396 428 siderans,sp
402 387 503 418 iritum
511 387 650 428 equidem
657 387 818 419 salutarem
827 387 1039 428 parturiebam,

213 432 354 464 nimirum
367 435 398 462 ut
411 431 542 462 habitum
559 431 740 472 pmnitentiae
757 432 924 471 induerem,
937 431 1040 462 solita-

213 477 349 517 riamque
378 476 465 507 vitam
481 475 607 507 adirem.
630 477 668 508 Et
694 486 772 508 nunc
794 477 869 509 adeo
898 477 958 507 fetu
987 484 1042 515 per

212 521 431 562 inspectionem
442 520 550 552 Christi
561 521 718 559 viviﬁcato,
732 521 835 562 peperi
847 521 925 562 quod
938 524 1039 561 partu-

212 566 339 598 riebam.
356 565 485 606 ideoque
500 566 645 606 scriptum
661 566 718 597 hoc
732 565 930 597 abdicationis
945 574 1038 606 expo—

212 620 299 652 nens,
313 620 372 642 non
379 614 493 648 coacte,
507 610 558 641 sed
568 615 687 651 sponte;
700 620 759 642 non
768 611 976 650 incogitanter,
987 609 1039 640 sed

212 665 266 698 per
281 656 386 693 otium,
417 659 446 685 et
468 655 686 696 supplicatione
710 655 747 686 ad
772 655 866 686 Deum
881 655 1038 686 instituta:

213 703 339 741 Maneat,
351 700 485 740 inquam,
499 699 564 730 aliis
576 699 655 731 haud
680 699 778 731 ablata
794 700 981 741 pontiﬁcatus
994 698 1039 730 di-

213 745 319 786 gnitas,
332 744 383 784 qui
398 743 565 776 sacerdotio
579 743 671 775 functi
687 749 757 776 sunt
772 744 935 775 secundum
952 743 1036 774 ordi-

211 799 281 821 nem
297 788 417 827 Christi,
433 788 536 820 aaterni
554 788 702 829 pontiﬁcis
720 799 727 819 :
757 789 884 820 aliorum
909 788 938 819 in
964 787 1038 819 solia

212 833 424 866 collocationes
438 833 511 864 nulli
527 832 663 864 obnoxiae
679 833 835 864 mutationi
851 833 922 873 sint,
935 833 965 864 in
974 832 1038 874 qui-

212 877 269 909 bus
281 876 436 909 illustratio
449 876 576 918 Spiritus
589 877 692 909 sedem
699 886 781 908 snam
795 877 868 908 ﬁxit.
881 876 1034 918 Mihiquas’
1049 896 1067 920 Β

212 923 286 954 ritor
301 921 483 959 obedientia,
499 921 650 962 vestisque
666 922 734 963 pilis
749 925 900 959 constans,
930 925 959 952 et
991 921 1036 953 la-

211 977 310 1008 cryma
324 966 516 1008 pmnitentiae,
533 976 592 1007 quo
621 966 782 997 abluantur
812 966 944 997 facinora
959 974 1036 997 mea.

210 1011 360 1044 Renuntio
376 1010 453 1049 sedi,
470 1014 499 1042 et
513 1011 660 1051 dignitati,
677 1015 706 1042 et
733 1010 910 1042 sacerdotio.
940 1010 1036 1042 Simul

209 1057 292 1088 hisce
306 1055 404 1088 verbis
420 1060 481 1087 tum
497 1055 580 1086 illum
596 1056 748 1096 exhortor,
764 1055 815 1096 qui
831 1064 878 1086 me
893 1055 963 1086 olim
980 1064 1034 1086 ex-

210 1101 402 1139 hortabatur;
419 1103 480 1131 tum
497 1109 586 1140 quem
601 1099 728 1140 Spiritus
749 1099 801 1130 ille
815 1099 983 1131 consolator
997 1100 1033 1131 ad

208 1145 404 1186 apostolatum
434 1153 520 1175 suum
545 1144 722 1185 segregabit.
753 1143 850 1182 Salve,
882 1149 1032 1184 pastorum

208 1191 352 1231 deinceps
366 1195 397 1220 et.
410 1188 497 1220 Pater
512 1193 628 1230 patrum
647 1199 653 1220 :
684 1188 824 1230 precibus
840 1197 887 1219 me
903 1188 961 1219 tuis
975 1188 1031 1219 de-

206 1235 320 1275 ducito,
335 1238 443 1275 tuoque
456 1233 517 1264 sive
532 1233 705 1274 pastoricia,
730 1233 792 1265 sive
816 1237 938 1274 paterno
954 1232 1031 1273 pedo

208 1289 258 1312 me
272 1280 385 1312 fulcito.
398 1278 513 1320 Quippe
528 1288 588 1310 non
614 1282 672 1310 tam
701 1288 754 1318 ego
770 1282 870 1319 pastor
884 1288 949 1309 sum
963 1287 1029 1309 am-

208 1325 298 1366 plius,
318 1324 368 1365 qui
385 1332 509 1355 munere
525 1323 651 1364 pastoris
666 1323 804 1364 imperite
819 1322 963 1363 fungebar
977 1323 1029 1354 sed

208 1370 333 1410 ovicula,
355 1368 407 1399 sed
420 1368 511 1400 ﬁlius.
528 1368 624 1408 Atque
652 1368 763 1399 utinam
793 1368 904 1399 addere
933 1368 1033 1407 liceat,

208 1418 313 1446 auctus
328 1413 436 1445 divinis
460 1412 722 1444 benedictionibus
737 1412 806 1448 tuis,
825 1416 854 1444 et
868 1413 898 1443 in
914 1416 1035 1443 senecta

208 1458 369 1499 proﬁciens
383 1457 482 1496 vigore
507 1457 750 1498 perfectioneque
763 1456 888 1488 virtutis.
907 1456 1033 1492 Salvete,

209 1512 260 1533 vos
274 1502 374 1540 etiam,
390 1501 492 1532 astites
501 1510 612 1532 mensae
623 1502 762 1542 mysticae,
778 1501 848 1532 acin
857 1501 1033 1532 hodiernum

1082 252 1217 288 ἐνόδθῆναί
1237 266 1270 294 με
1298 254 1402 290 δηλαδὴ
1421 257 1453 285 τὸ
1481 257 1531 289 τῆς
1557 258 1698 294 μετανοίας
1726 258 1841 296 σχήμα,
1870 255 1906 282 καὶ

1082 299 1127 326 τὸν
1155 300 1261 340 μονήρη
1303 300 1401 340 τρόπον
1430 300 1605 332 ἐπεισελθεῖν.
1642 301 1692 329 Καὶ
1720 299 1773 334 ἤδη
1800 303 1838 338 τῇ
1867 302 1906 326 τῦ)

1084 347 1196 383 Χριστοῦ
1229 344 1363 384 ἐπισκοπῇ
1397 345 1625 385 ἆναζωπυρησάσῃ
1665 349 1712 374 τοῦ
1747 343 1904 384 συλληῳθὲν,

1083 386 1171 416 ἔτεκον
1199 388 1213 416 ὃ
1241 388 1344 420 ὤδινον,
1383 384 1466 418 ’Ὅθεν
1491 384 1536 419 καὶ
1566 390 1612 418 τὸν
1633 389 1751 429 παρόντα
1779 389 1904 427 ἐξιτήριοι

1081 432 1162 469 τόμον
1178 432 1327 471 ἐκθέμενος,
1351 434 1399 463 οὐκ
1419 435 1633 473 ἀναγκαστικῶς,
1662 432 1721 462 ἀλλ’
1751 434 1879 464 ἑκωσίως
1898 441 1903 446 ·

1081 477 1128 504 οὒκ
1156 476 1339 519 ἆμελετήτως,
1368 478 1436 507 ἀλλᾶ
1464 479 1531 517 μετὰ
1562 478 1664 519 σχολῆς
1692 479 1736 506 καὶ
1772 478 1904 517 ἷκετηρίαξ

1079 523 1129 554 τῆς
1144 522 1180 553 εἷς
1203 521 1266 550 Θεόν
1283 530 1291 538 ⁸
1317 517 1442 561 ’Άλλωνι
1459 524 1540 563 (ρ’-,μὶ1
1659 524 1691 551 τὸ
1704 526 1754 556 τῆς
1769 523 1905 562 ἀρχιερω-

1081 566 1160 599 σύνης
1178 565 1361 607 ἀναφαίρετον,
1390 569 1417 596 οἳ
1447 569 1516 596 κατὰ
1542 570 1592 602 τὴν
1618 567 1690 601 τάξιν
1717 571 1764 597 τοῦ
1797 570 1906 606 Χριστοῦ

1081 609 1230 649 ἷερᾶτευσαν
1257 615 1304 639 τοῦ
1329 612 1474 652 ἀρχιερέως
1504 613 1539 644 εἷς
1569 613 1614 641 τὸν
1636 613 1728 649 αἰῶνα,
1752 612 1799 640 καὶ
1824 610 1906 639 ἄλλων

1082 656 1105 682 οἱ
1126 655 1287 694 ὲνθρονισμοὶ
1310 656 1477 694 ἀμεῖάΟε-οοι,
1507 659 1550 690 οἷς
1569 656 1687 696 σύνεδρος
1714 658 1731 690 ἦ
1761 667 1812 684 του
1828 656 1907 683 πνεύ-

1082 709 1166 736 ματος
1207 699 1350 738 ἕλλαμψις,
1381 700 1457 739 Ἐμοὶ
1483 700 1510 729 δὲ
1538 701 1665 737 ζητείσθω
1692 701 1831 739 ὑποταγὴ,
1870 701 1908 727 καὶ

1077 745 1196 782 τρίχινον
1211 744 1302 783 ῥάκος,
1320 746 1412 774 καὶτὸ
1432 747 1482 779 τῆς
1506 746 1648 782 μετανοίας
1676 745 1798 784 δάκρυον,
1838 745 1907 772 ἆτο-

1078 786 1174 816 πλῦνόν
1210 800 1260 826 μου
1289 790 1322 819 τὰ
1357 790 1542 830 πεπραγμένα.
1582 793 1760 829 Παραιτοῦμαι
1803 788 1833 817 δὲ
1869 786 1908 833 καί

1077 834 1122 861 τὸν
1148 834 1250 873 θρόνον,
1281 835 1325 863 καὶ
1352 836 1401 869 τὴν
1430 835 1531 875 ἀρχὴν,
1554 836 1598 863 καὶ
1620 836 1669 869 τὴν
1683 836 1846 874 ἱερωσύνην.
1863 838 1907 863 Καί

1078 876 1224 905 παόακαλῶ
1244 879 1346 910 τούτοις
1367 880 1413 907 τὸν
1439 879 1667 918 προκαλούμενον1
1683 880 1727 907 καὶ
1748 879 1778 906 ὃν
1810 880 1825 907 ὁ
1852 881 1905 906 Πι-

1079 921 1210 961 ράκλητος
1236 923 1273 955 εἰς
1307 925 1356 957 τὴν
1386 923 1539 958 ἀποστολὴν
1568 925 1647 952 αὒτοῦ
1673 923 1805 964 ἆνρορίσει.
1826 926 1906 962 Χαῖρε
1933 949 1934 964 ἶ

1078 965 1133 1006 οὗν,
1163 967 1186 995 ὦ
1220 968 1400 1008 ποιμενάρχα,
1432 969 1476 997 καὶ
1514 969 1605 1008 Πατὴρ
1633 968 1765 1008 πατέρων,
1784 968 1835 996 καὶ
1849 974 1908 998 ταῖς

1078 1012 1174 1051 εὖχαῖς
1202 1012 1250 1040 σού
1277 1023 1310 1050 με
1343 1012 1491 1052 spodium,
1519 1015 1562 1042 καὶ
1590 1017 1624 1051 τῇ
1664 1024 1834 1051 ποιμαντικῃ
1856 1012 1909 1040 εἴτι

1078 1056 1121 1083 καὶ
1155 1060 1272 1095 πατρικῇ
1305 1057 1436 1096 βακτηρίᾳ
1470 1068 1517 1086 σου
1559 1057 1690 1097 στήριξον.
1734 1057 1832 1086 οὐκέτι
1862 1058 1910 1096 γάρ

1075 1100 1128 1137 εἰμι
1162 1101 1276 1140 ποιμὴν,
1310 1102 1458 1140 ποιμαίνων
1498 1103 1612 1142 ἀπείρως
1628 1110 1636 1118 ·
1681 1101 1750 1130 ἀλλὰ
1783 1102 1910 1139 ποίμνιον

1074 1143 1140 1181 ἤδη,
1163 1145 1207 1173 καὶ
1229 1145 1334 1176 τέκνον.
1366 1146 1419 1180 Εἴη
1445 1145 1472 1174 δὲ
1494 1147 1580 1175 εἰπεῖν
1607 1147 1651 1175 καὶ
1676 1145 1832 1184 ηὖξημένον
1847 1153 1907 1176 ταῖς

1074 1195 1136 1220 σαῖς
1159 1188 1290 1228 εὐλογίαις
1310 1190 1378 1220 κατὰ
1409 1192 1486 1229 Θεὸν,
1516 1192 1560 1220 καὶ
1595 1191 1622 1220 ἒν
1649 1192 1720 1231 γήρᾳ
1753 1191 1906 1230 προκόπτοαδ

1072 1233 1122 1267 τὴν
1150 1233 1211 1262 κατ’
1244 1234 1340 1274 ἀρετὴν
1367 1235 1457 1273 ἀκμὴν
1485 1236 1530 1265 καὶ
1557 1235 1704 1266 τελείωσιν.
1738 1235 1854 1274 Χαίρετε
1882 1234 1906 1262 δὲ

1071 1278 1115 1306 καὶ
1138 1278 1226 1316 ὑμεῖς,
1261 1279 1285 1307 οἱ
1311 1279 1359 1313 τῆς
1390 1283 1520 1318 μυστικῆς
1557 1280 1720 1317 παραστάται
1755 1279 1906 1320 τραπέζης,

1074 1322 1117 1350 καὶ
1138 1321 1189 1353 ἕως
1216 1325 1266 1356 τῆς
1304 1324 1420 1364 σήμ-ερον
1449 1325 1621 1363 συγκοινωνοί
1654 1336 1706 1362 μου
1733 1325 1778 1353 καὶ
1800 1335 1907 1362 συμμε-

1075 1367 1156 1406 ρίται.
1185 1365 1297 1407 Ἀπάρτι
1327 1369 1377 1408 γὰρ
1405 1369 1436 1397 οὗ
1463 1369 1502 1407 μὴ
1531 1370 1583 1398 πίω
1609 1369 1667 1407 μεθ’
1687 1370 1761 1406 ὑμῶν
1793 1369 1827 1396 ἐκ
1860 1370 1907 1402 τῆς

1075 1411 1195 1448 ἀμπέλου
1222 1413 1321 1446 ταύτης
1347 1415 1397 1446 τῆς
1424 1416 1534 1447 νοητῆς.
1559 1415 1608 1442 Καὶ
1630 1413 1765 1452 μέμνησθὲ
1789 1424 1847 1450 μου
1883 1413 1907 1440 ἐν

1075 1462 1135 1487 ταῖς
1153 1456 1259 1497 εὗχαῖς,
1283 1457 1329 1485 ’ἕνα
1358 1458 1380 1485 εἰ
1408 1458 1452 1486 καὶ
1480 1461 1530 1491 τῆς
1551 1460 1626 1497 ὑμῶν
1640 1457 1775 1491 ξυναυλίας
1796 1458 1846 1486 καὶ
1861 1457 1906 1491 τῆς

1076 1499 1154 1540 φίλης
1189 1501 1233 1529 καὶ
1256 1504 1438 1539 πνευματικῆς
1466 1501 1567 1536 διαίτης
1608 1502 1714 1534 τωτέως
1749 1501 1906 1541 ἀπέῤῥωγα,

210 1555 307 1588 usque
322 1533 402 1577 diem
418 1545 492 1576 socii
509 1549 538 1576 et
553 1533 707 1577 consortes
737 1533 808 1577 mei.
833 1545 959 1576 Posthac
975 1555 1029 1576 non

1112 1544 1137 1572 λ’
1157 1545 1185 1574 ἐν
1278 1533 1398 1585 βααιλείᾳ
1416 1533 1475 1575 -τῶν
1503 1533 1619 1586 οὐρανῶν
1646 1533 1711 1575 πίωγ
1735 1533 1826 1575 τοῦτο.
1851 1533 1907 1585 μῖεῡί
1933 1554 1934 1557 ‘

209 1591 309 1622 bibam
323 1590 474 1622 vobiscum
489 1589 526 1620 de
549 1589 605 1621 hac
619 1589 686 1621 vitae
708 1589 886 1621 intellectili.
903 1589 1034 1621 Memen-

210 1639 271 1667 tote
288 1635 346 1666 mei
361 1634 467 1666 vestris
481 1633 512 1664 in
537 1634 687 1675 precibus,
704 1637 745 1672 ut,
758 1634 875 1665 tametsi
888 1643 1035 1665 aconsor—

210 1679 251 1710 tio
267 1683 364 1711 vestro
380 1681 470 1719 atque
484 1677 520 1709 ab
535 1678 586 1710 illa
606 1678 739 1719 jucunda
750 1682 779 1710 et
791 1678 943 1719 spirituali
957 1688 1033 1710 con-

208 1724 376 1755 versatione
391 1731 469 1754 nunc
485 1722 605 1754 avulsus
620 1723 689 1761 sim,
712 1722 863 1754 vobiscum
890 1727 988 1754 tamen
1003 1723 1034 1753 in

208 1777 302 1808 regno
316 1767 460 1800 caelorum
487 1776 522 1798 eo
551 1772 622 1808 potu
650 1767 811 1799 recentiori
839 1767 930 1799 fruar.
959 1768 1034 1799 Ante

206 1813 307 1844 omnia
317 1822 399 1854 vero,
412 1814 441 1842 et
451 1819 541 1851 supra
552 1821 667 1849 omnes,
679 1812 770 1850 salve,
784 1815 815 1842 tu
825 1821 954 1852 quoque,
963 1811 1035 1843 ﬁde-

1074 1590 1148 1626 ὑμῶν
1177 1591 1339 1630 καινότερον.
1371 1592 1477 1631 Χαίροις
1505 1591 1532 1620 δὲ
1567 1593 1618 1632 πρὸ
1652 1592 1758 1620 πάντων
1788 1592 1838 1620 καὶ

1076 1637 1140 1662 πᾶσι
1155 1635 1199 1663 καὶ
1214 1635 1256 1673 σὺ,
1271 1636 1285 1663 ὁ
1313 1635 1471 1668 πιστότατος
1509 1635 1583 1677 ἄναξ,
1599 1638 1614 1665 ὁ
1625 1636 1654 1665 ἐκ
1670 1636 1736 1665 Θεοῦ
1763 1635 1908 1664 ἀπεσταλ-

1076 1678 1167 1716 μένος,
1198 1680 1212 1708 ὁ
1240 1679 1343 1718 ὑψηλὸς
1376 1681 1421 1709 τὸν
1449 1681 1580 1721 βραχίονα
1612 1682 1656 1710 καὶ
1684 1680 1833 1718 μετενὸύης
1873 1680 1908 1708 ’ἑτι

1076 1722 1200 1756 {simul
1221 1723 1258 1753 ’ἔτι
1281 1723 1377 1759 λευκὴν
1399 1724 1497 1759 στολὴν
1525 1727 1558 1754 τὰ
1580 1725 1713 1764 βασίλεια,
1727 1726 1770 1753 καὶ
1799 1725 1853 1759 εἴη
1870 1726 1907 1754 εἰ-

1076 1769 1170 1808 ρηναία
1184 1769 1201 1803 ἡ
1211 1769 1341 1807 βασιλεία,
1366 1770 1410 1798 καὶ
1429 1771 1447 1804 ἡ
1461 1774 1507 1798 τοῦ
1523 1774 1588 1800 Θεοῦ
1602 1770 1760 1807 Ἐκκλησία,
1778 1769 1807 1798 ἓν
1822 1771 1908 1798 πνεύ-

1075 1824 1139 1850 ματι
1160 1813 1204 1841 καὶ
1224 1811 1331 1850 δυνάμει
1345 1819 1392 1844 τοῦ
1406 1814 1564 1854 είρηνάρχου
1579 1818 1704 1854 Χριστοῦ.

209 1857 325 1889 tissime
339 1867 402 1895 rex,
418 1865 435 1887 a
450 1854 512 1888 Deo
529 1857 630 1897 misse,
648 1856 733 1896 cujus
747 1855 877 1888 sublime
892 1855 1047 1888 brachium
1062 1860 1117 1888 est.
1131 1855 1241 1888 Induas
1254 1857 1367 1897 regiam
1381 1857 1448 1889 albo
1462 1857 1500 1889 ab
1515 1858 1601 1890 annis
1615 1858 1653 1890 ad
1667 1867 1763 1890 annos
1775 1858 1906 1898 amictu,

204 1905 234 1932 et
250 1906 385 1942 pacatum
401 1902 575 1944 imperium,
592 1905 694 1942 pacata
710 1900 845 1932 Ecclesia
860 1901 915 1932 Dei
930 1900 977 1939 sit,
997 1900 1027 1932 in
1043 1902 1153 1943 spiritu
1169 1910 1204 1933 ac
1227 1901 1333 1934 virtute
1355 1902 1479 1940 Christi,
1496 1903 1549 1944 qui
1573 1903 1656 1944 pacis
1679 1907 1725 1934 est
1746 1903 1907 1945 princeps.

206 1991 344 2022 MANDA
351 1991 398 2023 ΤΑ
414 1991 513 2029 QUAE
534 1991 621 2023 DAN
624 1990 700 2022 TUR
721 1989 782 2021 ME
789 1989 1033 2022 TROPOLITA-

245 2031 387 2071 NIS,ET
397 2029 1031 2071 ΑΒΟΗΙΕΡ180οΡ18,ΕΤΑιΙΙεβΠΜ

248 2056 528 2104 ὀῐύἳᾸνᾸὶιῖῇῑὶἰ

452 2116 587 2157 Epistota
600 2115 796 2157 patriarchae.

243 2160 446 2192 Sanctissimis
461 2160 618 2202 episcopis,
631 2159 865 2199 religiosissimis
881 2159 1027 2200 presbyte-

201 2205 256 2243 ris,
272 2205 486 2236 amantissimis
503 2205 555 2237 Dei
570 2204 718 2240 diaconis,
735 2207 764 2234 et
789 2203 929 2234 universo
945 2213 1029 2234 sacro

202 2249 307 2281 clero:
332 2249 560 2289 gloriosissimis
586 2253 615 2280 et
639 2247 815 2280 clarissimis
829 2247 1030 2288 municipibus

201 2297 231 2325 et
244 2293 352 2326 incolis
367 2294 523 2325 custodita;
538 2293 677 2325 divinitus
693 2291 775 2323 urbis
791 2291 827 2323 N.

240 2382 310 2414 Vult
324 2382 486 2424 spiritualis
502 2382 616 2414 ordinis
646 2382 691 2413 lex
723 2384 810 2421 atque
833 2380 946 2420 regula,
963 2389 1029 2421 quae

199 2427 363 2458 secundum
379 2427 565 2468 evangelicas
579 2431 609 2458 et
624 2425 800 2467 apostolicas
815 2424 953 2464 dirigitur
964 2434 1029 2465 gra-

199 2471 267 2513 tias,
286 2471 427 2503 ornanda:
441 2480 534 2502 sacrae
556 2470 690 2511 dignitati
715 2468 895 2513 destinatos,
906 2468 936 2499 in
951 2473 1028 2501 statu

199 2515 320 2547 decenti
335 2520 364 2547 et
375 2516 526 2557 inculpato
537 2524 713 2547 conservare
729 2524 736 2544 τ
760 2517 792 2544 ut
802 2518 859 2544 tam
875 2512 1027 2551 Ecclesiae,

199 2569 287 2601 quam
303 2560 478 2601 reipublicae
489 2569 608 2600 corpus,
626 2568 680 2600 per
693 2558 862 2597 religiosam
879 2557 1029 2597 guberna-

198 2605 322 2643 tionem,
339 2604 370 2636 in
381 2604 541 2646 tranquilla
553 2608 715 2645 pacataque
743 2601 904 2634 serenitate
919 2611 1029 2633 secun-

199 2649 271 2682 dum
286 2649 464 2681 voluntatem
481 2648 536 2680 Dei
549 2652 685 2690 regatur,
709 2651 798 2688 atque
806 2646 904 2678 omnis
914 2646 1029 2678 alieno-

1075 2003 1089 2019 ι
1115 1993 1317 2020 ΕΝΤΛΔΜΛΤΑ
1348 1995 1520 2022 ΔΙΔΟΜΕΝᾹ
1554 1996 1631 2022 τΟΚΣ
1667 1997 1907 2023 ΧΕΙΡΟΤΟΝΟΥ-

1113 2034 1239 2060 ΜΕΝΟΙΣ
1269 2034 1555 2071 ΜΗΤΡΟΠΟΔΙΤΔΙΣ,
1587 2038 1642 2062 ΚΑΙ
1679 2036 1908 2063 ΛΡΧΙΕΠΙΣΚΟ-

1113 2073 1204 2107 ΠΟΙΣ,
1226 2075 1283 2101 ΚΑΙ
1305 2075 1456 2102 ΕΤΕΡΟΙΣ.
1476 2084 1489 2099 ι

1343 2124 1359 2145 ι
1375 2117 1583 2157 Πατριαρχικόν,
1609 2129 1624 2145 ι

1111 2165 1174 2192 Τοῖς
1210 2159 1365 2192 ὁσιωτάτοις
1390 2160 1559 2199 ἐπισκόποις,
1587 2161 1801 2194 θεοσεεεατάτοις
1831 2173 1902 2202 πρε-
1933 2184 1934 2189 η

1071 2204 1213 2243 σὲυτέροις,
1249 2203 1461 2244 ϐεοτριλεοτάτοις
1500 2205 1644 2243 διακόνοις,
1681 2207 1726 2235 καὶ
1752 2207 1833 2235 παντὶ
1863 2211 1903 2244 τῷ

1070 2248 1161 2287 εόαγεῖ
1190 2247 1282 2287 κλήρῳ
1297 2256 1304 2263 ⁸
1335 2256 1394 2281 τοῖς
1422 2249 1601 2283 ἐνδοξοτάτοις
1629 2250 1672 2280 καὶ
1698 2250 1903 2290 λαμπροτάτοις

1069 2292 1195 2332 αλήτορσι
1224 2293 1267 2321 καὶ
1296 2293 1431 2334 οἰκήτορσι
1461 2297 1512 2328 τῆς
1539 2295 1689 2324 θεοσώστου
1715 2295 1822 2327 πόλεως
1851 2299 1903 2330 τῆς

1070 2336 1158 2367 δεῖνα.

1112 2376 1141 2410 “0
1162 2383 1212 2415 τῆς
1243 2383 1423 2420 πνευματικῆς
1458 2383 1612 2417 ἀκολουθίας
1649 2383 1710 2424 ὅρος
1737 2385 1782 2413 καὶ
1803 2385 1901 2424 νόμος⁷

1069 2432 1129 2457 ταῖς
1164 2425 1349 2466 εὖαγγελικαῖς
1374 2428 1418 2456 καὶ
1447 2427 1638 2461 ἂποστολικατς
1660 2429 1811 2467 ἱθυνόμενος
1843 2431 1901 2469 χά-

1069 2481 1134 2510 ρισι,
1163 2471 1224 2503 τοὺς
1245 2472 1294 2505 τὴν
1323 2472 1394 2512 ἱερὰν
1421 2473 1493 2506 ἀξίαν
1520 2479 1633 2512 κοσμεῖν
1661 2472 1825 2511 ὴξιιιηιένους
1857 2474 1902 2514 ὦ,
1933 2481 1934 2485 ‘

1070 2514 1097 2543 ὲι
1115 2514 1244 2555 ἀξιολόγῳ
1278 2517 1322 2544 καὶ
1346 2516 1520 2556 ἀνεπιλήπτῳ
1547 2525 1640 2558 τηρεῖν
1661 2517 1784 2557 βούλεται
1810 2530 1901 2550 κατα-

1071 2561 1187 2598 στήματι
1204 2569 1212 2578 ·
1243 2561 1280 2592 ὡς
1300 2560 1331 2589 ἂν
1358 2562 1388 2590 τὸ
1416 2563 1464 2597 τῆς
1499 2562 1660 2597 Ἐκκλησίας
1689 2563 1733 2591 καὶ
1760 2562 1902 2597 πολιτείας

1071 2605 1172 2643 εὒαγῶς
1221 2603 1460 2645 διακυϐερνώμενον
1501 2607 1647 2648 πλήρωμα,
1686 2607 1714 2636 ἐν
1755 2608 1903 2645 ἀκυμάντῳ

1069 2650 1113 2677 καὶ
1154 2649 1271 2689 εἰρηναίᾳ
1313 2650 1418 2691 γαλήνῃ
1458 2653 1611 2692 θεοπρεπῶς
1652 2651 1816 2692 διεξάγηται³
1857 2654 1904 2682 καὶ

871 2730 1000 2763 νΑΒΙλΕ
1015 2731 1233 2765 LECTIONES.

235 2814 266 2840 θ’
280 2814 371 2849 ιπὶὲτη
395 2815 437 2843 καὶ
452 2814 512 2849 ἔτη,
554 2814 587 2840 63
600 2813 640 2846 al.
658 2813 846 2853 ἠπειγμένους.

1932 464 1934 583 ι

1930 627 1934 826 1

1931 957 1934 1172 ἶ
