1946 3080
79 137 160 169 1133

745 138 1084 174 GRIECO-ROMANUM
1089 164 1096 172 .

1690 146 1769 180 M34

71 209 173 252 155er”
190 204 329 252 δογμᾷτων
371 204 538 252 quaedam
565 205 744 252 ἀποκροόηται
789 207 839 252 ζήτ

995 216 1006 237 1
1022 207 1190 247 dogmatum
1205 209 1358 250 inquisitio
1374 220 1408 242 ac
1419 214 1581 251 tempestas
1590 211 1763 252 repellatur,

68 251 114 279 καὶ
136 250 213 290 ζάλη,
229 251 272 278 καὶ
293 253 346 278 τῶν
376 250 592 288 ἐπανισταμένων
622 249 760 281 λαιλάπων
790 251 820 279 ἐκ
849 262 900 279 πο-

69 295 164 333 λεμίας
194 294 327 335 αἱρέσεως,
355 293 556 331 ὂιασκεδάζηται
584 295 703 335 ζοφώδης
734 295 898 333 σκοτόμηνα.

70 343 194 368 Τοιοῦτον
208 340 258 379 γὰρ
279 339 350 368 εἶναι
379 339 421 368 δεῖ
441 340 486 367 τὸν
513 339 578 367 λαοῦ
599 340 826 379 προστησόμενον,
856 342 899 370 καὶ

70 385 242 422 ἆνθεξόμενον
264 388 310 413 τοῦ
330 386 399 413 κατὰ
427 385 475 419 τὴν
500 383 613 424 διδαχὴν
640 390 734 415 πιστοῦ
747 385 838 426 λόγου,
855 382 898 413 καὶ

70 429 222 469 ὀφθαλμὸν,
240 430 284 458 καὶ
298 429 394 467 ἆκοῆν,
422 431 467 458 καὶ
496 436 589 470 χεῖρα,
613 431 657 458 καὶ
678 429 745 458 πόδα
772 433 821 464 τῆς
837 430 900 459 ποί-

71 485 158 511 μνης,
186 475 251 514 πρὸς
273 473 382 513 ὁδηγίαν
411 475 459 512 μὲν
483 474 528 502 ut
549 473 669 514 φυλακὴν
697 477 750 503 τίυν
778 474 900 514 κρειττό-

70 529 136 550 νων,
166 518 276 558 ἀποχὴν
310 517 337 546 δὲ
365 519 409 546 καὶ
444 518 596 557 ἀνατροπὴν
624 521 677 547 τῶν
707 518 829 550 ἐναντίως
858 515 902 547 καὶ

75 562 174 602 ἑτέρως
199 563 318 603 ἐχόντων
353 563 492 600 ἒσόμενον,
518 561 594 591 Ἐπεὶ
626 566 670 591 οὖν
705 562 732 591 ἐν
781 563 902 603 στερήσει

73 607 205 645 ποιμένος
233 607 282 641 τὴν
311 607 369 636 καθ’
411 608 479 645 ὑμᾶς
509 607 669 646 εὖγεστάτην
698 607 815 645 ποίμνην
851 608 902 637 ἒπ-

72 652 192 690 έγνωμεν
223 651 406 689 διαμένουσαν,
429 655 475 680 τοῦ
503 652 735 692 προποιμάναντος
762 651 814 686 ἤδη
837 653 902 692 πρὸς

70 697 122 729 τὴν
148 697 236 725 εκετσε
265 695 340 730 λῆξιν
367 696 528 735 ἀπάραντος,
558 697 603 725 καὶ
627 697 693 737 πρὸς
721 698 768 729 τὰς
782 697 840 726 ἐκεῖ
854 709 903 736 μο-

71 741 117 772 νὰς
157 740 351 778 εἰσελάσαντος,
381 741 428 768 οὒκ
449 741 575 778 ᾠήθημεν
603 739 660 769 δεῖν
688 741 734 770 ἐπὶ
757 741 826 770 πολὺ
842 753 901 782 χη-

74 785 200 825 ρεύουσαν
229 786 273 813 καὶ
301 784 424 825 ἄνανδρον
463 786 591 818 καθῆσθαι
604 785 637 810 64
667 786 716 819 τὴν
740 784 796 814 κοθ¹
831 787 899 824 ὑμᾶς

72 829 248 867 Ἐκκλησίαν,
278 835 324 860 τοῦ
347 829 513 869 διαξάγοντος
541 829 652 870 ἔρημον.
678 826 760 860 ”Οθεν
789 830 899 864 ἐκλεξά-

73 885 151 912 μενοι
195 875 240 903 τὸν
282 873 355 903 δεῖνα
396 875 441 903 τὸν
481 873 685 903 θεοσεϐέστατον
712 873 898 915 πρεσϐύτερον,

73 918 216 947 ἐπικλίσει
257 924 304 948 τοῦ
344 919 515 959 προανάρχου
558 920 672 959 Πατρὸς,
701 920 746 948 καὶ
772 919 900 948 ἐπινεύσει

73 967 119 992 τοῦ
155 964 322 1004 συνανάρχου
350 965 422 1000 Υἶοῡ,
455 964 498 992 καὶ
525 964 647 1003 συνεργίᾳ
681 969 727 993 τοῦ
763 965 901 1001 ὀμοουσίου

74 1009 119 1036 καὶ
140 1009 305 1047 ἡγεμονικοῦ
333 1008 497 1046 Πνεύματος,
527 1009 563 1040 ὡς
594 1007 732 1048 ἐλάχιστοι
765 1009 809 1037 καὶ
850 1009 900 1037 ἆν-

76 1053 145 1086 άξιοι
168 1059 249 1093 χεῖρα
276 1053 418 1092 ἐπιθέντες,
441 1053 485 1080 καὶ
512 1053 648 1093 ἱρωνύμως
675 1053 708 1081 τὰ
737 1052 796 1081 κατ’
823 1054 900 1082 αὐτὸν

75 1095 290 1134 ἐκτελέσαντες,⁶
317 1097 446 1137 ἒρχιερέαγ
474 1099 522 1131 τῆς
564 1097 711 1126 θεοσώστου
750 1098 824 1136 ὑμῶν
850 1098 900 1126 ἆν-

72 1142 254 1182 ηγορεύσαμεν
282 1136 398 1173 πόλεως,
428 1136 561 1180 "Aelium
590 1141 645 1182 οὖν,
676 1142 721 1170 καὶ
748 1142 900 1183 γηθόσυνοι,

71 1188 116 1215 καὶ
131 1185 182 1225 ὅλῃ
204 1189 282 1226 ψυχῇ
310 1186 354 1214 καὶ
381 1185 480 1222 διανοίᾳ
508 1191 599 1216 τοῦτον
629 1185 783 1224 εἷσδέξασθε,
806 1187 850 1216 καὶ
864 1188 900 1219 ὠς

74 1231 176 1271 πατέρα
202 1230 349 1270 αἰδέσθητε,
386 1231 430 1259 καὶ
459 1231 495 1263 ὡς
520 1230 634 1269 ποιμένα
656 1231 804 1271 ὁμοψύχως
841 1231 900 1260 ἕπί-

74 1286 173 1315 γνωτε,
209 1276 254 1303 καὶ
281 1276 317 1307 ὡς
332 1273 422 1314 ὁδηγῷ
436 1276 500 1315 πρὸς
527 1275 658 1315 σωτηρίαν
688 1274 822 1304 ἐλαύνοντι
849 1276 901 1304 ἐπ-

74 1321 282 1357 ακολουθήσατε,
318 1320 362 1348 καὶ
389 1321 425 1352 ὡς
468 1318 537 1348 ἴδιον
571 1321 677 1359 θήραμα
708 1320 901 1359 παριθάλψατε,

73 1366 117 1394 καὶ
139 1366 176 1396 ὡς
203 1364 275 1397 τάξιν
298 1365 360 1392 υἱῶν
388 1363 451 1403 παρ’
480 1364 550 1401 αὐτῷ
572 1363 696 1404 φέροντες
725 1365 875 1404 ὑποτάγητε
892 1374 900 1381 ⁶

74 1410 264 1448 γινώσκοντες,
286 1409 322 1440 ὡς
354 1409 421 1437 κατὰ
453 1408 555 1437 Παῦλον
590 1410 634 1437 τὸν
664 1409 748 1448 μέγαν
776 1408 905 1438 διδάσκα-

74 1454 132 1491 λον,
167 1454 325 1491 ἀκοιμήτοις
354 1452 502 1492 ὀφθαλμο”ς
539 1453 746 1494 ἐπαγρυπνήσει,
775 1454 820 1482 καὶ
853 1457 902 1487 τῆς

75 1499 196 1539 ψυχικῆς
224 1499 298 1535 ὑμῶν
325 1498 457 1537 σωτηρίας
483 1497 606 1530 ἐπιεικῶς
628 1498 814 1537 προνοήσεται.
853 1503 902 1531 Καὶ

943 254 972 281 et
986 252 1156 291 caliginosae
1171 254 1322 285 turbinum
1337 263 1375 287 ex
1389 255 1489 286 hostili
1509 255 1615 287 haeresi
1632 265 1665 288 se
1680 266 1763 288 com-

942 297 1122 328 moventium
1154 298 1285 330 tenebrae
1311 299 1503 341 dissipentur.
1534 299 1650 342 Quippe
1674 301 1762 333 talem

941 345 1057 385 oportet
1073 351 1139 373 eum
1163 352 1241 380 esse,
1258 343 1308 384 qui
1324 345 1432 385 populo
1449 344 1628 384 praefuturus
1656 346 1706 384 sit,
1735 351 1764 378 et

940 383 1082 434 doctrinae
1098 387 1166 418 ﬁdei
1193 383 1294 434 curam
1321 383 1488 427 habiturus,
1515 389 1624 430 quique
1651 383 1766 422 futurus

943 431 981 474 sit
995 431 1110 470 oculus,
1128 436 1156 463 et
1169 432 1260 470 auris,
1278 437 1306 464 et
1320 442 1436 472 manus,
1460 437 1490 464 et
1517 442 1569 474 pes
1595 435 1703 474 gregis,
1735 439 1768 466 ut

943 473 1037 506 bonos
1053 476 1139 507 ducat
1154 480 1241 518 atque
1253 477 1409 518 custodiat,
1426 473 1524 509 malos
1549 482 1578 509 et
1591 473 1677 509 aliter
1690 479 1764 511 aﬁ'e—

943 523 1006 551 ctos
1022 520 1119 561 abigat
1129 531 1164 553 ac
1176 522 1336 552 subvertat.
1349 521 1452 563 Itaque
1466 532 1534 553 cum
1545 523 1762 563 acceperimus,

943 564 1201 604 religiosissimum
1211 566 1293 598 urbis
1299 571 1403 598 vestrae
1408 575 1531 607 gregem
1539 567 1637 598 adhuc
1648 571 1766 608 pastore

943 618 1058 647 carere,
1076 615 1231 651 postquam
1247 611 1283 649 is,
1302 611 1353 652 qui
1382 612 1527 642 hactenus
1543 611 1608 651 ejus
1622 612 1764 652 pascendi

943 663 1043 685 curam
1059 655 1162 694 gessit,
1181 655 1218 686 ad
1233 655 1356 687 alteram
1384 655 1473 687 vitam
1491 655 1636 696 migravit,
1655 660 1685 687 et
1699 657 1766 688 cmli

943 699 1113 731 mansiones
1129 700 1281 740 ingressus
1297 704 1361 732 est:
1380 700 1505 732 minime
1521 700 1765 732 committendum

943 743 1120 783 putavimus,
1138 748 1170 776 ut
1193 744 1326 776 Ecclesia
1341 749 1438 776 vestra
1452 744 1558 775 marito
1574 753 1627 775 suo
1642 745 1768 785 spoliata

942 791 1118 829 rectoreque
1128 789 1278 828 destituta,
1293 789 1344 820 diu
1356 798 1422 821 cum
1433 787 1584 820 viduitatis
1597 787 1768 821 incommo-

941 831 987 863 dis
998 833 1227 865 conﬂictaretur.
1244 833 1373 875 Ideoque
1383 843 1450 865 cum
1463 832 1630 874 piissimum
1640 832 1765 874 presby-

943 880 1038 908 terum
1050 876 1086 909 N.
1098 877 1319 919 selegissemus,
1333 877 1419 918 eique
1437 876 1655 908 interveniente
1671 877 1766 908 Patris

942 925 1010 952 ante
1019 921 1120 952 omnia
1130 921 1607 963 principiiexpertisinvocatione,
1614 925 1768 953 annuente

942 964 1032 996 simul
1047 970 1167 1006 cxperte
1182 966 1322 1007 principii
1342 966 1429 1005 Filio,
1446 969 1626 1006 cooperante
1641 965 1770 997 consub-

942 1010 1072 1041 stantiali
1088 1019 1124 1042 ac
1139 1011 1274 1051 principe
1301 1010 1422 1051 Spiritu,
1452 1013 1594 1051 tanquam
1609 1009 1724 1042 nemini
1737 1014 1768 1042 et

941 1054 1058 1094 indigni
1080 1064 1201 1086 manum
1231 1055 1489 1096 imposuissemus,
1506 1058 1536 1085 et
1550 1054 1608 1085 rite
1636 1063 1702 1094 quae
1729 1054 1766 1086 ad

941 1098 1039 1137 ipsum
1069 1099 1263 1139 pertinerent,
1293 1099 1559 1140 expedivissemus,
1588 1107 1656 1129 eum
1684 1098 1768 1130 urbis

942 1149 1058 1181 vestrae,
1076 1143 1184 1175 divinae
1197 1143 1338 1175 custodiae
1353 1142 1579 1179 commendatae,
1597 1141 1767 1183 pontiﬁcem

942 1186 1171 1227 designavimus.
1203 1187 1351 1220 Lubentes
1380 1187 1480 1227 igitur,
1512 1191 1542 1218 et
1567 1186 1689 1224 hilares,
1707 1190 1767 1217 toto

943 1232 1033 1262 corde
1047 1236 1136 1272 atque
1148 1232 1247 1263 animo
1257 1232 1342 1263 illum
1359 1231 1496 1272 excipite,
1508 1240 1563 1262 ceu
1572 1234 1698 1271 patrem,
1713 1239 1765 1262 re-

942 1276 1098 1314 veremini,
1116 1286 1171 1308 ceu
1186 1281 1340 1308 vocantem
1357 1285 1408 1308 vos
1422 1280 1570 1317 pastorem
1586 1275 1769 1307 unanimiter

942 1321 1107 1359 agnoscite,
1123 1331 1179 1352 ceu
1195 1321 1302 1352 ducem
1317 1321 1354 1352 ad
1365 1321 1549 1352 salutemvos
1563 1319 1767 1360 impellentem

943 1365 1114 1406 sequimini,
1134 1375 1189 1397 ceu
1198 1370 1313 1406 captam
1325 1375 1342 1397 a
1352 1365 1435 1396 vobis
1449 1364 1578 1405 praedam
1595 1364 1701 1406 fovete,
1713 1373 1768 1396 ceu

944 1408 1072 1440 ﬁliorum
1082 1410 1139 1450 ipsi
1151 1410 1216 1441 loco
1226 1409 1378 1441 constituti
1393 1409 1593 1440 obedientiam
1609 1412 1762 1449 praestate:

944 1453 1074 1485 scientes
1089 1463 1169 1491 eum,
1187 1455 1223 1485 de
1239 1454 1320 1485 illius
1335 1453 1433 1493 magni
1447 1452 1580 1485 doctoris
1594 1452 1680 1484 Pauli
1695 1461 1768 1484 sen-

946 1499 1047 1536 tentia,
1065 1508 1118 1539 pro
1131 1498 1407 1530 vobisinsomnibus
1416 1497 1509 1529 oculis
1518 1496 1716 1537 vigilaturum,
1730 1505 1766 1528 ac

75 1545 123 1584 γὰρ
145 1542 179 1571 δι’
209 1544 287 1572 αὐτοῦ
308 1542 382 1575 ἐλπὶς
415 1544 483 1580 ἡμῖν
503 1541 596 1581 βεϐαία
624 1542 690 1579 ἐστὶ,
715 1543 748 1571 τὰ
775 1543 840 1583 κράτ

999 1543 1076 1574 iiose
1087 1543 1189 1574 salutis
1200 1543 1368 1574 animarum
1379 1546 1545 1573 vestrarum
1556 1540 1700 1572 rationem
1712 1542 1767 1573 ha-

76 1588 148 1627 τταρὰ
181 1591 238 1624 Θεῷ
267 1588 311 1615 καὶ
339 1587 470 1626 σωτηρίας
513 1587 631 1628 ἐχόμενα
659 1588 727 1625 ὑμᾶς
755 1587 898 1625 λήψεσθαι.

75 1634 104 1662 Εἰ
126 1633 177 1672 γὰρ
199 1632 270 1669 αὐτῷ
283 1633 314 1660 τὸ
335 1632 378 1664 οὖς
408 1632 481 1669 ὑμῶν
509 1631 685 1669 ὑποκλίνοιτε,
713 1633 756 1660 καὶ
781 1633 841 1664 τοῖς
855 1631 900 1660 ὑπ’

75 1680 154 1707 αξιτοῦ
197 1677 351 1717 λεγομένοις
403 1676 574 1717 προσέχοιτε,
626 1680 679 1706 τῶν
721 1676 900 1716 ἐλπιζομένων

76 1722 184 1762 ἀγαθῶν
207 1721 393 1761 ὲπιτεύξοισθε,
414 1722 458 1750 καὶ
483 1725 536 1749 τῶν
557 1721 659 1750 ἐκεῖθεν
680 1721 798 1760 ἂμοιϐῶν
830 1723 900 1760 αὐτῷ

75 1767 304 1807 συμμετάσχοιτε.
348 1767 402 1804 Πρὸ
444 1765 471 1794 δὲ
511 1766 623 1803 τούτων,
645 1767 688 1794 καὶ
710 1765 752 1795 διὰ
780 1767 898 1804 πάντων,

76 1810 179 1846 δεήσεις
209 1811 327 1842 ἐκτενεῖς
363 1811 406 1839 καὶ
433 1809 558 1843 ἐντεύξεις
587 1809 720 1844 διηνεκεῖς
754 1811 819 1851 ὑπὲρ
854 1815 900 1840 τοῦ

76 1856 207 1896 σωτηρίου
234 1855 345 1895 κράτους
372 1858 425 1884 τῶν
461 1855 490 1883 ἐκ
515 1859 581 1885 Θεοῦ
601 1854 812 1895 προλαμπόντων
848 1866 899 1894 με-

76 1900 166 1940 γάλων
208 1899 338 1938 βασιλέων
380 1900 457 1937 ἡμῶν
499 1901 633 1929 ποιεῖσθαι
675 1900 714 1938 μὴ
743 1899 897 1929 διαλίποιτε·

75 1945 146 1977 ὅπως
172 1945 263 1984 Κύριος
285 1946 299 1973 6
329 1945 394 1976 Θεὸς
425 1945 438 1973 6
460 1945 568 1985 στέψας,
598 1944 645 1973 καὶ
667 1947 830 1984 συμμαχῶν,
857 1946 901 1974 καὶ

75 1996 227 2024 νικητικατς
256 1989 406 2029 εὐημερίαις
434 1989 484 2023 τὴν
512 1988 639 2028 γαλήνιον
667 1989 832 2029 κεφαλὴνθδ
855 1991 899 2020 αὖ·

73 2038 125 2063 τῶν
153 2033 268 2074 στέφων,
293 2034 335 2062 ἐπὶ
350 2033 444 2062 πλεῖον
465 2034 508 2062 καὶ
529 2033 624 2063 πλεῖον
645 2041 707 2067 ταῖς
722 2033 782 2062 κατ’
798 2034 900 2075 ἐχθρῶν

73 2079 222 2116 ὰνυψώσειε
264 2085 416 2118 προκοπατς
457 2081 574 2118 φρουρῶν
626 2080 671 2107 καὶ
719 2078 899 2118 διαφυλάττων

73 2123 214 2163 ἆδιάδοχον
232 2124 263 2151 τὸ
292 2123 387 2164 στέφος
408 2125 506 2162 αὐτῶν,
533 2124 570 2155 εἷς
597 2124 696 2155 παντὸς
724 2127 770 2151 τοῦ
799 2124 899 2161 κόσμου

74 2169 206 2208 σωτηρίαν
221 2169 264 2196 καὶ
286 2167 409 2197 εὖόδωσιν
427 2177 435 2185 ⁶

73 2213 108 2245 ὡς
124 2214 206 2250 εἰκὸς,
225 2213 409 2253 μετριότητος.
439 2213 508 2252 Πρὸς
537 2211 564 2240 δὲ
593 2213 643 2247 τὴν
667 2217 714 2242 τοῦ
728 2223 898 2253 προκεχειρι-

75 2259 171 2297 σμένου
201 2259 272 2297 δμῶν
299 2259 444 2299 ἀρχιερέως
473 2258 499 2288 ἒν
523 2262 557 2297 τῇ
586 2259 686 2297 ποίμνῃ
716 2259 900 2288 ἀποκατάστα-

73 2314 124 2340 σιν,
149 2304 195 2332 καὶ
221 2304 286 2344 πρὸς
313 2305 360 2332 τὸν
388 2305 457 2344 ἱερὸν
477 2304 568 2343 θρόνον
596 2302 752 2343 καθίδρυσιν,
780 2305 825 2332 τὸν
853 2305 898 2332 εὖ·

74 2347 234 2376 λαϐέστατον
255 2349 301 2377 τὸν
323 2347 397 2376 δεῖνα
425 2347 629 2386 ἀπεστείλαμεν,
658 2348 727 2377 ὥστε
754 2349 785 2376 τὸ
807 2352 898 2377 τοιοῦ-

74 2403 118 2420 τον
153 2392 230 2432 ἔργον
258 2393 421 2433 ἱεροπρεπῶς
450 2392 634 2433 ἐκτελέσαντα,
657 2393 723 2432 πρὸς
745 2393 818 2430 ἡμᾶς
852 2393 899 2420 εὖ-

74 2438 170 2477 καίρως
193 2436 417 2477 παλινδρομῆσαι,
450 2433 478 2466 Ὀ
507 2436 534 2465 δὲ
564 2437 753 2477 παντοκράτωρ
773 2438 817 2466 καὶ
845 2437 897 2476 μό-

76 2492 118 2514 νος
148 2482 213 2514 Θεὸς
241 2483 330 2520 ὴμῶν,
368 2483 382 2510 6
411 2482 438 2510 ἐν
466 2481 553 2521 Τριάόι
582 2482 764 2519 ὖποστάσεων,
800 2481 846 2510 καὶ
873 2481 900 2510 ἐν

76 2525 167 2564 μονάδι
197 2527 352 2560 οὔσιότητος
394 2527 633 2567 προσκυνούμενος,
670 2528 684 2555 6
712 2527 746 2555 τὰ
772 2526 899 2556 διεστῶτα

77 2571 207 2610 συνάγων,
231 2572 274 2599 καὶ
294 2572 327 2599 τὰ
356 2570 445 2611 πόῤῥω
465 2571 577 2611 ἐγγίζειν
605 2574 700 2608 ποιῶν,
732 2572 747 2600 6
773 2572 817 2600 καὶ
851 2575 899 2606 τῆς

77 2616 206 2655 ἡμετέρας
234 2616 348 2654 ποίμνης
363 2617 394 2644 τὸ
415 2616 509 2644 λεῖπον
537 2616 754 2654 ἀνασωσάμενος,
784 2616 899 2657 εὐλογῶν

79 2659 227 2700 εὖλογήσει,
244 2661 287 2690 καὶ
302 2660 442 2695 πληθύνων
466 2659 608 2699 πληθυνεῖ,
637 2661 680 2688 καὶ
709 2660 793 2694 αὔξων
818 2661 900 2701 ὓπερ-

943 1585 1087 1628 biturum.
1110 1588 1183 1619 Nam
1200 1592 1280 1619 certa
1294 1588 1325 1618 in
1341 1596 1394 1628 spe
1425 1596 1538 1625 sumus,
1563 1595 1618 1626 per
1634 1594 1703 1616 eum
1718 1594 1769 1616 vos

942 1632 1020 1672 apud
1035 1633 1129 1664 Deum
1143 1632 1387 1674 praestantissima
1399 1640 1534 1672 quaeque,
1549 1633 1579 1661 et
1590 1629 1627 1661 ad
1643 1630 1768 1661 salutem

941 1676 1133 1716 pertinentia,
1147 1681 1370 1708 consecuturos.
1384 1675 1501 1717 Quippe
1515 1675 1540 1706 si
1554 1683 1656 1706 aurem
1668 1674 1694 1705 ei
1709 1683 1764 1706 ve-

941 1725 1032 1752 stram
1047 1722 1271 1759 inclinaveritis,
1289 1726 1319 1752 et
1333 1721 1464 1752 animum
1493 1719 1541 1760 iis,
1571 1728 1635 1760 quas
1649 1718 1686 1749 ab
1700 1719 1766 1759 ipso

941 1766 1143 1807 proferuntur,
1155 1766 1340 1798 adverteritis
1353 1777 1359 1796 :
1376 1766 1408 1796 in
1419 1773 1472 1806 spe
1484 1764 1580 1805 posita
1587 1763 1675 1795 nobis
1690 1763 1769 1794 bona

942 1811 1168 1849 nanciscemini,
1183 1819 1307 1852 quaeque
1335 1810 1413 1842 vices
1428 1811 1459 1841 in
1472 1809 1565 1839 altera
1580 1807 1637 1852 vita
1653 1816 1766 1848 repen-

941 1855 1063 1893 duntur,
1079 1865 1180 1888 earum
1196 1851 1262 1887 cum
1272 1856 1337 1896 ipso
1348 1855 1508 1896 participes
1515 1853 1609 1885 eritis.
1619 1851 1763 1883 Caeterum

943 1904 1012 1931 ante
1028 1901 1101 1939 haec,
1121 1904 1150 1932 et
1163 1909 1215 1940 per
1230 1895 1463 1940 omnia,7preces
1477 1899 1607 1930 intentas
1627 1901 1658 1928 et
1671 1895 1767 1927 inter-

943 1945 1096 1976 cessioues
1110 1949 1267 1985 perpetuas
1280 1954 1333 1985 pro
1344 1943 1466 1975 salutari
1475 1945 1623 1984 potestate
1633 1941 1765 1972 colloca-

943 1993 1041 2020 torum
1057 1989 1198 2020 divinitus
1208 1989 1238 2020 in
1260 1988 1368 2020 illustri
1384 1988 1450 2019 loco
1463 1994 1699 2027 magnorumque
1709 1985 1766 2015 im-

941 2037 1113 2074 peratorum
1134 2039 1316 2069 nostrorum,
1341 2033 1453 2064 habere
1478 2041 1516 2063 ne
1539 2030 1709 2062 desinatis:
1735 2034 1768 2061 ut

942 2078 1086 2110 Dominus
1100 2079 1159 2117 ille,
1177 2078 1227 2120 qui
1242 2078 1321 2109 Deus
1337 2081 1391 2115 est,
1417 2077 1526 2118 quique
1551 2074 1704 2107 coronavit
1734 2077 1764 2120 et

940 2127 1116 2164 propugnat,
1132 2127 1161 2155 et
1176 2119 1346 2154 victricibus
1370 2130 1508 2153 serenum
1523 2121 1655 2162 ipsorum
1670 2119 1762 2150 verti-

466 2167 631 2206 μεμνημένοι
660 2169 705 2197 καὶ
731 2170 780 2201 τῆς
807 2169 1005 2206 ἡμῶν,Βοθῐη
1019 2167 1234 2209 prosperitatibl

993 2178 1005 2199 n
1019 2167 1326 2209 prosperitatibusceu
1332 2170 1411 2198 serto
1419 2164 1688 2206 redimit,magisac
1695 2172 1761 2194 ma-

939 2213 984 2253 gis
1013 2222 1064 2244 eos
1078 2212 1283 2254 progressibus
1297 2211 1438 2243 adversus
1453 2211 1555 2242 hostes
1577 2210 1694 2250 exaltet,
1711 2218 1762 2239 cu-

939 2257 1072 2289 stodiens
1102 2262 1131 2289 et
1159 2265 1336 2289 conservans
1375 2256 1407 2287 in
1447 2255 1662 2295 gubernatione
1703 2263 1762 2284 non

939 2302 1104 2343 interrupta
1119 2311 1259 2334 coronam
1275 2309 1391 2338 eorum,
1407 2300 1444 2331 ad
1458 2299 1548 2331 totius
1562 2298 1664 2329 mundi
1680 2297 1763 2329 salu-

939 2350 998 2378 tem
1016 2356 1049 2378 ac
1064 2347 1234 2378 felicitatem
1253 2355 1260 2377 :
1292 2344 1507 2377 mediocritatis
1535 2343 1624 2375 etiam
1640 2346 1760 2380 nostras,

940 2400 996 2423 eeu
1012 2400 1065 2432 par
1075 2395 1128 2432 est,
1141 2391 1344 2422 recordantes.
1355 2388 1500 2421 Caeterum
1513 2388 1563 2430 qui
1576 2387 1761 2427 designatum

941 2436 1111 2477 pontiﬁcem
1128 2439 1258 2466 vestrum
1274 2434 1331 2467 insi
1346 2433 1428 2474 gregi
1443 2433 1608 2471 exhiberet,
1634 2441 1762 2477 eumque

940 2476 1024 2511 sacro
1041 2481 1071 2511 in
1087 2480 1161 2510 solio
1176 2480 1346 2517 collocaret,
1361 2477 1620 2518 religiosissimum
1632 2478 1669 2508 N.
1680 2476 1761 2507 able-

940 2526 1088 2564 gavimus:
1115 2529 1146 2556 ut
1157 2525 1213 2556 hoc
1225 2532 1351 2555 munere
1362 2523 1418 2554 rite
1428 2522 1519 2559 obito,
1533 2522 1569 2553 ad
1583 2531 1636 2552 nos
1651 2530 1762 2561 oppor-

940 2575 1013 2602 tune
1029 2573 1208 2601 recurreret.
1226 2568 1423 2608 Omnipotens
1446 2571 1557 2605 autem,
1573 2570 1602 2597 et
1615 2565 1696 2597 solus
1710 2565 1762 2595 ille

941 2617 1020 2648 Deus
1028 2613 1231 2654 noster,quiin
1240 2612 1385 2644 Trinitate
1393 2620 1600 2652 personarum,
1609 2613 1639 2640 et
1649 2610 1678 2640 in
1687 2609 1761 2654 uni-

940 2665 999 2693 tate
1013 2653 1305 2691 essentiaaiadoratur
1322 2669 1330 2696 ;
1355 2656 1405 2696 qui
1431 2655 1568 2687 distantia
1595 2653 1716 2693 colligit,
1735 2656 1764 2683 et

732 2744 863 2777 VARIE
887 2744 1101 2778 LECTIONES.

118 2829 149 2854 64
162 2830 340 2862 καθίστασθαι,
383 2829 415 2856 85
428 2830 466 2862 al.
489 2829 618 2869 κορυφήν.
