1946 3080
191 123 270 156 H39

875 124 890 155 ,Ι
895 124 940 155 US
961 122 1184 154 CANONICUM

1803 123 1879 156 1140

224 191 255 222 7.
266 189 361 223 Debet
370 193 419 221 tua
428 189 533 230 pietas,
543 189 692 230 siquidem
706 189 796 220 malas
806 189 897 221 vitare
907 189 1008 230 suspi-

1092 183 1126 225 ζ’,
1159 193 1206 218 Δεῖ
1234 190 1283 224 τὴν
1305 190 1356 224 σὴν
1383 190 1541 231 θεοφίλειαν,
1572 191 1648 228 εἴπερ
1684 192 1732 224 τὰς
1760 192 1879 230 πονηρὰς

185 235 288 267 ciones
298 234 380 275 velit,
391 234 439 273 iis,
450 234 501 275 qui
520 234 601 266 clero
621 238 829 272 accensentur,
842 243 941 266 rerum
957 234 1011 265 ad-

185 279 434 311 ministrationem
441 282 529 319 atque
539 279 788 311 aliast'unctiones
794 279 1011 310 ecclesiasticas

183 323 214 355 in
230 332 335 354 manus
352 322 482 354 tradere.
510 323 574 354 Hoc
597 323 676 354 enim
693 327 723 354 et
749 333 766 354 a
788 333 902 354 canone
925 333 1010 354 sacro

183 372 362 409 praeceptum
389 371 446 408 est,
473 371 502 399 et
526 368 609 399 omni
631 377 682 399 vos
698 368 810 399 oﬂ'ensa
825 368 949 399 liberat:
966 368 1009 399 uti

181 412 299 444 scilicet
309 411 527 443 administratio
542 421 642 443 rerum
668 412 808 444 Ecclesiae
831 412 1009 444 testimoniis

181 466 241 488 non
257 460 367 495 careat,
383 460 417 488 ut
441 456 524 488 nulla
542 466 665 498 prorsus
680 466 715 488 ex
740 461 824 499 parte
840 457 1008 489 sacerdotio

180 502 308 534 convicii
323 501 406 534 labes
420 506 608 542 aspergatur.

222 592 251 623 8.
269 590 364 624 Debet
379 595 429 622 tua
444 591 551 632 pietas,
576 591 601 622 si
613 591 681 632 quis
695 592 903 632 episcoporum
919 592 1008 623 vitam

182 646 250 668 cum
262 640 356 667 morte
372 635 573 674 commutarit,
586 635 708 666 omnino
720 636 792 667 nihil
808 645 842 667 ex
859 635 949 667 rebus
961 636 1008 676 ip-

182 681 245 712 sius
260 681 394 712 auferre;
414 690 470 712 nec
493 681 620 712 honesto
635 680 757 712 nomine
772 681 1008 718 consuetudinis,

183 725 365 766 prohibitum
377 725 489 766 rapinae
497 724 646 756 violentia;
655 734 719 765 quae
726 725 841 756 facinus
857 724 1007 756 obvelare:

183 770 237 802 sed
252 770 400 802 universis
413 771 603 808 denuntiare,
615 769 798 806 futurum,ut
814 771 913 801 omnia
929 770 1009 801 salva

182 818 405 852 conserventur,
423 818 454 846 et
469 814 633 846 secundum
649 813 743 854 ipsius
756 820 817 845 met
831 814 1007 854 dispositio-
1017 831 1037 856 Β

182 868 252 890 nem
262 865 276 881 ιι
286 858 426 900 quaelibet
435 859 546 890 relicta:
559 858 681 899 Species
694 858 939 890 administrentur
955 868 962 890 :
976 859 1006 890 in

184 903 290 945 primis
304 913 487 944 quaacunque
502 903 546 934 vel
562 903 598 934 ab
615 903 665 934 illo
682 907 827 943 tempore,
855 913 912 944 quo
927 913 1006 944 prae-

183 948 279 980 fectus
293 948 476 989 episcopatui
490 948 588 988 fuerit,
605 948 794 989 acquisiverit
807 959 816 985 ;
831 949 876 980 vel
886 948 913 980 ei
929 953 1007 989 post-

185 994 306 1025 modum
322 1002 339 1024 a
367 994 499 1033 cognatis
523 994 715 1025 accesserint.
745 993 828 1029 Quod
858 994 883 1024 si
911 996 1007 1024 morte

185 1037 339 1069 subitauea
353 1037 441 1069 vitam
452 1037 575 1071 ﬁnierit.
595 1047 633 1068 ne
649 1038 692 1068 sic
707 1037 828 1078 quidem
855 1037 1008 1069 facultates

186 1082 280 1123 ipsius
294 1082 385 1123 diripi
398 1082 543 1113 auferriv'e
558 1081 689 1123 debent;
705 1082 756 1114 sed
772 1082 797 1113 si
818 1082 868 1123 qui
894 1082 1009 1122 cognati

183 1128 249 1167 ejus
258 1131 385 1168 exstent,
400 1127 460 1158 illis
474 1136 522 1158 res
537 1127 631 1168 ipsius
646 1127 775 1168 propriae
790 1127 986 1158 attribuantur
999 1137 1006 1159 :

184 1172 230 1203 sin
245 1172 320 1203 nulli
335 1172 408 1203 tales
425 1171 587 1212 supersint,
604 1175 675 1202 tunc
700 1171 847 1212 siquidem
863 1171 949 1212 inops
965 1176 1010 1203 est

186 1216 314 1248 ecclesia
337 1217 385 1248 cui
416 1216 543 1258 praefuit,
560 1220 649 1257 atque
663 1217 770 1247 horum
787 1215 896 1256 indiga,
913 1216 1008 1247 facul-

185 1265 258 1293 tates
268 1263 334 1302 ejus
348 1261 473 1302 accipiet
487 1261 530 1292 :si
544 1261 676 1302 locuples
687 1265 716 1292 et
736 1261 887 1301 opulenta,
904 1261 1007 1292 saltem

185 1311 219 1338 ut
244 1307 276 1337 in
292 1315 437 1347 pauperes
452 1306 519 1346 ejns
544 1305 623 1337 bona
646 1305 871 1343 distribuantur,
888 1315 1009 1345 operam

185 1351 259 1383 dare
276 1350 368 1383 debet
381 1361 388 1389 ;
401 1360 461 1381 non
472 1350 573 1391 specie
580 1350 705 1391 quadam
717 1350 874 1381 dominicae
883 1351 1010 1382 auctori-

187 1396 256 1429 tatis
271 1399 301 1427 et
314 1395 469 1436 potestatis
484 1395 661 1431 invadenda,
687 1403 736 1425 res
761 1394 855 1434 ipsius
879 1394 1008 1426 auferre.

188 1441 304 1482 Quippe
319 1440 344 1471 si
358 1439 430 1480 quid
446 1448 462 1470 a
476 1439 559 1471 vobis
581 1439 727 1479 ejusmodi
746 1441 888 1469 tentatum
908 1439 1008 1477 fuerit,

1053 233 1189 274 ἐκφεύγειν
1203 234 1350 272 ὑπολήψεις
1372 234 1467 272 ἐθέλει,
1490 242 1549 268 τοῖς
1576 236 1604 264 ἐν
1617 239 1656 273 τῷ
1683 235 1779 275 κλήρῳ
1793 247 1879 264 κατα-

1053 278 1205 318 λεγομένοις
1232 279 1282 314 τήν
1310 291 1338 307 τε
1373 283 1427 307 τῶν
1450 280 1614 319 πραγμάτων
1642 281 1808 318 οἰκονομίαν,
1838 282 1881 308 καὶ

1052 324 1099 355 τὰς
1129 323 1209 355 ἄλλος
1261 323 1483 358 ἐκκλησιαστικὰς
1536 325 1691 365 ἐγχειρίζειν
1734 324 1880 356 διακονίας.

1051 371 1134 397 Τοῦτο
1147 369 1196 408 γὰρ
1215 368 1262 396 καῖ
1286 370 1300 396 ὁ
1328 370 1396 408 ἱερός
1423 369 1511 397 κανὼν
1539 369 1715 408 ἐγκελεύεται,
1744 371 1790 397 καὶ
1817 371 1880 408 ῥμΐν

1050 413 1081 440 τὸ
1094 412 1263 451 ἀπρόσκοπον
1291 411 1425 454 προξενεῖ,
1447 413 1515 442 ὥστε
1544 414 1582 452 μὴ
1613 414 1762 453 ἀμάρτυρον
1808 414 1879 442 εἶναι

1032 457 1099 493 ,τὴν
1119 457 1168 491 τῆς
1196 455 1356 491 Ἐκκλησίας
1390 458 1561 496 οἶκονομίαν·
1584 459 1627 487 καὶ
1649 459 1718 496 μήτε
1749 458 1879 494 ἐντεῦθεν,

1050 502 1118 540 μήτε
1139 502 1193 539 μὴν
1215 501 1352 541 ἑτέρωθεν,
1381 501 1511 542 λοιδορίαν
1538 506 1572 542 τῇ
1593 503 1720 542 ἱερωσύνη
1749 504 1879 542 προστρί-

1050 544 1141 574 ϐεσθαι
1146 569 1153 577 ,

1090 587 1130 626 η’.
1155 597 1203 620 Δεῖ
1217 593 1267 626 τὴν
1288 593 1338 627 σὴν
1365 593 1525 633 θεοφιλειαν,
1541 593 1567 621 εἴ
1593 593 1659 622 ποτὲ
1679 605 1730 622 τινι
1752 595 1808 622 τῶν
1825 594 1882 622 ἐπι-

1052 637 1158 666 σκόπων
1174 639 1205 666 τὸ
1234 641 1280 666 τοῦ
1302 638 1358 675 βίου
1385 637 1460 670 τέλος
1483 637 1604 678 ἀπέλθοι,
1633 637 1716 675 μηδὲν
1746 637 1881 676 μηδαμῶς

1051 681 1081 710 ἐκ
1108 684 1160 710 τῶν
1195 683 1274 711 αὒτοὺ
1295 681 1461 722 ἀφαιρεῖσθαι
1483 682 1659 721 πραγμάτων,
1689 681 1761 720 μηδὲ
1790 686 1881 720 σεμνῷ

1051 726 1160 764 ὀνόματι
1183 726 1318 759 συνηθείας
1347 725 1506 762 ἐπισκιάζειν
1535 727 1584 760 τὴν
1611 729 1660 760 τῆς
1690 727 1815 766 ἁρπαγῆς
1838 728 1881 754 καὶ

1047 770 1195 811 τυραννίδος
1245 770 1465 809 ἂπηγορευμένην
1522 770 1613 810 πρᾶξιν
1631 781 1637 787 ·
1681 773 1880 810 παρεγγυᾶσθαι

1048 814 1075 843 δὲ
1103 818 1180 852 πᾶσι,
1203 817 1260 843 σῶα
1280 815 1366 844 πάντα
1394 814 1622 855 διαφυλάττεσθαι,
1659 816 1701 843 καὶ
1730 816 1802 844 κατὰ
1831 816 1880 849 τὴν

1049 859 1130 888 αὐτοῦ
1164 859 1262 887 ἐκείνου
1287 858 1412 895 διάταξιν,
1450 859 1532 892 οὕτως
1568 859 1680 888 ἕκαστον
1707 863 1761 888 τῶν
1791 871 1880 888 κατι-

1048 903 1254 942 λιμπανομένων
1278 903 1352 932 εἱδῶν
1381 902 1536 932 διοικεῖσθαι
1554 912 1562 921 ⁸
1589 903 1704 941 μάλιστα
1718 903 1747 932 δὲ
1782 903 1835 932 ὅσα
1863 904 1879 938 ἦ

1049 949 1117 976 κατὰ
1145 949 1190 976 τὸν
1226 949 1328 988 καιρὸν,
1365 948 1393 976 ὃν
1434 949 1634 988 προεχειρίσθη,
1664 948 1795 982 ἐκέκτητο
1815 958 1821 965 ⁸
1863 950 1880 981 ἢ

1052 993 1120 1030 μετὰ
1131 996 1213 1021 ταῦτα
1229 993 1258 1020 ἐκ
1287 995 1420 1032 συγγενῶν
1448 995 1519 1030 αὒτῷ
1547 993 1705 1032 προσετέθη,
1728 994 1758 1022 Εἰ
1773 992 1797 1021 δ’
1821 993 1881 1026 ἐξά-

1052 1048 1116 1066 πινα
1142 1038 1173 1066 τὸ
1198 1042 1244 1066 τοῦ
1277 1037 1334 1075 βίου
1363 1036 1438 1068 τέλος
1457 1038 1541 1075 τούτῳ
1567 1037 1684 1076 ἐπέλθοι,
1713 1037 1778 1076 μηδ’
1796 1038 1879 1069 οὕτως

1052 1082 1174 1121 ἁρπαγὴν
1201 1083 1244 1110 καὶ
1270 1081 1404 1122 ἇραίρεσιν
1441 1085 1493 1110 τῶν
1528 1083 1682 1122 προσόντων
1709 1083 1780 1120 αἶιτῷ
1810 1094 1880 1122 πρα-

1051 1127 1160 1166 γμάτων
1175 1127 1289 1166 γίνεσθαι
1307 1135 1313 1141 ·
1337 1125 1397 1154 ἀλλ’
1418 1127 1440 1155 εί
1461 1127 1510 1164 μὲν
1536 1134 1673 1166 συγγενεῖς
1693 1128 1779 1164 τούτῳ
1812 1127 1878 1160 εἴη·

1051 1182 1111 1211 σαν,
1141 1170 1248 1202 ἐκείνοις
1270 1171 1313 1198 καὶ
1341 1171 1374 1199 τὰ
1404 1171 1496 1199 τούτου
1524 1170 1580 1199 ἴδια
1609 1172 1810 1211 περιποιεῖσθαι
1829 1181 1837 1187 ·
1860 1173 1880 1199 εἰ

1049 1214 1077 1243 δὲ
1093 1216 1131 1253 μη
1152 1215 1264 1244 τοιοῦτοί
1285 1226 1353 1246 τινες
1383 1216 1450 1253 εἶεν,
1480 1215 1540 1244 τότε
1561 1217 1584 1244 εἰ
1605 1217 1654 1254 μὲν
1683 1216 1783 1255 ἄπορός
1809 1217 1879 1245 ἐστιν

1049 1261 1066 1293 ἡ
1096 1258 1156 1288 κατ’
1178 1261 1255 1288 αὺτὸν
1277 1258 1434 1297 Ἐκκλησία,
1459 1261 1503 1289 καὶ
1524 1264 1577 1289 τῶν
1602 1261 1728 1289 τοιούτων
1758 1260 1878 1297 ἐπιδεὴς,

1048 1304 1136 1338 ἐκείνη
1158 1305 1203 1332 καὶ
1231 1305 1263 1332 τὰ
1285 1303 1356 1341 αὐτῷ
1383 1305 1551 1343 προσήκοντα
1578 1304 1746 1342 ἀναλήψεται
1764 1313 1771 1320 ·
1809 1306 1832 1333 εἶ
1853 1304 1879 1332 δὲ

1050 1348 1077 1376 ἐν
1091 1348 1198 1388 εὖπορίᾳ
1225 1349 1403 1385 καθειστήκει,
1426 1349 1486 1381 τοῖς
1499 1352 1561 1388 γοῦν
1589 1349 1684 1383 πένησι
1714 1353 1798 1378 ταὺτα
1826 1349 1879 1377 δια-

1050 1392 1160 1421 δίδοσθαι
1195 1393 1412 1433 παρασκευάζειν,
1453 1392 1521 1421 me
1559 1394 1597 1431 μὴ
1627 1394 1760 1425 αὖθεντίας
1788 1395 1879 1432 τρόπῳ

1050 1437 1094 1464 καὶ
1105 1436 1219 1478 ἐξοιισίας
1247 1436 1418 1477 ἐπέρχεσθαι,
1447 1437 1491 1465 καί
1516 1448 1540 1466 τι
1561 1441 1614 1466 τῶν
1642 1438 1721 1467 αὑτοῦ
1750 1438 1877 1478 ἀφαιρεῖ-

188 1477 293 1516 tum-id
310 1477 389 1525 quod
401 1484 532 1516 ablatum
545 1477 635 1515 fuerit
647 1483 679 1514 in
690 1482 813 1524 duplum
827 1483 1009 1523 restituetur;

1092 1492 1120 1511 ιι.
1145 1477 1191 1514 Ὦς
1207 1481 1266 1521 εἴγε
1288 1481 1406 1510 τοιοῦτόν
1428 1493 1453 1510 τι
1469 1481 1530 1522 παρ’
1557 1483 1630 1520 ὑμῶν
1659 1477 1822 1520 τολμηθείη,
1839 1484 1878 1510 καὶ

189 1534 252 1562 tum
262 1529 327 1570 ipse
336 1538 396 1560 non
405 1528 545 1569 exiguum
553 1527 590 1559 ad
602 1532 719 1568 tempus
728 1527 1009 1560 excommunicatio-

185 1574 232 1606 nis
246 1583 340 1615 poenae
353 1572 506 1614 subjectus
519 1574 588 1605 eris.

225 1664 256 1696 9.
266 1662 370 1704 Siquis
382 1664 604 1704 episcoporum,
625 1662 679 1694 tibi
698 1662 897 1701 subditorum,
912 1662 948 1694 ad
964 1663 1009 1694 al-

189 1712 282 1739 teram
298 1708 385 1739 vitam
412 1707 672 1749 commigraverit;
703 1707 798 1747 pietas
814 1711 862 1738 tua
877 1707 964 1747 longe
980 1717 1013 1738 se

187 1762 346 1784 removens
360 1753 397 1784 ab
413 1753 494 1784 omni
509 1753 670 1794 cupiditate
681 1753 822 1788 humana,
832 1752 878 1783 vel
887 1752 985 1792 potius
995 1761 1012 1783 a

189 1797 352 1829 simoniaco
366 1797 437 1829 vitio
448 1797 572 1829 liberam
582 1806 650 1829 sese
660 1797 881 1833 demonstrans,
895 1800 924 1827 et
932 1796 1012 1827 omni

189 1842 277 1874 modo
289 1847 379 1884 atque
389 1842 528 1874 omnibus
542 1842 656 1874 viribus
667 1841 793 1881 gratiam
805 1840 934 1881 Spiritus
945 1850 1013 1872 san-

189 1889 227 1919 cti
237 1887 359 1919 minime
372 1887 508 1919 venalem
522 1896 655 1925 servans,
678 1886 837 1926 Deumque
852 1885 947 1917 solum
963 1886 1012 1916 in—

188 1937 356 1973 spectorem
369 1932 502 1964 cordium
512 1938 681 1963 nostrorum
693 1931 823 1967 intuens,
836 1939 904 1961 eum
914 1931 1009 1961 homi-

187 1986 256 2009 nem
270 1977 306 2008 ad
322 1976 445 2017 gradum
473 1976 674 2017 episcopalem
706 1975 832 2006 evehere
848 1974 948 2012 debet,
962 1974 1014 2015 qui

188 2022 359 2054 testimonia
366 2021 432 2053 vita;
439 2022 584 2058 honesta,
594 2020 748 2058 doctrinae,
761 2019 877 2050 ordinis
884 2023 912 2050 et
922 2019 1011 2050 studii

188 2066 353 2107 spiritualis
360 2065 480 2102 habeat,
491 2065 583 2097 etrite
589 2065 754 2096 secundum
765 2073 895 2094 canones
901 2064 1013 2095 electus

188 2111 227 2143 sit
242 2121 250 2142 :
263 2115 295 2142 ut
309 2119 415 2151 magna
424 2110 476 2141 illa
498 2110 684 2151 pontiﬁcatus
697 2108 824 2149 dignitas
838 2108 981 2139 immunis
996 2118 1013 2139 a

1051 1526 1065 1554 ὃ
1094 1524 1116 1553 δ’
1145 1525 1176 1553 ἂν
1197 1526 1348 1566 ἀφαιρεθείη
1383 1527 1421 1559 εὶς
1458 1526 1488 1554 τὸ
1516 1525 1653 1555 διπλάσιον
1680 1527 1880 1567 ἁναστραφήσε-

1050 1581 1106 1608 ται,
1142 1571 1186 1598 καὶ
1218 1571 1395 1608 ἆκοινωνησίᾳ
1431 1571 1474 1600 ἐπὶ
1507 1571 1634 1600 πλεῖστον
1654 1571 1878 1611 κοθυποϐληθ-ἧσῃ

1051 1615 1161 1655 χρόνον

1091 1654 1126 1689 θ’.
1145 1663 1193 1688 Δεῖ
1207 1659 1240 1693 τὴ
1253 1660 1302 1694 σὴν
1317 1660 1477 1701 θεοφίλειαν,
1502 1660 1595 1689 εἴποτέ
1621 1672 1661 1693 τις
1681 1664 1733 1690 τῶν
1758 1660 1805 1690 ὑπ’
1836 1665 1879 1692 αὖ·

1052 1705 1102 1738 τὴν
1129 1703 1275 1733 τελούντων
1303 1706 1458 1734 ἐπισκόπων
1491 1706 1556 1745 πρὸς
1591 1706 1641 1740 τὴν
1667 1707 1757 1734 tum:
1793 1718 1879 1745 μενα-

1053 1749 1130 1782 σταίη
1158 1748 1244 1786 ληξιν,
1268 1750 1366 1781 παντὸς
1401 1749 1560 1789 ὰώρωπίνου
1595 1751 1690 1784 ἑαυτὴν
1732 1753 1880 1791 μακρύνω-

1053 1804 1100 1823 σαν
1116 1793 1311 1832 ἐλαττώματος,
1343 1793 1443 1832 μᾶλλον
1465 1793 1492 1822 δὲ
1514 1795 1562 1828 τῆς
1587 1796 1754 1833 σιμωνιακῆς
1784 1797 1879 1827 κακίας

1054 1838 1292 1879 ἐλευθεριάζουσαν,
1318 1839 1362 1866 καὶ
1390 1840 1467 1867 παντὶ
1496 1840 1585 1879 τρόπῳ
1614 1841 1657 1868 καὶ
1682 1841 1755 1878 πάσῃ
1771 1839 1880 1878 δυνάμει
1906 1833 1908 1835 Ι

1053 1883 1102 1917 τὴν
1131 1887 1177 1911 τοῦ
1199 1884 1350 1921 Πνεύματος
1377 1883 1447 1911 θείαν
1482 1884 1561 1924 χάριν
1593 1883 1708 1924 ἄπρατον
1737 1884 1880 1921 διασώζου-

1053 1939 1114 1964 σαν,
1137 1929 1202 1967 πρὸς
1225 1929 1306 1966 μόνον
1335 1928 1399 1955 Θεὸν
1421 1928 1465 1956 τὸν
1487 1931 1540 1956 τῶν
1565 1928 1678 1969 καρδιῶν
1701 1930 1780 1967 ἡμῶν
1810 1930 1879 1958 ἁπο-

1055 1971 1203 2001 ϐλέπουσαν
1218 1972 1321 2012 ἔφορον,
1344 1972 1389 2000 τὸν
1411 1972 1453 2000 ἐπὶ
1479 1973 1528 2011 βίῳ
1556 1977 1656 2010 σεμνῷ,
1679 1975 1722 2002 καὶ
1737 1973 1823 2013 λόγῳ,
1840 1975 1880 2002 καὶ

1055 2017 1213 2046 καταστάσει
1250 2020 1416 2055 πνευματικῇ
1458 2018 1686 2056 μαρτυμούμενον,
1722 2019 1767 2046 καὶ
1795 2030 1878 2046 κανο-

1054 2065 1133 2094 νικῶς
1149 2061 1338 2102 ψηφιζόμενον,
1367 2062 1404 2093 εἰς
1424 2062 1468 2090 τὸν
1497 2062 1669 2090 ἐπισκοπικὸν
1697 2063 1805 2102 ἀνάγειν
1828 2064 1876 2101 βι-

1053 2107 1131 2145 θμὸν,
1153 2106 1200 2134 ἵνα
1212 2105 1245 2140 δὴ
1260 2107 1303 2135 καὶ
1317 2107 1348 2134 τὸ
1369 2106 1438 2145 μέγα
1465 2109 1514 2140 τῆς
1542 2107 1739 2146 ἀρχιεροη-ύνης
1769 2107 1877 2141 ἁκαπις-

187 2150 406 2196 cauponatione
420 2150 624 2193 conservetur,
640 2164 674 2186 ac
700 2158 761 2184 tum
781 2153 846 2193 ipse
860 2153 1010 2184 canonicis

1092 2163 1147 2180 »τον
1171 2157 1328 2186 συντηροῖτο
1349 2150 1463 2191 ἀξίωμα,
1493 2152 1538 2179 καὶ
1565 2153 1641 2184 αὐτὸς
1669 2152 1717 2189 μὲν
1744 2153 1817 2192 παρὰ
1831 2153 1875 2186 τῆς

189 2199 394 2232 sanctionibus
408 2209 468 2230 non
479 2199 700 2238 condemneris,
713 2202 774 2230 tum
791 2197 841 2229 ille
862 2197 924 2228 suis
940 2207 1011 2238 pro-

188 2245 274 2278 batus
289 2246 345 2277 hoc
371 2244 460 2276 modo
473 2244 510 2275 ad
525 2243 728 2285 episcopatum
758 2242 878 2284 propria
907 2242 1012 2274 virtute

191 2291 325 2332 provehi,
337 2289 413 2321 liber
424 2288 460 2320 ab
472 2290 552 2320 omni
565 2289 604 2320 sit
629 2288 741 2321 offensa
755 2297 764 2326 ;
777 2297 832 2318 nec
844 2287 1012 2328 spirituales

188 2331 220 2368 in
235 2331 321 2376 leges
338 2334 518 2376 impingens,
536 2343 591 2365 nec
605 2333 776 2365 inevitabile
799 2331 1010 2372 Deijudicium

189 2381 332 2413 adversus
342 2389 409 2412 sese
425 2388 600 2420 ριόνοεειιε.

230 2429 278 2458 10.
294 2425 328 2457 In
340 2425 422 2456 omni
430 2424 548 2456 actione
557 2429 645 2465 atque
655 2423 844 2464 tractatione,
861 2431 983 2464 prorsus
996 2432 1014 2454 a

190 2470 365 2502 muneribus
373 2469 526 2501 continere
533 2472 561 2500 te
567 2468 672 2505 debes,
681 2471 710 2499 et
716 2472 798 2499 certo
805 2467 893 2505 scire,
905 2476 1012 2507 pecca-

190 2519 252 2547 tum
269 2514 422 2556 quodlibet
446 2513 587 2554 simplum
616 2512 732 2554 perpeti
757 2511 936 2556 supplicium
953 2522 961 2542 :
976 2512 1012 2543 ad

188 2555 423 2592 istam’Simouis
434 2557 583 2595 haeresim,
597 2557 718 2598 duplam
730 2557 760 2587 in
772 2565 805 2587 ea
817 2555 1013 2597 depraahenso

191 2603 470 2636 condemnationem
480 2602 599 2634 afferre.
612 2601 799 2643 Quapropter
812 2601 875 2632 haec
890 2601 1012 2633 omnino

189 2648 390 2681 exscindenda
403 2647 494 2687 venit,
508 2656 542 2679 ac
551 2656 590 2679 ne
598 2645 865 2679 consuetudinibus
876 2645 1009 2686 quidem,

1053 2195 1191 2230 κανονικῆς
1206 2195 1373 2233 θεσμοθεσίας
1396 2195 1570 2235 ἁκατάκριτος
1587 2195 1739 2236 ἐποφθείης,
1754 2197 1875 2227 κὶκεϊνκ

1052 2240 1078 2274 ἐξ
1100 2241 1192 2269 ἑαυτοῦ
1216 2240 1284 2268 οὕτω
1304 2240 1513 2280 προχειρίζεσθαι
1529 2241 1589 2273 τοὺς
1614 2239 1680 2280 ἀμφ’
1694 2242 1773 2269 αὖτὸν
1794 2241 1876 2270 διδασ-

1052 2286 1177 2325 κόμενος,
1199 2285 1367 2325 ἀπρόσκοπος
1395 2284 1440 2318 εἴη
1457 2293 1464 2300 “
1503 2286 1572 2323 μήτε
1601 2292 1661 2318 τοῖς
1690 2286 1874 2324 πνευματικοῖξ

1053 2331 1146 2370 νόμοις
1161 2330 1342 2370 προσκρούων,
1372 2330 1441 2367 μήτε
1471 2331 1500 2358 τὸ
1528 2329 1642 2370 ἄφυκτον
1656 2334 1700 2359 τοῦ
1714 2334 1780 2359 Θεοὺ
1794 2337 1874 2370 κρῖμα

1054 2374 1112 2405 καθ’
1133 2375 1226 2404 ἑαυτοῦ
1237 2373 1444 2411 ἐκκαλούμενος,

1095 2416 1115 2449 ι’
1137 2425 1186 2448 Δεῖ
1201 2430 1230 2448 σε
1258 2419 1300 2447 ἐπὶ
1328 2418 1401 2456 πάσῃ
1428 2417 1518 2457 πράξει
1540 2419 1584 2447 καὶ
1605 2420 1786 2460 μεταχειρίσει
1815 2431 1875 2448 παλι-

1054 2467 1152 2494 τάπασι
1174 2463 1264 2504 δώρων
1296 2462 1455 2502 ἀπέχεσθαι,
1486 2462 1600 2503 ἀκριϐῶς
1621 2463 1719 2500 εἰδότα,
1748 2465 1786 2497 ὡς
1809 2468 1875 2492 πᾶσι

1055 2511 1103 2549 μὲν
1132 2509 1247 2548 ἁμαρτία
1276 2506 1366 2541 ἁπλῆν
1395 2508 1444 2541 τὴν
1466 2508 1592 2548 τιμωρίαν
1621 2509 1757 2549 ὑφίσταται
1776 2518 1782 2524 ·
1807 2511 1825 2543 ἡ
1851 2508 1874 2536 δὲ

1053 2559 1100 2584 τοῦ
1130 2555 1249 2592 Σίμωνος
1278 2553 1378 2592 αἵρεσις
1400 2551 1496 2586 διπλῆν
1518 2552 1611 2592 ἐπάγει
1632 2557 1670 2591 τῷ
1694 2553 1784 2582 ἁλόντι
1798 2566 1870 2583 κατι-

1053 2612 1150 2641 χρισιν,
1188 2599 1234 2626 Διὸ
1266 2597 1308 2626 δεῖ
1339 2596 1475 2630 παντελῶς
1501 2598 1598 2631 ταύτην
1627 2599 1807 2640 περικόπτειν,
1836 2599 1874 2627 καὶ

1053 2645 1122 2685 μηδὲ
1155 2650 1216 2676 ταῖς
1244 2642 1400 2683 λεγομέναις
1425 2645 1570 2677 συνηθείαις
1599 2642 1702 2672 εἴσοδον
1730 2646 1774 2673 καὶ
1808 2655 1873 2684 παρ-

860 2725 986 2758 νΑιιιᾱι
1007 2723 1227 2759 LECI‘IONES.

227 2799 239 2814 '
256 2796 484 2826 testamentum.
