1946 3080
42 95 148 128 1141

743 96 895 129 GRECO-
899 95 1030 129 ROMAN
1034 98 1100 129 UM.

1688 102 1767 134 H42

41 164 73 191 εἶ
84 163 190 192 σδυσιν
221 164 305 204 ἔχειν,
344 165 393 194 Καὶ
427 164 476 204 γὰρ
505 165 530 192 αἱ
565 163 705 203 λεγόμεναι
732 167 808 192 αὗται
837 172 897 191 συν·

983 169 1013 191 as
1023 166 1146 206 vocant,
1162 162 1260 194 aditus
1275 166 1305 194 et
1328 163 1459 196 fenestra
1473 165 1679 206 patefacienda
1691 170 1737 198 est
1755 177 1762 198 :

48 210 176 249 ήοειαι,
230 209 400 249 φιλαργυαίας
456 208 703 246 συνεισκωμάσσσαι
758 208 899 246 νοσήματι,

48 252 149 282 οὐδέν
170 252 292 293 ἔλαττον,
322 254 343 281 εἶ
372 254 410 291 μὴ
433 254 476 280 καὶ
508 252 610 291 μᾶλλον
635 253 670 284 εἷς
686 251 828 286 καταδίκην
842 252 902 283 τοὺς

46 300 120 331 σῆς
161 298 371 338 ἀρχιερωσύνης,
402 297 534 337 μετόχους
564 297 753 334 ἁλισκομένους
782 295 900 335 ἄγουσιν,

46 342 108 371 ἐπὶ
144 346 233 380 σεμνῷ
270 342 428 382 προσωπείῳ
465 344 513 376 τῆς
556 342 675 379 Σίμωνος
711 340 901 381 ἐνεργουμένης

46 386 210 426 αἳρέσεως.
238 387 287 415 Δεῖ
303 387 353 426 γὰρ
374 386 423 414 κᾶν
445 397 533 424 σεμνμ
567 386 676 424 ὀνόματι
705 384 900 423 ὂιαϐεϐλημένη

44 431 165 472 πρᾶξις
199 430 379 468 καλυπτηται,
417 431 460 459 καὶ
494 431 591 464 ταύτην
628 430 706 459 παντὶ
734 429 824 468 τρόπῳ
852 430 900 458 ὲκ-

46 476 223 516 τρέπεσθαι,
252 476 296 504 καὶ
324 477 520 515 παραιτεῖσθαι,
552 476 596 503 καὶ
631 474 732 513 μᾶλλον
761 475 809 508 si;
838 474 901 502 ἀνα-

46 520 281 559 κεκαλυμμένως
297 519 428 554 δηλούσης
449 520 479 548 τὸ
503 519 631 558 τόλμημα
647 527 654 534 ⁸
676 520 709 548 τά
723 529 752 547 τε
767 519 816 559 γὰρ
831 517 899 547 λαν-

46 565 185 594 θάνοντα
207 567 259 593 τῶν
286 563 383 602 ἑλκῶν,
412 563 588 604 δυσιατώτερά
617 575 674 596 πως
696 562 775 592 εἴωθε
792 563 899 603 τυγχά-

47 620 138 650 νειν,
170 610 215 638 καὶ
235 609 268 637 τὰ
289 608 401 638 ὕπουλον
423 608 522 649 ἔχοντα
550 609 600 642 τὴν
635 609 809 648 παρανομίαν,
838 608 899 648 ῥᾴον

49 654 174 692 μᾶλλον
190 654 208 688 ἣ
224 655 270 682 καὶ
287 654 320 681 τὰ
342 652 463 693 πρόδηλα
492 656 543 681 τῶν
567 653 750 690 ἀτοπημάτων
779 653 815 685 εἷς
839 653 899 684 τοὺς

51 698 191 730 πολλοὺς
233 697 416 738 καταφέρεται,
456 697 521 727 0515
556 698 600 725 οὖν
641 697 692 726 ὰπὸ
732 695 806 731 δίκης
842 697 900 726 οὔτε

54 745 262 784 χρηματικῆς,
305 741 363 770 οὔτε
392 742 594 782 ἐγκληματικῆς
623 741 763 771 τοσύνολον
797 741 899 780 lapsa-

943 203 1060 251 Etenim
1076 206 1132 244 hae,
1150 216 1215 248 quae
1230 207 1371 240 dicuntur
1385 203 1629 251 consuetudines,
1645 209 1689 241 uti
1697 220 1765 242 cum

943 249 1072 295 avaritiae
1085 250 1190 282 morbo
1205 251 1402 293 irrepserunt,
1419 253 1460 284 ita
1489 263 1548 285 non
1564 249 1663 286 minus
1677 263 1766 295 quam

944 293 1019 332 haec,
1037 294 1183 335 siquidem
1200 305 1259 327 non
1270 297 1358 328 etiam
1371 298 1474 337 magis,
1491 298 1527 329 ad
1539 293 1767 330 condemnatio-

944 347 1021 385 nem
1030 339 1196 381 pontifices,
1214 342 1263 382 qui
1279 341 1385 372 harum
1402 342 1561 383 participes
1576 343 1644 374 facti
1663 343 1769 385 depre-

943 382 1128 428 henduntur,
1139 382 1444 426 pertrahunt;quando
1451 382 1572 428 quidem
1579 387 1633 419 snb
1643 382 1769 420 honesta

943 428 1024 459 larva
1044 427 1174 460 Simonis
1184 429 1308 461 haeresis
1323 435 1490 464 exercetur.
1508 431 1666 464 Famosum
1682 442 1768 464 nam-

942 481 1000 512 que
1015 472 1140 507 facinus.
1152 473 1222 505 licet
1241 474 1368 506 honesto
1382 475 1527 507 vocabulo
1542 477 1668 515 veletur,
1684 478 1767 509 omni

942 516 1030 562 modo
1041 517 1191 549 vitandum
1205 522 1233 550 et
1243 519 1437 551 aversandum
1451 525 1495 551 est
1508 521 1659 562 ;adeoque
1673 522 1766 562 magis

942 561 1042 607 etiam,
1054 571 1142 602 quam
1155 562 1197 600 id,
1219 563 1298 604 quod
1317 566 1421 605 aperte
1441 565 1539 596 scelus
1551 561 1649 603 ipsum
1661 561 1766 607 precise

942 605 1009 636 fert.
1027 606 1157 638 Latentia
1186 607 1328 639 nimirum
1359 609 1460 641 ulcera
1486 609 1638 642 difficilius
1662 605 1766 642 sanari

941 649 1050 687 solent,
1067 655 1096 682 et
1109 651 1238 683 absurda
1263 653 1405 690 facinora,
1423 654 1533 695 quibus
1550 655 1626 686 inest
1641 655 1766 688 subdola

941 695 1075 736 quaedam
1091 696 1234 736 nequitia,
1252 697 1339 737 longe
1353 707 1386 728 se
1400 698 1516 730 facilius
1531 699 1562 730 in
1573 699 1677 740 vulgus
1687 700 1764 732 insi-

942 744 1043 778 nuant,
1056 750 1143 781 quam
1159 750 1225 781 qua;
1237 742 1393 774 manifesta
1408 747 1488 774 sunt.
1501 743 1539 776 Ut
1553 753 1622 785 ergo
1638 754 1693 776 nec
1704 745 1764 776 litis

53 799 139 825 νειν,
156 787 224 826 μετᾶ
245 790 294 820 τῆς
307 792 353 816 τοῦ
368 787 441 826 ἁγίου
466 787 618 825 Πνεύματος
633 786 748 820 ἐξουσίας
763 786 897 815 διαταττό-

983 793 1041 822 usa,
1054 785 1098 816 vel
1112 785 1219 821 civilis.
1231 786 1276 817 vel
1294 786 1469 826 criminalis,
1481 788 1512 819 in
1523 788 1694 820 universum
1707 790 1765 821 ali-

52 835 151 871 μεθα,
176 832 233 860 οὔτε
257 831 308 859 απὸ
335 832 524 871 πρυχειρίσεως
539 831 698 870 ἡγουμένου,
729 831 746 865 ἢ
768 831 900 871 ἀρχιμαν-

51 877 167 918 δρίτου,
192 876 210 910 ἢ
239 876 351 916 ἐξάρχου
379 875 437 905 οὔτε
467 877 521 914 μὴν
549 876 601 904 ἀπὸ
639 875 772 915 προϐολῆς
801 876 901 904 οἰκονό-

53 933 132 960 μου,
164 922 182 954 ἢ
204 921 364 961 μειζοτέρου,
389 920 446 950 οὖδέ
473 932 504 960 γε
527 920 569 961 (τὸ
598 920 811 960 ςρρικωδέστερον)
847 920 900 948 ἀπὸ

53 965 237 1006 γειροτονίις
265 964 399 1005 διακόνου,
427 965 445 999 ἢ
477 963 660 1005 πρεσϐυτέρου,
697 964 715 998 ἣ
743 964 899 998 ἐπισκόπου,

55 1009 194 1047 οὒὸαμῶς
223 1008 282 1039 οὔδε
309 1008 368 1038 καθ’
403 1008 555 1044 οἱονδήποτε
580 1009 690 1048 τρόπου,
714 1008 772 1038 οὔτε
786 1010 837 1049 πρὸ
851 1011 900 1042 τῆς

56 1055 240 1094 χειροτονίας
275 1053 333 1082 οὔτε
368 1054 435 1092 μετὰ
483 1054 532 1088 τὴν
581 1053 747 1093 χειροτονίαν
782 1056 900 1092 προσῆκε

54 1088 227 1135 λαμϐάνειν.
251 1100 334 1126 Τοῦτο
347 1088 407 1137 γαρ,
425 1097 517 1135 οἶμαι,
540 1088 658 1130 καὶητοίΐς
680 1097 792 1137 ἀπείρως
803 1088 899 1138 ’ἔχουν-ι

57 1143 130 1182 περὶ
155 1143 216 1173 τούς
246 1142 358 1174 κανόνας
383 1142 443 1174 τοὺς
464 1143 560 1182 θείους,
589 1140 737 1175 κατάδηλον
765 1141 898 1182 ἐμφανίζει

55 1188 116 1221 τὴν
134 1187 246 1215 ἀτοπίαν
264 1196 272 1204 ο
309 1185 349 1214 διὸ
363 1186 404 1215 δεῖ
430 1188 594 1215 παντάπασιν
618 1187 644 1215 ὲν
670 1189 733 1215 πᾶσι
755 1193 813 1219 τοῖς
827 1187 900 1226 εἴρη-

58 1232 174 1270 μένοις,
193 1232 235 1259 καὶ
250 1238 322 1267 τοῖς,
339 1232 376 1263 ὡς
391 1232 472 1271 εἰκὸς,
501 1230 768 1272 παραλελειμμένοις,
798 1229 897 1263 ἄθώους

57 1278 114 1309 τὰς
136 1283 234 1316 χεῖρας
255 1275 431 1316 φυλάττοντι,
448 1276 492 1304 καὶ
513 1276 563 1315 πρό
584 1287 614 1315 γε
636 1279 688 1304 τῶν
711 1278 810 1316 χειρῶν
837 1275 897 1307 τοὺς

62 1321 230 1361 λογισμοὺς,
260 1320 328 1349 οῗτω
361 1321 406 1348 τὸν
435 1323 483 1354 τῆς
516 1320 714 1360 ἀρχιερωσύνης
743 1319 899 1360 μεταχειρί-

59 1368 160 1402 ζεσθαι
182 1366 275 1402 νόμον³
306 1364 391 1393 εἰδότα
420 1365 463 1393 καὶ
486 1365 673 1403 πεπεισμένον,
701 1365 738 1397 ὡς
767 1366 781 1393 ὁ
802 1365 900 1398 ταύτης

942 828 1012 869 quid
1019 829 1378 870 accipias,interveniente
1388 832 1514 873 Spiritus
1521 833 1615 864 sancti
1622 838 1767 874 potestate

944 874 1140 906 mandamus:
1158 884 1213 906 nec
1228 875 1298 907 item
1315 881 1435 917 propter
1449 877 1576 915 abbatis,
1593 878 1639 909 vel
1664 878 1765 909 archi-

943 918 1109 963 mandritae,
1126 919 1172 950 vel
1188 919 1275 959 legati
1293 921 1357 961 (50)
1373 921 1608 963 praefectionem,
1627 922 1687 954 imo
1709 932 1765 954 ne-

943 962 1062 1008 quidem
1081 968 1204 1004 propter
1219 964 1435 997 institutionem
1446 962 1605 1005 teconomi,
1618 967 1662 998 vel
1672 969 1768 1008 majo-

942 1006 984 1037 ris
999 1017 1006 1045 ;
1023 1008 1101 1048 quod
1119 1008 1292 1040 horribilius
1308 1009 1450 1051 denique,
1472 1020 1532 1042 non
1547 1016 1667 1052 propter
1682 1006 1767 1044 ordi-

943 1052 1094 1083 nationem
1123 1052 1251 1092 diaconi,
1279 1054 1324 1085 vel
1356 1054 1534 1096 presbyteri,
1557 1056 1604 1087 vel
1620 1057 1765 1098 episcopi,

942 1096 1103 1137 quidquam
1118 1107 1241 1138 prorsus
1258 1099 1319 1130 ullo
1335 1099 1436 1138 modo,
1453 1109 1509 1131 nec
1523 1104 1594 1131 ante
1605 1096 1766 1133 ordinatio-

942 1150 1022 1179 nem,
1037 1151 1091 1172 nec
1103 1146 1168 1182 post
1178 1143 1399 1175 ordinationem
1409 1153 1530 1176 sumere
1540 1146 1689 1177 convenit.
1703 1145 1766 1177 Hoc

940 1185 1019 1216 enim
1035 1195 1124 1227 quam
1140 1187 1177 1218 sit
1203 1187 1374 1226 absurdum,
1406 1192 1437 1219 ut
1455 1189 1592 1230 equidem
1621 1189 1763 1229 arbitror,

939 1230 1027 1274 etiam
1035 1240 1191 1262 sacrorum
1200 1241 1347 1263 canonum
1357 1233 1506 1274 imperitis
1512 1237 1554 1264 est
1562 1234 1764 1266 manifestum.

941 1273 1126 1316 Quapropter
1148 1276 1270 1307 omnino
1285 1276 1315 1307 in
1341 1273 1481 1309 omnibus
1506 1277 1656 1317 indicatis,
1674 1279 1764 1320 etiis,

941 1328 1005 1358 qua:
1023 1320 1156 1351 fortassis
1170 1320 1282 1352 omissa
1296 1327 1376 1360 sunt,
1406 1332 1511 1354 manus
1527 1331 1616 1363 puras
1632 1332 1764 1362 servans,

941 1364 1104 1408 etquidem
1120 1371 1190 1396 ante
1205 1375 1323 1402 manus,
1336 1367 1416 1407 ipsas
1426 1367 1635 1408 cogitationes;
1652 1367 1693 1399 ita
1703 1368 1765 1400 sci-

62 1410 196 1450 παρορῶν
211 1410 257 1441 τὰς
284 1408 392 1441 ἐντολὰς
421 1410 464 1437 καὶ
493 1409 697 1449 προστάγματα,
721 1410 772 1449 οὐχ
798 1409 897 1446 ἦμετὲ-

983 1412 1011 1439 et
1025 1409 1159 1440 muneris
1185 1410 1329 1450 pontiﬁcii
1356 1411 1451 1451 legem
1481 1411 1584 1444 subire
1613 1411 1717 1450 debes,
1735 1416 1766 1444 et

61 1466 115 1494 ρας
148 1454 314 1494 παραινέσεις
340 1454 441 1491 ἀθετεῖ,
475 1453 543 1482 ἀλλὰ
570 1455 623 1482 τῑῦν
652 1453 727 1482 θείων
752 1454 796 1481 καὶ
823 1454 900 1492 ἱερῶν

62 1499 192 1528 κανόνων
219 1499 369 1539 ὑπερόπτης
398 1499 511 1538 γίνεται,
533 1499 577 1526 καὶ
607 1498 656 1532 τὴν
683 1498 712 1526 ἐκ
733 1498 832 1527 τούτων
854 1498 902 1526 οὐκ

63 1543 224 1582 ἐκφεύξεται
251 1542 404 1576 καταδίκην,
448 1544 494 1572 Διὸ
532 1544 576 1571 καὶ
604 1544 649 1571 τὸν
683 1542 826 1582 λεγόμενον
860 1542 901 1570 ἒν-

65 1576 215 1628 θρονισμὸν
243 1587 272 1616 οὗ
299 1589 337 1625 τῷ
364 1591 558 1628 χειροτονοῦντι
589 1586 640 1627 (μὴ
668 1576 795 1627 γένοιτο),
832 1586 900 1614 ἀλλὰ

62 1639 128 1664 τοῖς
145 1631 315 1672 ἐνδεεστέρως
329 1632 381 1660 τῶν
398 1631 542 1672 κληρικῶν,
559 1632 577 1666 ἢ
590 1633 702 1664 καὶτοῖς
715 1631 897 1665 ἐκκλησιαστι-

62 1678 119 1711 κὴν
139 1676 225 1710 ἄλλην
245 1677 389 1716 ὑπηρεσῗαν
409 1676 524 1712 τελοῦσι,
539 1677 607 1706 κατὰ
632 1676 772 1716 ἀναλογίαν
785 1678 835 1709 τῆς
850 1675 898 1703 ὲκ-

66 1721 266 1756 κλησιαστικῆς
281 1721 402 1760 εὐπορίας
412 1719 575 1760 διοριζόμεθα
582 1719 705 1750 δίδοσθαι.
720 1720 837 1760 Εὖπόρου
849 1721 899 1760 γὰρ

66 1769 121 1800 τῆς
144 1766 292 1801 ἐπισκοπῆς
319 1766 523 1803 καθισταμένης,
553 1766 701 1806 εὐεργεσίας
729 1765 803 1804 μέρει
837 1765 897 1796 τοὺς

66 1812 267 1851 ὑπηρετοῦντας
282 1818 342 1843 τα“ς
358 1810 593 1844 ἐκκλησιαστικαῖς
617 1810 770 1850 διακονίαις,
787 1809 897 1849 ἀπορώ-

66 1867 148 1895 τερον
164 1857 209 1884 τὸν
222 1856 278 1894 βίον
293 1855 484 1895 κεκτημένους,
507 1855 712 1896 ὼροφορετώαι
735 1855 835 1884 ἐκεῖθεν
851 1856 897 1884 εὖ-

67 1900 158 1932 δόλως
174 1900 344 1941 ἀπείργομεν.

942 1456 1020 1483 certa
1034 1462 1100 1484 cum
1116 1454 1207 1485 animi
1219 1456 1412 1495 persuasione
1423 1455 1501 1487 scire
1517 1465 1597 1495 eum,
1611 1457 1662 1498 qui
1677 1457 1766 1489 hasce

943 1497 1157 1538 praaCeptiones
1172 1503 1260 1539 atque
1276 1499 1415 1531 mandata
1428 1501 1513 1532 ﬂocci
1527 1497 1629 1540 faciat,
1642 1511 1701 1532 non
1716 1501 1768 1533 ad-

942 1541 1120 1573 monitiones
1135 1547 1251 1575 nostras
1278 1543 1365 1575 nihili
1381 1545 1479 1577 facere
1495 1554 1502 1577 :
1517 1545 1570 1577 sed
1598 1545 1766 1577 divinorum

942 1595 1157 1628 sacrorumque
1172 1596 1321 1619 canonum
1353 1593 1590 1631 contemptorem
1614 1599 1695 1628 6556,
1711 1599 1768 1622 nec

941 1631 1220 1664 condemnationem
1237 1633 1274 1665 ab
1289 1633 1333 1664 eis
1355 1634 1545 1673 irrogandam
1561 1635 1768 1675 effugiturum.

940 1678 1039 1717 Atque
1052 1677 1127 1708 hanc
1143 1677 1180 1708 ob
1196 1687 1314 1710 causam
1326 1679 1495 1717 statuimus,
1505 1684 1538 1711 ut
1551 1679 1768 1712 inthronismus

939 1721 998 1758 (51;
1016 1731 1103 1762 quem
1119 1726 1234 1763 vocant,
1251 1732 1310 1754 non
1323 1724 1363 1765 ei,
1375 1724 1426 1765 qui
1440 1724 1559 1756 ordinat
1592 1724 1766 1765 episcopum

944 1765 1028 1803 (absit
1044 1770 1075 1797 ut
1090 1767 1146 1798 hoc
1174 1767 1246 1807 ﬁat),
1277 1768 1329 1799 sed
1356 1768 1537 1809 pauperibus
1565 1769 1700 1810 clericis,
1721 1769 1768 1800 vel

938 1810 997 1841 alio
1012 1811 1140 1851 quodam
1158 1812 1362 1844 ecclesiastico
1378 1822 1501 1844 munere
1508 1812 1701 1854 fungentibus
1715 1822 1767 1844 ra-

939 1855 1021 1886 tione
1035 1856 1207 1888 facultatum
1224 1857 1494 1889 ecclesiasticarum
1523 1857 1634 1897 habita,
1664 1858 1768 1889 detur.

938 1899 1052 1940 Quippe
1070 1900 1095 1931 si
1120 1901 1254 1942 locuples
1282 1902 1321 1933 sit.
1350 1902 1550 1944 episcopatus,
1576 1912 1764 1944 nequaquam

68 1944 281 1985 prohibemus,
298 1943 457 1985 quominus
477 1944 509 1975 in
531 1954 593 1983 eos,
611 1944 661 1985 qui
681 1944 856 1976 ministeriis
880 1944 1090 1976 ecclesiasticis
1110 1946 1284 1985 inserviunt,
1302 1951 1330 1978 et
1349 1947 1470 1988 inopem
1485 1947 1575 1980 vitam
1591 1943 1761 1988 traducunt,

66 1989 152 2030 velut
168 1998 202 2020 ex
218 1988 427 2027 beneficentia,
443 1989 616 2020 munuscula
631 1989 765 2030 quaedam
782 1989 983 2020 conferantur.

111 2029 163 2065 ια’.
183 2038 231 2063 Δεῖ
258 2035 307 2068 τὴν
334 2034 385 2068 σὴν
413 2034 558 2074 Θεοφίλειαν
587 2029 758 2074 πρὸῗπάντων
772 2035 816 2062 καὶ
832 2035 899 2073 μετᾶ

68 2080 179 2108 πάντων
193 2083 239 2108 τοῦ
267 2082 316 2113 τῆς
346 2078 560 2120 φιλοχρηματίας
588 2080 632 2108 καὶ
659 2078 809 2112 π)εονεξίας
843 2079 897 2107 πά-

68 2126 130 2156 θους
161 2124 274 2164 καθαρὰν
301 2124 396 2158 ἑαυτὴν
425 2130 576 2164 συντηρεῖν,
612 2130 670 2156 τοῖς
706 2125 810 2156 οἰκείοις
846 2124 897 2151 ἐπ-

70 2168 239 2208 αρκουμὲνην
256 2177 264 2185 ⁸
291 2170 334 2197 καὶ
364 2169 433 2207 μήτε
454 2169 544 2208 τρόπῳ
574 2169 625 2197 τινὶ
650 2169 683 2197 τα
709 2168 834 2209 ἀλλότρια
856 2170 897 2197 οἶ-

69 2215 277 2251 κειοποιεϊσθαι,
321 2214 360 2252 μὴ
403 2212 536 2245 δουλικοῖς
576 2213 739 2252 ἐπιτάγμασι
766 2214 896 2254 κατατρί-

71 2270 134 2299 χειν
156 2259 187 2287 τὸ
214 2258 377 2299 ὑποχείριον,
405 2258 423 2292 ἢ
453 2258 609 2298 βαρυτάταις
636 2258 804 2296 ἑπιτιμήσεσι
838 2260 898 2292 τοὺς

72 2303 112 2340 μὴ
145 2302 299 2335 ὗπείκοντας
328 2302 534 2340 ἀπαμύνεσθαι,
568 2303 616 2332 ’ἕνα
642 2309 700 2336 τοῖς
729 2302 825 2343 ἔργοις,
855 2305 899 2332 καὶ

72 2349 103 2375 τὸ
146 2349 196 2381 τῆς
237 2347 380 2387 ἱερωσύνης
420 2350 553 2386 κοσμῆται
595 2347 709 2388 ἀξίωμα,
750 2349 794 2376 καὶ
822 2349 898 2380 αῢτος

74 2392 136 2426 εἴης
180 2394 274 2426 θεϊκῆς
315 2403 343 2420 τε
384 2392 428 2420 καὶ
469 2392 633 2432 ἀνθρωπίνης
661 2391 791 2432 ἂνώτερος
807 2395 899 2432 λκατα-

74 2437 198 2476 κρίσεως.

116 2476 166 2520 ιβ’.
203 2486 251 2510 Δεῖ
279 2492 308 2510 σε
336 2485 423 2510 πᾶσιν
446 2480 579 2522 ἀκρίϐειαν
609 2481 635 2510 ἐν
663 2488 722 2514 τοῖς
745 2489 897 2515 κανονικοτς

75 2525 159 2554 ἅπασι
200 2525 407 2555 καταϐάλλεσθαι
442 2527 593 2567 πράγμασιν
610 2535 618 2543 ⁸
656 2526 836 2566 ἐγκαλούντων
869 2527 898 2556 τὲ

76 2581 166 2611 τινων,
195 2571 239 2599 καὶ
268 2570 416 2611 παράϐασιν
451 2572 535 2609 αὖτῷν
561 2572 764 2612 προτεινόντων,
800 2572 897 2612 ἐπιμε-

983 2034 1028 2065 11.
1047 2034 1140 2066 Debet
1155 2039 1203 2066 tua
1216 2036 1311 2076 pietas
1322 2041 1390 2068 ante
1401 2037 1512 2075 omnia,
1525 2037 1642 2068 etinter
1651 2037 1762 2078 omnia,

940 2086 972 2109 se
986 2078 1078 2119 ipsam
1094 2079 1130 2110 ab
1141 2080 1271 2112 avaritia:
1281 2081 1350 2112 vitio
1364 2091 1471 2122 puram
1483 2085 1512 2113 et
1522 2081 1688 2113 immunem
1700 2090 1764 2113 ser-

939 2132 1010 2168 vare
1025 2124 1146 2165 suisque
1176 2125 1364 2157 facultatibus
1392 2135 1458 2158 esse
1488 2130 1648 2165 contenta;
1665 2135 1765 2168 neque

940 2167 1002 2198 ullo
1027 2168 1115 2201 modo
1131 2178 1180 2200 res
1196 2169 1309 2201 alienas
1335 2170 1501 2202 invadenda
1517 2170 1575 2203 sibi
1599 2171 1762 2212 vindicare,

940 2221 1036 2254 neque
1062 2213 1221 2245 servilibus
1236 2215 1371 2256 imperiis
1397 2215 1533 2247 subditos
1557 2216 1701 2257 affligere,
1716 2216 1764 2248 vel

940 2259 1036 2299 pmnis
1063 2258 1246 2298 gravissimis
1271 2269 1330 2290 non
1359 2259 1599 2292 obsecundantes
1628 2260 1763 2292 vicissim

940 2302 1045 2334 ulcisci
1064 2313 1071 2332 :
1087 2312 1144 2344 quo
1173 2303 1287 2335 scilicet
1311 2303 1364 2335 abs
1394 2307 1422 2336 te
1446 2305 1607 2336 sacerdotii
1636 2305 1764 2345 dignitas

941 2347 1025 2378 factis
1040 2351 1172 2385 ornetur,
1190 2352 1277 2389 atque
1292 2348 1381 2380 etiam
1408 2349 1474 2390 ipse
1489 2353 1551 2381 tum
1567 2349 1686 2388 divinae,
1701 2354 1764 2382 tum

941 2392 1079 2423 humanae
1094 2392 1336 2424 coudemnationi
1351 2403 1539 2436 nequaquam
1550 2394 1591 2426 sis
1602 2393 1764 2426 obnoxius.

984 2482 1030 2513 l2.
1042 2480 1076 2512 In
1088 2481 1227 2513 omnibus
1237 2481 1339 2521 rebus,
1351 2483 1388 2515 ad
1399 2492 1528 2516 canones
1543 2483 1764 2525 spectantibus,

938 2526 1158 2558 accurationem
1167 2535 1313 2558 summam
1326 2527 1469 2560 adhibere
1478 2528 1585 2567 debes,
1592 2533 1622 2561 et
1633 2527 1685 2560 ubi
1697 2528 1766 2568 qui-

939 2570 1006 2602 dam
1022 2571 1230 2603 accusationes
1244 2571 1413 2612 instituunt,
1430 2572 1499 2604 etin
1514 2581 1645 2605 canones
1659 2581 1765 2613 pecca-

852 2659 976 2693 NOTIE.

119 2729 181 2811 ,50)
204 2728 267 2761 Hoc
281 2731 337 2766 est,
352 2727 468 2775 vicarii,
483 2727 545 2760 sive
559 2728 750 2769 suﬂ'raganei.

134 2771 182 2810 51)
205 2769 353 2811 Sportula:
366 2777 450 2810 quasi
465 2768 617 2811 quaedam,
631 2778 698 2811 quae
708 2778 750 2811 pei

134 2767 182 2810 51')
205 2769 353 2811 Sportula:
366 2768 450 2810 quasi
460 2767 617 2811 quaedam,
631 2767 698 2811 quae
708 2768 915 2811 pendebantur
929 2767 967 2801 ab
982 2767 1137 2809 episcopo,
1155 2777 1223 2800 cum
1238 2768 1268 2800 in
1283 2768 1391 2802 solium
1405 2768 1616 2802 collocabatur.
