1946 3080
82 156 163 188 1145

746 153 1105 187 (ὶΡυΕΟΟ-ΒΟΜΑΝΗΜ.

1692 149 1773 181 1146

77 222 160 261 εἴπερ
189 222 238 249 εἰσὶ
273 221 341 249 κατὰ
361 222 407 249 τὸν
421 221 513 261 τόπον,
531 222 669 262 συναφείας
690 232 720 249 τε
750 222 796 249 καὶ
821 231 910 260 παρα-

994 220 1100 260 ιιιίᾱεω
1114 229 1148 250 eo
1165 219 1306 257 locisint,
1335 218 1564 259 conjunctiones
1590 222 1619 250 et
1647 217 1775 262 nefarias

79 266 180 304 νόμους
203 264 394 305 συνδιατριϐἀς.
423 265 498 294 οετω
525 269 619 297 ταῦτα.
643 265 691 295 Καὶ
719 265 746 293 εἴ
774 276 799 293 τι
824 264 911 305 ἕτερον

78 310 94 338 ὅ
132 321 161 339 τε
191 311 280 350 καιρὸς
308 310 352 338 καὶ
381 311 399 344 ἠ
435 311 514 350 χρεία
550 309 738 350 προϐάλλοιτο,
769 309 836 348 μετά
863 309 911 343 τῆς

77 355 226 389 ἐπαινιτῆς
254 355 298 384 καὶ
327 355 516 395 προσηκούσης
555 355 598 384 καὶ
634 353 767 396 θεοφιλοῦς
796 353 911 387 σπουδῆς

77 399 237 440 ἐκπληρῶν,
260 400 350 434 πάσης
380 399 428 438 μὲν
453 399 538 434 λκϐῆς
566 401 610 428 καὶ
637 398 781 433 καταδίκης
811 398 910 438 ἐξαιρε-

75 445 151 483 θήσῃ
176 453 184 460 ·
207 445 244 477 εἰς
266 444 367 482 κόσμον
389 443 416 472 δὲ
433 448 485 476 τῶς
508 444 680 484 Ἐκκλησίας,
702 445 747 472 καὶ
768 442 843 476 δόξαν
865 446 911 471 τοῦ

76 490 112 517 τὸ
129 491 228 518 οἱκεῐον
244 491 313 527 αἷμα
339 489 403 528 ὑπὲρ
439 490 520 523 αδτῆς
548 489 705 530 ἐαχιέοιντος1
729 492 840 526 Χριστοῦ
866 491 912 516 τοῦ

77 533 207 568 ἀληθινοῦ
228 537 293 562 Θεοῦ
319 534 409 572 ἡμῶν,
431 534 534 574 ὀφθήσῃ
551 543 559 552 ·
610 533 674 573 ὅπερ
702 534 746 562 καὶ
772 532 912 570 ἐλπίζομεν

78 579 278 618 xxix-31611.20:
293 589 300 596 ⁸
333 579 376 608 καὶ
408 580 476 617 μετὰ
496 579 620 618 μεγάλων
652 579 705 607 τῶν
740 575 852 606 ἐλπίδων
875 577 912 609 εἱς

77 623 132 657 τὴν
169 622 377 660 ἐναποκειμένην
405 624 466 655 τοῖς
494 623 576 663 ἁγίοις
609 622 825 662 παραπεμφθήσῃ
853 633 909 660 μα-

77 667 239 706 καριότητα,
267 667 327 696 ἔνθα
350 667 456 696 πάντων
485 668 502 702 ἡ
533 666 740 707 προσδοκωμένη
768 666 909 707 κατάπαυ-

77 701 122 744 σις
137 711 252 751 γένοιτο,
269 711 299 740 ἐκ
324 715 428 750 Χριστῷ
454 701 611 750 ’1ησοῖτῷ
634 701 719 751 Κυρίῳ
747 712 835 749 ἡμῶν.
857 701 909 740 ιδαιτι

79 756 163 788 αὐτός
194 755 250 784 ἐστι
278 759 331 784 τῶν
359 756 464 795 ἀγαθῶν
499 755 579 795 δοτὴρ
606 757 651 785 καὶ
685 756 842 796 πληρωτὴς,
865 756 909 784 καὶ

77 800 153 838 αὒτῷ
174 800 268 840 πρέπει
293 800 359 838 τιμὴ
385 801 428 830 καὶ
443 800 512 839 δόξα,
542 803 586 828 νῦν
602 801 647 829 καὶ
671 801 707 832 εἰς
722 801 782 832 τοὺς
800 800 907 831 αἰῶνας,

81 844 186 882 Ἀμήν.

207 898 218 916 ι
245 883 389 927 ἸΕνταλμα
410 887 542 926 διδόμενον
555 895 614 921 τοῖς
630 888 762 929 ὲξάρχοις,
782 900 795 916 ι

126 931 167 964 α’.
184 937 232 961 Δεῖ
242 933 291 965 τὴν
313 933 364 967 σὴν
387 932 532 972 ε-Βλάϐειεν,
556 934 605 967 τὴν
621 933 772 962 ἐπιστασίαν
787 934 831 962 καὶ
848 933 910 972 πρό-

80 989 157 1006 νοιαν
194 981 247 1006 τῶν
296 980 498 1018 πατριαρχικῶν
542 979 726 1018 μοναστηρίων
769 978 841 1017 παρὰ
861 980 910 1011 τῆς

80 1023 163 1060 ἡμῶν
178 1022 350 1062 μετριότητος
372 1022 581 1062 ἀναδεδεγμὲνην
605 1022 648 1060 89,
678 1023 746 1060 μετὰ
766 1025 814 1056 τῆς
829 1023 910 1050 ἑπαι-

79 1069 162 1099 νετῆς
191 1066 365 1102 συνειδήσεως
420 1067 524 1102 πολλήν
573 1066 717 1096 ἀναλαϐεῖν
757 1066 910 1105 ἐπιμέλειαν

80 1112 127 1140 καὶ
152 1111 282 1148 σπουδὴ,
309 1113 346 1144 ὡς
375 1113 426 1152 οὔχ
446 1113 514 1149 ἡμῖν
544 1113 625 1150 μόνον
659 1113 704 1140 τὸν
730 1113 788 1152 περὶ
810 1112 910 1140 τούτων

79 1155 163 1195 λόγον
184 1156 339 1197 ὀφείλουσαν
365 1155 518 1196 ἀποδοῦναι,
550 1156 618 1185 ἀλλά
639 1167 669 1196 γε
697 1157 741 1184 καὶ
767 1157 817 1196 πρὸ
833 1157 909 1194 ἡμῶν

79 1204 122 1238 τῷ
136 1201 242 1229 πάντων
270 1200 356 1240 ἐφόρῳ
383 1205 441 1239 Θεῷ
476 1209 484 1217 ⁸
522 1202 565 1229 καὶ
607 1203 675 1239 μήτε
723 1201 788 1241 πρὸς
817 1201 908 1241 χάριν,

81 1246 154 1282 μήτε
181 1245 247 1284 πρὸς
283 1245 392 1285 ἔχθραν,
435 1245 504 1283 μήτε
531 1246 595 1284 πρὸς
630 1245 724 1285 δῶρον,
761 1246 829 1283 μήτε
844 1246 909 1285 πρὸς

84 1289 268 1329 παράκλησιν,
298 1291 367 1328 μήτε
395 1291 460 1329 πρὸς
495 1289 560 1318 ἄλλο
594 1301 620 1318 τι
654 1294 707 1318 τῶν
741 1290 909 1329 ἀνθρωπίνων

82 1333 290 1371 ἀποκλίνουσαν,
341 1334 567 1374 μεταχειρίζεσθαι
610 1335 660 1368 τὴν
697 1335 821 1368 τοιαύτην
857 1334 911 1362 δια-

83 1379 175 1407 κονίαν
191 1388 200 1396 ⁸
221 1378 289 1407 ἀλλά
315 1380 382 1408 κατὰ
407 1380 468 1410 τοὺς
496 1380 648 1411 κανονικοὺς
681 1380 791 1417 θεσμοὺς
826 1379 911 1408 πάντα

86 1423 224 1463 πράττειν,
250 1424 293 1452 καὶ
314 1425 382 1452 κατὰ
415 1424 464 1458 τὴν
485 1424 614 1463 ἡμετέραν
650 1422 789 1464 διαταγὴν,
826 1424 909 1452 ἀνεπ-

84 1471 177 1509 αχθῶς
205 1480 233 1496 τε
261 1469 304 1497 καὶ
338 1468 441 1509 ἀϐαρῶς
468 1470 517 1503 τὴν
544 1469 661 1508 περίοδον
699 1471 843 1506 ποιεῖσθαι,
865 1469 909 1498 ὅτε

953 263 1194 295 conversationes
1208 272 1372 295 removere.
1404 263 1499 304 Atque
1525 262 1588 293 hiet:
1611 261 1729 302 quidem
1744 261 1774 291 in

952 308 1032 339 hunc
1046 308 1178 339 modum.
1196 308 1258 344 Quo
1272 308 1297 338 si
1326 308 1396 348 quid
1424 307 1503 338 aliud
1533 306 1585 338 tibi
1615 306 1658 336 vel
1677 305 1774 346 ipsum

953 358 1080 393 tempus,
1095 353 1139 383 vel
1159 353 1320 384 necessitas
1335 353 1448 389 offerat,
1463 351 1493 383 id
1509 351 1534 382 si
1551 350 1702 390 laudabili,
1719 351 1773 381 de-

953 402 1049 435 cente,
1066 397 1207 437 religioso
1221 398 1319 428 studio
1337 397 1485 438 perticies,
1512 395 1593 426 omni
1617 399 1708 426 temet
1721 404 1772 426 re-

953 442 1160 482 prznbensione
1176 446 1204 472 et
1227 441 1478 473 condemnatione
1494 440 1619 480 eximes,
1636 439 1775 470 Ecclesia:

952 492 1127 519 ornamento
1143 488 1213 524 eris,
1229 488 1330 527 gloriae
1342 487 1450 518 Christi
1463 487 1524 517 veri
1537 486 1589 517 Dei
1606 485 1708 522 nostri,
1725 485 1775 525 qui

952 532 1126 572 sanguinem
1156 543 1208 573 pro
1236 532 1368 564 Ecciesia
1397 542 1482 563 suum
1511 530 1648 571 profudit,
1665 529 1776 561 servies

952 577 1009 617 (uti
1023 577 1154 608 tuturum
1171 586 1325 618 speramus
1343 582 1371 607 et
1397 576 1558 617 optamus),
1584 584 1650 606 cum
1668 584 1773 614 magna

950 631 1003 662 spe
1018 621 1147 662 denique
1158 622 1193 653 ad
1208 622 1288 652 illam
1298 621 1410 652 sanctis
1432 622 1593 661 repositam
1605 619 1772 650 beatitatem

950 666 1153 705 ablegaberis:
1170 667 1220 697 ubi
1241 667 1361 707 requies
1381 670 1517 706 exoptata
1540 664 1689 704 contingat
1704 663 1773 694 uni-

951 711 1056 747 versis,
1074 710 1103 742 in
1120 710 1236 742 Christo
1248 710 1317 742 Jesu
1344 711 1470 742 Domino
1491 713 1592 740 nostro
1607 718 1613 740 :
1633 708 1772 749 quoniam

952 755 1016 795 ipse
1031 755 1176 786 bonorum
1193 754 1316 795 largitor
1331 759 1376 786 est
1404 760 1432 786 et
1457 754 1627 790 absolutor;
1659 752 1707 783 cui
1724 761 1775 792 par

952 803 997 830 est
1008 799 1099 830 tribui
1115 799 1259 831 honorem
1272 804 1362 841 atque
1373 799 1508 839 gloriam.
1521 807 1599 829 nunc
1615 802 1644 829 et
1656 797 1775 828 saeculis

952 843 1085 874 intinitis.
1104 845 1211 876 Amen.

1026 888 1205 920 Mandatum
1221 889 1301 929 quod
1331 889 1441 930 legatis
1457 888 1518 926 (52)
1529 887 1601 918 dari
1615 887 1703 918 solet.

994 933 1118 964 l.chet
1126 937 1174 963 tua
1181 933 1430 973 reverentia,qum
1437 932 1642 973 praefecturam
1651 935 1679 962 et
1686 940 1773 962 cura-

951 977 1062 1008 tionem
1081 978 1322 1018 patriarclialium
1353 977 1600 1008 monasteriorum
1631 986 1647 1007 a
1676 981 1776 1006 nostra

952 1022 1156 1054 mediocritate
1171 1027 1256 1053 nacta
1271 1026 1326 1060 est,
1343 1032 1411 1052 cum
1428 1021 1570 1053 laudabili
1593 1020 1776 1051 conscientia

953 1067 1076 1098 multum
1094 1066 1255 1106 diligentia;
1278 1077 1311 1097 ac
1341 1066 1431 1097 studii
1459 1066 1623 1106 suscipere,
1651 1065 1692 1095 uti
1708 1074 1774 1105 qua;

952 1120 1012 1142 uon
1023 1111 1118 1142 solum
1131 1111 1214 1142 nobis
1232 1112 1338 1142 horum
1351 1110 1457 1142 debeat
1472 1110 1618 1141 rationem
1631 1109 1772 1149 reddere,

952 1164 1051 1186 vernm
1064 1155 1151 1186 etiam
1163 1159 1230 1186 ante
1239 1165 1303 1193 nos,
1317 1155 1477 1196 inspectori
1497 1155 1628 1185 omnium
1644 1156 1703 1184 Deo
1717 1164 1724 1184 :
1739 1163 1774 1184 ac

952 1209 1051 1240 neque
1062 1200 1184 1240 gratiam
1201 1209 1298 1240 neque
1319 1199 1517 1237 inimicitiam,
1534 1208 1632 1240 neque
1648 1199 1770 1238 donum,

952 1253 1047 1285 neque
1057 1244 1440 1285 preces,nequeq.uidquam
1449 1244 1528 1275 aliud
1538 1244 1566 1274 in
1575 1243 1663 1275 rebus
1672 1243 1774 1273 Imma-

952 1254 1047 1285 neque
1057 1254 1440 1319 preces,nequeo§pluquam
1449 1254 1528 1275 auuo
1538 1254 1566 1274 in
1575 1254 1663 1275 renus
1672 1254 1771 1273 numa-

952 1291 998 1320 nis
1011 1289 1210 1330 respiciendo,
1229 1289 1288 1320 min
1304 1289 1425 1320 sicrium
1438 1289 1583 1329 ejusmodi
1598 1288 1681 1319 obire
1695 1297 1702 1318 :
1719 1287 1771 1318 sed

952 1333 1052 1364 omnia
1067 1333 1232 1365 secundum
1248 1334 1406 1365 canonicas
1431 1333 1522 1373 leges,
1553 1337 1582 1364 et
1599 1332 1770 1364 mandatum

953 1382 1086 1409 nostrum
1098 1387 1199 1418 agere,
1207 1378 1338 1419 citraque
1349 1387 1508 1417 gravamen
1527 1382 1556 1408 et
1567 1387 1642 1408 onus
1649 1377 1770 1417 aliquod

951 1422 1090 1457 aliorum.
1107 1422 1282 1453 visitationis
1310 1432 1434 1454 munere
1463 1422 1595 1462 defungi,
1619 1431 1685 1452 cum
1703 1431 1773 1452 usus

953 1467 1098 1507 postulat:
1118 1476 1154 1498 ne
1171 1467 1285 1498 scilicet
1302 1467 1345 1498 illi
1357 1472 1476 1508 propter
1488 1467 1630 1498 comitum
1642 1465 1769 1496 multitu~

82 1513 163 1554 χρεία
177 1512 256 1542 καλεῖ
272 1522 281 1531 ⁶
296 1513 343 1541 ’ἕνα
358 1514 396 1550 μὴ
418 1517 456 1551 τῷ
470 1513 564 1547 πλὴθει
579 1515 623 1543 καί
642 1521 699 1546 τοῖς
715 1513 832 1543 πλείοσιν
847 1514 908 1542 ἀνα-

994 1520 1062 1547 lem,
1080 1516 1112 1542 et
1126 1511 1254 1552 majores
1269 1516 1416 1552 sumptus,
1443 1516 1532 1552 atque
1546 1513 1633 1543 etiam
1651 1516 1773 1551 propter

82 1557 217 1598 λώμασιν,
241 1557 279 1586 ἔτι
304 1557 331 1585 δὲ
358 1559 402 1586 καὶ
423 1561 457 1596 τῇ
490 1558 589 1597 ἀκαίρῳ
624 1558 760 1597 ἐπιδημίᾳ,
791 1559 846 1587 ἀντὶ
859 1559 907 1592 τῆς

83 1602 238 1640 μελλούσης
259 1602 398 1643 ὠφελείας,
412 1601 466 1637 ἤδη
495 1603 628 1643 παροῦσάν
653 1615 682 1632 τε
697 1605 740 1632 καὶ
754 1603 907 1644 ἐνεργοῦσαν

83 1647 135 1680 τὴν
164 1645 266 1685 βλάϐην
306 1647 400 1679 αὐτοὺς
437 1647 545 1687 ἐνορῶσι
579 1647 843 1686 καταλαμϐάνουσαν.
861 1648 908 1676 Καὶ

84 1692 135 1731 γὰρ
152 1692 175 1719 εἰ
196 1692 352 1729 σωματικήν
379 1703 437 1720 τινα
471 1691 502 1720 ἐκ
528 1694 577 1726 τῆς
611 1693 661 1726 σῆς
681 1694 823 1733 παρουσίας
850 1704 909 1720 συν-

81 1736 216 1764 αίσθονταὶ
243 1735 357 1774 βλάϐην,
385 1735 442 1766 οὐδὲ
471 1736 520 1770 τὴν
541 1737 660 1777 ψυχικὴν
686 1737 909 1777 ἐπαγγελλομένῳ

82 1781 251 1809 πιστεύσουσι
274 1781 417 1820 σωτηρίαν.
448 1781 497 1810 Καὶ
517 1782 582 1820 πρός
612 1792 641 1820 γε
669 1782 772 1814 τούτοις
801 1782 831 1810 ὲκ
852 1782 907 1809 πά-

82 1836 132 1858 σης
163 1824 330 1864 δωροληψίας
358 1825 389 1850 70
423 1826 538 1866 καθαρὰν
572 1825 652 1860 αὖτὴν
689 1827 732 1855 καὶ
761 1826 906 1864 ἇμόλυντον

82 1869 253 1909 διατηρήσεις
270 1877 277 1885 ’
306 1871 349 1898 καὶ
378 1871 446 1908 μήτε
474 1877 535 1903 ταῖς
578 1870 734 1910 λεγομέναις
762 1871 908 1904 συνηθείαις

949 1555 1150 1596 importunum
1180 1555 1351 1594 adventum,
1391 1556 1480 1586 futuri
1518 1555 1666 1587 commodi
1696 1555 1771 1589 loco.

950 1609 1080 1641 praesens
1092 1605 1122 1631 et
1135 1609 1245 1640 urgens
1261 1601 1401 1631 damnum
1413 1610 1445 1632 se
1464 1600 1582 1631 videant
1607 1600 1773 1641 percipere.

949 1645 1065 1685 Quippe
1086 1645 1111 1675 si
1127 1645 1280 1684 corporale
1306 1645 1455 1685 quoddam
1481 1654 1515 1676 ex
1540 1644 1698 1685 praesentia
1725 1648 1774 1675 tua

949 1689 1161 1720 detrimentum
1177 1690 1318 1729 sentiant,
1346 1699 1400 1719 nec
1423 1689 1515 1720 animi
1542 1691 1665 1720 salutem
1685 1689 1772 1729 polli-

948 1733 1027 1764 centi
1041 1733 1092 1765 tibi
1104 1733 1194 1764 ﬁdem
1207 1733 1422 1764 habiturisunt.
1446 1733 1592 1764 Praeterea
1617 1738 1644 1764 te
1666 1742 1772 1772 purum

949 1782 978 1808 et
993 1778 1180 1818 impollutum
1193 1777 1229 1809 ab
1246 1778 1328 1808 omni
1341 1778 1506 1818 captatione
1533 1788 1689 1809 munerum
1707 1786 1773 1818 per-

949 1826 1037 1863 petuo
1051 1822 1194 1860 servabis,
1221 1832 1255 1853 ac
1280 1832 1376 1864 neque
1406 1822 1670 1854 consuetudinibus
1701 1831 1774 1863 quas

951 1870 1065 1904 vocant,
1085 1867 1165 1898 nullo
1182 1867 1269 1898 modo
1294 1867 1566 1904 contaminaberis;
1583 1876 1679 1907 neque
1697 1867 1772 1897 alius

82 1913 264 1949 ὁπωσδήποτε
290 1917 517 1955 καταχρανθῆναι,
540 1916 609 1953 μήτε
639 1916 737 1955 ἑτέροις
750 1916 909 1955 πρόσκομμα

994 1911 1131 1942 endiculo
1149 1911 1218 1942 cris.
1237 1911 1300 1942 Non
1317 1911 1396 1942 enim
1411 1911 1545 1942 vocabuli
1564 1912 1702 1942 honestas
1713 1912 1772 1942 im-

83 1958 203 1998 γενέσθαι
221 1968 227 1975 ·
243 1960 272 1988 οὐ
287 1960 335 1999 γὰρ
355 1961 374 1994 ἡ
398 1959 529 1997 σεμνότης
544 1961 589 1988 τοῦ
620 1960 750 1998 ὀνόματος
777 1960 826 1993 τὴν
849 1959 910 1988 δυα-

994 1960 1090 1986 ιιθῑοιη
1107 1955 1176 1986 facti
1190 1960 1330 1996 excusat;
1355 1956 1407 1987 sed
1432 1956 1476 1987 rei
1499 1956 1664 1994 sceleritas,
1681 1956 1774 1996 ipsius

80 2002 186 2031 σέϐειαν
214 2004 386 2040 αποσκευάζει
429 2004 477 2038 τῆς
499 2004 616 2044 πραξεως
637 2013 644 2022 ⁸
676 2004 744 2033 ἀλλὰ
765 2005 795 2032 τὸ
824 2004 910 2043 παρά-

994 2009 1039 2031 am
1055 2000 1266 2040 appellationis
1282 2000 1442 2031 bonitatem
1456 2000 1612 2032 deminuit.
1627 2000 1774 2031 Nimirum

82 2059 166 2086 νομον
193 2052 239 2076 τοῦ
273 2059 441 2088 πραγματος,
471 2049 514 2077 καὶ
542 2051 590 2082 τῆς
613 2049 755 2087 ὀνομασίας
778 2049 908 2084 ἐκκακίζει

994 2046 1001 2076 i
1017 2045 1151 2086 praecipit
1166 2045 1256 2085 alliis,
1272 2050 1302 2076 ut
1315 2045 1396 2085 jusle
1412 2054 1445 2076 se
1474 2050 1576 2086 gerant
1604 2046 1694 2076 etiam
1710 2046 1775 2086 ipse

83 2093 132 2126 τὴν
148 2091 301 2126 δεξιότητα,
319 2094 365 2122 Καὶ
394 2093 444 2132 γὰρ
473 2094 487 2121 ὸ
518 2093 620 2132 ἑτέρους
647 2093 846 2132 δικαιοπραγεῖν
861 2105 908 2121 νο-

994 2117 995 2120 η
1012 2090 1048 2121 ab
1065 2090 1144 2120 omni
1161 2089 1333 2130 suspicione
1349 2090 1465 2130 injuriae
1481 2100 1570 2130 purus
1591 2100 1657 2122 esse
1672 2090 1772 2121 debct.

83 2137 215 2175 μοθετῶν,
232 2137 309 2170 αΰτὸς
332 2138 375 2165 καὶ
404 2140 453 2171 τῆς
475 2142 521 2167 τοῦ
547 2136 648 2166 ἀδικετν
675 2137 834 2176 ὑπολήψεως
856 2149 907 2166 κα-

994 2135 1039 2165 im
1056 2143 1125 2165 vero
1141 2134 1164 2165 si
1176 2135 1353 2175 prazterliazc
1365 2134 1496 2174 injunctu
1511 2135 1563 2165 tibi
1575 2144 1626 2175 per
1643 2135 1775 2175 Scriptu-

82 2182 162 2221 θαρὸς
189 2181 286 2220 ὀρείλει
328 2182 507 2213 καθίστασθαι,
557 2183 588 2211 Εἰ
638 2182 729 2220 μέντοι
772 2183 842 2222 παρὰ
876 2184 908 2210 τα

994 2189 1013 2208 n
1025 2179 1116 2219 (quod
1133 2178 1219 2218 absit,
1238 2189 1334 2219 neque
1349 2179 1492 2210 Dominus
1517 2180 1579 2209 Iieri
1593 2180 1772 2220 permiserit)

85 2226 229 2266 ἐγγραφως
267 2237 308 2254 σοι
351 2225 541 2265 διατεταγμένα
566 2227 594 2266 (ὃ
610 2227 648 2265 μὴ
696 2227 810 2266 γένοιτο,
841 2226 908 2265 μηδέ

994 2233 1101 2254 tersum
1118 2223 1258 2264 quiddam
1273 2223 1360 2254 fuerit
1376 2228 1484 2259 actum.
1502 2229 1529 2254 et
1542 2224 1666 2262 alicujus
1682 2234 1716 2255 ex
1729 2225 1775 2255 his

85 2269 141 2309 δώῃ
174 2269 277 2311 Κύριος)
305 2269 370 2299 ἄλλο
405 2282 429 2299 τι
465 2270 652 2311 διαπραχθείη,
689 2272 735 2300 καὶ
762 2271 907 2311 ταράὅασίς

994 2268 1099 2298 mdatis
1110 2272 1252 2299 atlcntata
1265 2268 1383 2298 violatio
1398 2278 1405 2306 ;
1420 2268 1558 2308 maxime,
1571 2268 1596 2299 si
1613 2273 1773 2299 consuetu-

85 2326 157 2347 τινος
192 2318 245 2344 τῶν
289 2315 519 2355 παραγγελμάτων
562 2315 763 2353 ἔπιτολμηθείη,
795 2315 910 2354 μάλιστα
953 2311 1773 2354 ἁίηῦεξνειιειιιθιίρευῐῐ]θΧὶς‹·1“ϐ,νο1ἃΙίυιιιιιυῡῐηίιυίιιη

85 2358 112 2387 δὲ
127 2360 152 2388 εἰ
165 2360 301 2393 συνηθείας
325 2359 343 2394 ἢ
367 2361 457 2397 «hoc,
489 2360 507 2394 ἢ
537 2359 624 2401 ἕτερός
652 2371 691 2392 τις
720 2364 773 2388 τῶν
794 2371 909 2389 συνεπο-

998 2357 1154 2388 comitibus
1165 2357 1222 2388 tuis
1234 2361 1417 2397 compertum
1430 2357 1535 2395 fuerit;
1551 2357 1667 2388 aliudve
1679 2358 1773 2388 detri-

86 2404 174 2441 μένων
195 2415 237 2432 σοι
265 2404 385 2433 ἀπαιτῶν
408 2405 552 2444 φωραθείη,
575 2405 593 2439 ἢ
623 2403 708 2439 ἄλλην
742 2405 800 2433 τινὰ
813 2405 910 2443 ζημίαν

994 2406 1084 2431 tntum
1109 2401 1257 2442 quoddam
1289 2401 1331 2431 eis
1358 2401 1474 2438 inferri,
1505 2401 1555 2442 qui
1578 2403 1773 2433 reverentiam

87 2448 218 2489 ἐπιφέρων
246 2456 303 2481 τοῖς
327 2449 372 2477 ἒπὶ
396 2448 540 2489 ἀπαλλαγῇ
570 2449 667 2488 ζημίας
697 2452 787 2490 ψυχῆς
810 2460 837 2478 τε
867 2451 909 2477 καὶ

994 2456 1031 2476 un
1049 2446 1202 2486 excipiunt
1217 2455 1252 2477 eo
1271 2446 1401 2484 nomine,
1420 2451 1450 2476 ut
1478 2445 1569 2478 animi
1581 2447 1774 2487 corporisque

88 2493 212 2531 σώματος
235 2492 443 2534 ὑποδεχομένοις
475 2494 524 2527 τὴν
559 2494 609 2528 σὴν
647 2492 783 2523 εὐλάϐειαν
800 2503 808 2511 ·
838 2494 909 2525 ὅστις

994 2491 1068 2521 mnis
1085 2491 1273 2522 liberentur:
1293 2491 1428 2531 quisquis
1441 2491 1530 2531 igitur
1555 2492 1583 2522 in
1605 2492 1774 2532 hujusmodi

87 2538 131 2565 οὖν
153 2540 190 2574 τῷ
219 2538 331 2574 τοιούτῳ
359 2538 490 2575 νοσήματι
525 2538 604 2570 ἀλοὺς
637 2538 780 2578 ῳωραθείη,
811 2538 836 2571 ἐξ
860 2541 910 2568 αὖ·

999 2535 1025 2566 ἰο
1040 2535 1246 2575 deprehcnsus
1262 2535 1361 2574 fuerit,
1379 2536 1417 2566 ob
1443 2536 1498 2566 hoc
1518 2535 1615 2576 ipsum
1629 2537 1773 2567 nefarium

86 2584 135 2615 τῆς
164 2582 265 2617 ἐκείνης
301 2582 349 2617 τῆς
392 2583 545 2622 παρανόμου
590 2582 709 2623 πράξεως
739 2583 807 2611 ἔστω
835 2583 910 2622 γινώ-

994 2581 1078 2621 :inus,
1094 2581 1179 2619 sciat,
1194 2581 1321 2622 primum
1333 2581 1452 2623 quidem
1469 2591 1500 2613 se
1524 2582 1617 2613 sacris
1631 2591 1648 2613 a
1663 2586 1772 2623 myste-

127 2716 160 2744 ⁸9
172 2717 212 2751 al.
228 2717 384 2758 δεξαμένην.
427 2718 459 2744 ⁷ο
474 2718 656 2758 δωσοληψίας.

131 2851 194 2894 (52)
208 2851 335 2886 Vicariis
349 2853 412 2887 sive
425 2853 628 2895 suﬂ'raganeis.
