1946 3080
75 124 164 157 1149

122 189 174 231 ς’.
201 195 250 223 Δεῖ
272 195 320 229 τὴν
336 196 385 229 σὴν
407 195 543 226 εὐλάϐειαν
557 197 728 236 ἐντείλασθαι,
739 201 785 226 τοῦ
797 198 906 236 τὺὶερὸν

67 237 201 271 ἅπαντας
217 239 388 277 ἐκμανθάνειν
407 240 555 281 ψαλτήριον
579 242 638 273 τοὺς
654 241 681 270 ἐν
702 246 740 280 τῷ
764 245 906 281 μοναχικῷ

66 284 206 323 σχήματι
237 283 481 324 καταλάγομὲνους,
518 287 562 314 καὶ
590 287 629 324 μὴ
676 286 776 316 δούλων
811 287 905 315 ἀθλίων

70 327 167 367 λόγον
181 327 302 368 δπέχειν,
325 330 369 358 καὶ
405 331 435 358 τὸ
464 333 515 358 πᾶν
542 330 692 360 ἀναλίσκειν
714 332 751 363 εἷς
777 331 826 365 τὴν
854 330 906 359 τῶν

67 373 187 411 γηΐνων
215 373 349 414 ἐργασίαν,
372 373 415 402 διὰ
439 376 488 409 τὴν
523 375 641 415 ἀκρισίαν
669 378 722 403 τῶν
735 377 905 415 καθηγουμε-

67 417 222 456 νευόντων,
259 417 277 452 ἢ
306 419 444 458 παρακοὴν
470 422 523 448 τῶν
565 420 827 458 καθυποτατομένων,
864 420 906 448 καὶ

70 460 207 495 ἄκηδίαν.

124 501 160 542 ζ’.
179 511 228 535 Δεῖ
241 507 292 541 τὴν
307 507 356 541 σὴν
373 506 508 536 εὖλάϐειαν
522 512 683 549 παρεπυᾷν,
695 509 836 546 ἀναζητεῖν
847 509 905 540 τοὺς

64 551 243 590 ἡγουμένους
269 553 330 585 τοὺς
365 552 601 587 λιιποτακτοῦντας
636 555 783 595 μοναχοὺς,
812 554 855 582 καὶ
870 554 905 584 εἰς

60 596 128 630 τὴν
163 597 260 625 οἰκείαν
295 598 388 629 αὐτοὺς
425 597 626 638 ἐπαναστρέφειν
658 599 793 638 ὕποταγήν
815 605 821 612 ·
845 598 905 629 τοὺς

68 639 108 668 3‘:
133 642 171 679 μὴ
188 640 363 679 βουλομένους
384 646 461 672 τοῦτο
490 650 590 684 ποιεῖν,
619 642 677 682 εἴγε
703 642 832 682 εὐλόγως,
849 653 903 671 πα-

63 684 210 725 ραδιδόναι
239 686 266 714 ἐν
295 687 393 726 ἑτέροις
430 688 614 728 μοναστηρίοις
639 689 675 720 εἰς
711 686 832 719 εὒλαϐετς
856 686 903 714 xz:

59 732 121 759 τὸν
150 733 222 761 θετον
250 731 331 772 φόϐον
368 731 496 761 διδάσκειν
542 732 694 771 δυναμένοις
728 733 899 772 ἡγουμένους.

67 775 236 808 meum»:
250 776 282 801 72
295 778 345 817 γὰρ
358 779 430 806 ἔστιν
443 779 510 806 ὁτοῖι
522 782 587 808 Θεοῦ
600 777 693 818 φόϐος,
713 777 799 810 καθώς
821 789 902 817 φησιν

65 822 85 849 ὁ
109 822 253 861 Προφήτης
271 830 279 840 ⁸
298 826 388 863 Δεῦτε,
404 823 493 861 τέκνα,
517 822 645 851 ἀκούσατέ
672 834 732 860 μου.
748 821 833 850 Φόϐον
848 827 900 851 Κυ-

64 865 134 905 ρίου
149 864 242 899 διδάξω
256 867 336 904 ὑμᾶς,

118 905 160 943 η’.
185 915 232 939 Δεῖ
245 911 295 945 τὴν
310 911 359 945 σὴν
384 909 520 940 εὖλάϐειαν
539 912 600 945 τοὺς
628 913 656 940 ὲν
683 911 840 951 γυναικείοις
856 923 903 949 μο-

66 956 231 994 ναστηρίοις
246 957 296 990 τὴν
305 956 376 996 ἱερὰν
405 955 557 996 ὀφείλοντας
592 957 735 996 ἱερουργίαν
757 955 898 992 ἐπιτελεῖν,

67 998 228 1038 γηραλέους
258 1006 327 1028 εῖναι
363 1000 563 1040 προτρέπεσθαι,
599 1001 644 1029 καὶ
665 1000 803 1040 εὐνούχους
820 1008 828 1016 ⁸
856 1000 902 1028 ’ἵνα

66 1044 117 1081 μὴ
154 1042 306 1083 διασύρηται
334 1045 352 1078 ἡ
373 1048 426 1073 τῶν
454 1045 588 1084 παρθένων
614 1044 744 1082 ὑκόληψις
766 1045 815 1073 ὑπό
850 1046 900 1073 τῶν

63 1088 240 1128 αἱρουμένων
261 1087 433 1128 διαλοιδορεῗν
448 1089 507 1121 τοὺς
523 1089 646 1123 πλησίον.

116 1127 154 1164 θ’,
174 1137 221 1161 Δεῖ
236 1133 285 1166 τὴν
300 1133 350 1166 σὴν
374 1132 510 1162 εὐλάϐειαν
532 1133 696 1162 ἐντέλλεσθαι
726 1141 783 1166 τοῖς
815 1135 899 1173 ἡγου-

67 1176 183 1217 μένοις,
198 1177 257 1210 τοὺς
285 1176 311 1205 ἐν
333 1178 432 1218 ἑτέροις
461 1182 644 1217 μοναστηρίοις
677 1179 724 1211 τάς
758 1189 786 1206 τε
802 1179 899 1213 συνθά-

66 1233 129 1254 κας
158 1222 202 1250 καὶ
229 1221 406 1261 ἐξαγορεύσεις
443 1223 649 1261 ποιησαμένους,
692 1223 751 1251 ἄνευ
790 1223 899 1263 γνώμῆς

66 1269 125 1294 τοῦ
154 1266 343 1306 ἆποκείραντος
386 1267 425 1304 μὴ
472 1267 674 1308 προσδέχεσθαι,
704 1267 772 1296 ἀλλὰ
800 1267 899 1306 σπουδῇ,

65 1311 151 1349 πάσῃ
179 1313 325 1351 κεχρῆσθαι
347 1312 411 1350 πρὸς
446 1312 477 1339 τὸ
505 1313 600 1340 πείθειν
629 1312 721 1344 αὖτοὺς
749 1313 785 1344 εἷς
800 1313 850 1345 τὴν
865 1313 900 1340 οἱ·

64 1355 147 1383 κείαν
164 1355 352 1395 παλινδρομεῖν
368 1356 464 1394 μονήν.
494 1357 559 1388 Τοὺς
587 1356 614 1384 δὲ
648 1357 725 1385 τοῦτο
740 1356 898 1397 παραλόγως

64 1399 300 1437 κατατολμῶντας
335 1407 435 1438 ποιεῖν,
466 1400 590 1438 ἐπιτιμᾷν
625 1402 669 1429 καὶ
691 1401 831 1441 ἀφορίζειν,
862 1403 898 1434 ὼς

65 1443 160 1477 ἐξίσου
173 1450 232 1476 τοῖς
248 1443 463 1484 ἀνδραποδισταῖς
476 1445 686 1484 ἁμαρτάνοντας.

116 1527 146 1564 ι’,
173 1537 221 1561 Δεῖ
234 1533 283 1567 τὴν
311 1533 361 1567 σὴν
389 1532 524 1563 εὖλάϐειαν
552 1540 611 1567 τοῖς
639 1534 796 1573 ἡγουμένοις
818 1546 900 1574 πρασ-

68 1577 194 1615 τάττειν,
223 1580 276 1607 τῶν
331 1578 551 1617 ὑποτεταγμένων
599 1578 752 1608 διακωλύειν
797 1581 844 1611 τὰς
873 1580 898 1608 ἐν

71 1628 140 1654 ταῖς
156 1622 250 1651 πόλεσι
277 1622 400 1663 προδους.
437 1623 524 1650 πᾶσάν
551 1634 580 1651 τε
607 1624 784 1663 προσπάθειαν
799 1635 897 1664 συγγε-

68 1670 127 1694 νῶν
143 1668 187 1695 καὶ
208 1667 302 1708 φίλων,
325 1667 372 1696 καὶ
394 1668 440 1700 τὰς
473 1666 619 1707 λεγομένας
643 1669 792 1701 συντεκνίας
807 1668 897 1697 τέλεον

68 1710 215 1740 ἐκκόπτειν
232 1720 240 1728 ·
266 1712 303 1741 ἔτι
332 1724 362 1752 γε
387 1713 441 1750 μὴν
468 1713 512 1740 καὶ
541 1713 587 1745 τὰς
603 1713 669 1750 μετᾶ
689 1717 820 1752 γυναικῶν
835 1713 898 1741 διαί-

67 1767 122 1787 τας
144 1757 188 1784 καὶ
226 1756 392 1797 ἀναφύρσεις.
409 1758 446 1786 Οὖ
480 1758 529 1797 γὰρ
556 1756 699 1795 μοναδικῆς
726 1763 806 1787 ταῦτα
833 1760 882 1787 καθ

67 1802 202 1836 εστήκασι
223 1801 321 1834 τάξεως
336 1801 454 1840 σύμϐολα
460 1826 466 1833 .

115 1884 165 1920 ια’.
198 1895 246 1919 Δεϊ
260 1890 309 1924 τὴν
338 1891 387 1925 σὴν
424 1889 559 1921 εὐλάϐειαν
594 1891 749 1931 προτρέπειν
784 1893 896 1928 πάντας,

69 1935 210 1968 νηστείαις
225 1936 269 1963 καὶ
291 1934 396 1970 δεήσεσι
422 1935 490 1963 κατᾶ
513 1936 572 1967 τοὺς
596 1937 738 1974 πατρικοὺς
759 1937 803 1965 καὶ
817 1948 898 1966 πνευο

70 1980 206 2017 ματικοὺς
241 1980 335 2012 τύπους
371 1980 524 2021 σχολάζειν,
555 1981 594 2019 μὴ
627 1982 672 2009 τὸν
708 1981 821 2021 χυδαῖον
842 1983 896 2021 βίον

68 2024 247 2061 μεταδιώκειν
265 2034 272 2042 ·
305 2026 382 2054 τοῦτο
410 2025 458 2063 μὲν
485 2026 550 2065 ὑπὲρ
577 2028 625 2059 τῆς
654 2027 750 2062 atem,
780 2027 898 2056 τοῦτοδὲ

66 2069 114 2097 καὶ
129 2069 197 2108 ὑπὲρ
219 2072 269 2103 τῆς
284 2073 330 2098 τοῦ
352 2073 441 2098 κοινοῦ
469 2070 600 2109 σωτηρίας
618 2077 625 2084 ·
642 2077 701 2102 τοῖς
731 2081 759 2098 τε
787 2071 897 2100 ἐνδεέσιν

65 2114 120 2148 ὅση
153 2114 262 2153 δύναμις
291 2116 324 2143 τα.
353 2115 446 2144 δέοντα
490 2115 666 2155 εὐαγγελικιῖις
709 2116 895 2156 ἐπιχορηγεῖν,

67 2160 106 2192 εἷς
123 2159 233 2188 πλείονα
259 2163 312 2188 τῶν
328 2161 423 2200 ψυχῶν
453 2161 537 2190 ανῖιτνῦν
563 2159 683 2190 εὖόδωσιν
712 2172 740 2188 τε
761 2162 805 2190 καὶ
820 2173 896 2202 περι-

68 2204 180 2238 ποίησιν
185 2228 192 2235 ,

114 2244 164 2288 ιβ’.
184 2255 231 2278 Δεῖ
245 2249 296 2282 τὴν
326 2249 376 2283 σὴν
406 2248 540 2280 εὒλάϐειαν
569 2248 787 2290 διαμαρτύρασθαι
809 2254 899 2292 πᾶσιν1

72 2294 99 2322 ο’ἷ
146 2293 354 2334 φροντιστηρίων
410 2293 593 2332 ἐπιμελεῖσθαι
633 2294 785 2334 ἐτάχθησαν
813 2296 899 2336 ἱερῶν,

73 2343 122 2368 τοῦ
137 2339 177 2376 μὴ
206 2338 353 2378 ἀποκείρειν
382 2339 516 2378 μοναχοὺς
544 2338 563 2372 ἢ
585 2339 740 2378 μοναστρίας
769 2341 818 2378 πρὸ
845 2351 899 2379 τρι-

73 2387 150 2415 ετοῦς
179 2382 347 2422 δοκιμασίας,
383 2384 426 2411 καὶ
467 2383 527 2411 τότε
575 2383 722 2423 ἀποκείρειν
763 2384 823 2416 τοὺς
852 2385 900 2422 μὶν

71 2428 182 2468 ἄρρενας
222 2427 273 2456 ἀπὸ
321 2426 583 2459 πεντεωιόεκαετοῦς
626 2429 723 2468 χρόνου
742 2437 748 2444 ·
793 2429 840 2460 τὰς
873 2428 899 2457 δέ

70 2479 212 2512 γυναῖκας,
241 2473 294 2501 ἀπὸ
330 2471 594 2504 ἐπτακαιδεκαετοῠς.
635 2472 717 2502 Τοῦτο
761 2473 810 2513 γὰρ
839 2480 898 2505 το⁴ς

71 2524 214 2558 πατρικοῖς
241 2516 407 2546 διαωποῦται
433 2518 554 2554 θεσμοῖς.
579 2518 614 2546 Τὸ
642 2517 692 2557 γὰρ
718 2518 789 2557 παρὰ
817 2521 898 2546 ταῦτα

75 2562 229 2602 γινομενον,
258 2563 412 2602 συγχύσεως
438 2562 481 2590 καὶ
509 2565 636 2602 ταραχῶν
662 2561 821 2591 ὡσταπολλὰ
849 2561 898 2590 δεξ-

73 2618 162 2635 κνυταυ
181 2606 276 2635 αἴτιον,

117 2647 164 2692 ιγ’,
193 2657 241 2680 Δεῖ
261 2651 310 2686 τὴν
340 2651 389 2686 σὴν
418 2649 554 2680 εὖλαϐειαν
582 2650 664 2682 ἅπασι
692 2658 839 2692 ποραινεῖν,
856 2654 899 2685 οἷς

744 127 1099 162 GRECO-ROMANUM.

1695 129 1773 164 H50

916 199 936 224 Α
987 194 1018 238 6.
1035 194 1191 236 Percipere
1208 199 1256 227 tua
1272 197 1438 228 reverentia
1451 196 1553 238 debet,
1585 201 1615 228 ut
1629 200 1772 238 quotquot

948 237 1066 270 habitus
1081 240 1237 271 monastici
1245 241 1371 272 coetibus
1382 237 1588 281 aggregentur,
1611 237 1767 272 sacrosan-

947 286 1026 313 ctum
1043 285 1214 324 psalterium
1232 285 1375 322 ediscant,
1393 295 1447 317 nec
1471 287 1588 317 illorum
1607 285 1768 317 infelicium

949 336 1101 359 servorum
1118 330 1211 370 culpa:
1227 331 1298 361 ﬁant
1326 331 1362 361 ad
1388 331 1474 368 ﬁnes,
1502 340 1597 371 neque
1623 335 1717 361 totum
1740 330 1768 360 in

947 381 1047 403 rerum
1065 374 1248 405 terrestrium
1279 375 1423 405 culturam
1441 376 1620 415 expendant,
1649 378 1770 415 propter

947 415 1128 457 imperitiam
1157 418 1376 459 przefectorum,
1404 419 1449 450 vel
1477 419 1710 450 iuobedientiam
1741 423 1768 448 et

947 462 1114 493 socordiam
1130 463 1316 494 subditorum
1323 487 1330 495 .

987 506 1017 537 7.
1034 506 1153 538 Monere
1168 512 1214 538 tuo
1227 508 1392 539 reverentia
1413 508 1512 546 debet,
1537 513 1568 539 ut
1581 507 1702 539 abbates
1718 516 1769 538 eos

948 551 1108 582 monachos
1120 552 1292 593 perquirant
1305 553 1354 593 qui
1368 552 1502 584 ordinem
1516 553 1668 590 deserunt,
1682 556 1768 593 atque

947 594 1027 634 ipsos
1042 595 1078 626 ad
1106 596 1307 627 obedientiam
1332 606 1414 628 suam
1445 597 1608 629 reducant:
1635 597 1685 638 qui
1713 597 1768 627 hoc

945 643 1083 670 recusant
1095 640 1203 678 facere,
1217 641 1367 681 siquidem
1382 651 1416 672 ex
1439 645 1519 672 certa
1528 643 1655 678 ratione,
1669 641 1699 671 in
1710 641 1767 671 alia

945 683 1062 714 tradant
1074 686 1254 716 mona~teria
1265 686 1591 726 religiosisquibusdam
1599 685 1766 725 abbatibus,

945 727 995 768 qui
1018 728 1156 760 timorem
1183 729 1314 760 divinum
1338 730 1446 760 docere
1473 730 1596 770 possint.
1625 731 1699 761 Nam
1715 730 1766 759 Dei

945 777 1041 803 metus
1054 773 1176 804 omnino
1203 775 1342 814 quiddam
1357 778 1401 805 est
1411 774 1570 814 ejusmodi,
1596 773 1674 814 quod
1691 774 1767 804 tradi

943 816 1078 848 docendo
1089 818 1190 858 possit,
1201 818 1451 859 quemadmodum
1466 818 1555 849 Vates
1570 819 1628 849 ait:
1642 818 1766 850 Adeste,

914 879 933 904 Β
944 861 1009 899 ﬁlii,
1027 862 1126 893 audite
1139 872 1203 894 me:
1224 863 1360 894 timorem
1379 863 1496 895 Domini
1512 863 1625 894 docebo
1641 870 1705 893 vos.

984 908 1011 939 8.
1028 908 1140 938 Auctor
1155 918 1221 938 esse
1236 908 1401 939 reverentia
1419 913 1466 938 tua
1476 907 1577 945 debet,
1590 911 1622 938 ut
1633 907 1683 948 qui
1695 916 1763 937 mu-

943 950 1068 982 lieribus
1093 952 1122 983 in
1152 953 1339 983 monasteriis
1372 962 1487 983 sacram
1529 952 1613 982 obire
1653 951 1766 982 debent

941 995 1136 1034 functionem,
1154 1007 1242 1028 senes
1257 997 1316 1028 sint
1345 997 1529 1032 eteunuclti,
1557 1006 1594 1027 ne
1619 996 1765 1036 virginum

943 1041 1120 1072 existimatio
1137 1041 1282 1073 laceretur
1297 1042 1389 1080 abiis,
1403 1041 1509 1082 quibus
1522 1042 1626 1081 volupe
1637 1045 1681 1072 est
1693 1049 1764 1081 pro-

943 1085 1038 1116 ximos
1052 1085 1194 1117 conviciis
1210 1087 1412 1127 proscindere.

982 1129 1011 1160 9.
1024 1129 1119 1160 Debet
1140 1135 1188 1161 tua
1209 1131 1376 1162 reverentia
1406 1130 1546 1161 mandare
1560 1128 1717 1160 abbatibus
1734 1133 1766 1158 ut

943 1182 1004 1214 eos,
1022 1174 1072 1214 qui
1097 1175 1163 1205 aliis
1191 1175 1220 1205 in
1247 1174 1435 1206 monasteriis
1460 1178 1544 1214 pacta
1568 1178 1713 1205 conventa
1738 1181 1766 1204 ct

941 1218 1141 1249 confessiones
1156 1219 1290 1250 fecerunt
1315 1219 1428 1259 absque
1444 1218 1522 1249 illius
1536 1217 1695 1254 sententia,
1713 1217 1762 1258 qui

940 1262 1063 1302 capillos
1090 1273 1192 1294 eorum
1231 1263 1372 1301 totondit,
1408 1273 1465 1294 non
1505 1263 1677 1294 admittant:
1708 1263 1759 1292 sed

941 1316 1059 1338 omnem
1074 1309 1235 1340 adhibeant
1258 1308 1440 1349 diligentiam
1465 1312 1552 1348 atque
1571 1307 1714 1344 studium,
1731 1311 1762 1336 ut

939 1353 1014 1394 ipsis
1026 1355 1237 1394 persuadeant,
1248 1365 1304 1396 quo
1316 1364 1400 1386 suam
1412 1355 1448 1385 ad
1461 1354 1644 1385 mansionem
1655 1362 1758 1384 recur-

939 1406 1019 1430 rant.
1032 1400 1090 1432 Eos
1105 1402 1229 1442 veroqui
1246 1401 1501 1442 praeterrationem
1518 1399 1675 1431 admittere
1686 1399 1760 1430 tales

939 1449 1060 1482 audent,
1077 1446 1278 1487 puniesatque
1303 1445 1486 1486 segregabis,
1513 1445 1601 1476 veluti
1627 1453 1681 1485 par
1696 1453 1762 1475 cuni

909 1499 928 1523 c
942 1488 1092 1530 plagiariis
1107 1491 1223 1522 crimen
1240 1491 1472 1522 committentes.

983 1535 1031 1566 10.
1041 1534 1205 1566 Abbatibus
1213 1535 1380 1567 reverentia
1390 1539 1438 1566 tua
1447 1534 1609 1575 praecipere
1618 1533 1719 1573 debet,
1734 1538 1764 1564 ul

940 1579 998 1610 sibi
1012 1579 1198 1611 subditorum
1217 1589 1270 1621 per
1285 1580 1375 1610 urbe»
1391 1579 1421 1610 in
1438 1579 1588 1619 publicum
1617 1579 1764 1619 prodeun-

941 1624 1013 1656 tium
1023 1624 1277 1656 obambulationes
1294 1625 1484 1666 prohibeant,
1500 1628 1587 1664 atque
1603 1633 1722 1654 omnem
1733 1623 1762 1653 iu

940 1669 984 1699 eis
999 1678 1068 1709 erga
1082 1675 1221 1709 cognatos
1237 1675 1265 1701 et
1279 1670 1392 1701 amicos
1417 1669 1660 1709 propensionem.
1673 1677 1762 1709 quas—

940 1723 998 1754 que
1039 1714 1283 1754 compaternitate
1320 1718 1425 1744 vocant
1461 1717 1490 1744 et
1523 1713 1764 1744 conversationes

939 1762 1027 1797 atque
1055 1759 1225 1798 promiscua
1255 1768 1321 1790 cum
1361 1758 1536 1789 mulieribus
1570 1757 1761 1802 commercia,

940 1802 1058 1843 penitus
1074 1803 1247 1843 exstirpcnt.
1265 1803 1329 1834 Non
1354 1802 1433 1833 enim
1459 1803 1503 1833 ha:
1523 1801 1679 1833 monastici
1694 1807 1763 1832 sunt

941 1846 1055 1878 ordinis
1071 1851 1200 1879 tesserae.

982 1892 994 1922 1
1006 1891 1194 1923 tExhortari
1203 1892 1368 1923 reverentia
1377 1896 1424 1922 tua
1432 1891 1520 1923 debet
1530 1890 1760 1931 omnes,utjejn-

940 1936 997 1967 niis
1010 1941 1096 1977 atque
1113 1937 1417 1977 precibussecunduni
1426 1937 1547 1977 patritus
1556 1935 1762 1976 etspirttuales

940 1981 1013 2011 ritus
1024 1987 1139 2022 vacent,
1156 1991 1214 2012 non
1226 1985 1291 2013 vitae
1305 1981 1433 2021 vulgaris
1449 1981 1569 2020 vestigia
1582 1984 1760 2021 sequantur:

939 2025 1065 2056 alterum
1075 2031 1295 2067 proptersuam,
1308 2027 1432 2057 alterum
1442 2031 1560 2065 propter
1573 2034 1762 2055 communem

939 2069 1064 2101 aliorum
1085 2071 1260 2102 utiblatem:
1286 2075 1374 2111 utque
1385 2079 1437 2110 pro
1459 2069 1582 2107 viribus,
1595 2069 1759 2100 secundum

939 2114 1012 2145 illud
1030 2116 1231 2155 evangelicum
1241 2113 1644 2156 praeceptum,indigentibus
1660 2123 1759 2144 neces-

938 2159 1016 2189 saria
1023 2160 1224 2200 suppeditent,
1237 2161 1272 2191 ad
1287 2161 1427 2200 majorem
1435 2160 1599 2190 animarum
1609 2158 1759 2199 prosperi-

909 2217 931 2241 ι)
942 2208 1031 2234 tatem
1047 2208 1077 2235 et
1091 2205 1332 2246 acquisitionem.

988 2249 1022 2279 l2
1043 2248 1135 2280 Debet
1145 2250 1363 2281 tuarcverentia
1375 2248 1536 2280 contestari
1545 2249 1580 2280 ad
1593 2249 1760 2287 universos,

944 2292 992 2332 qui
1005 2302 1158 2325 sacrorum
1175 2301 1203 2325 ut
1218 2294 1499 2335 phron:isteriorum
1512 2302 1611 2324 curam
1621 2293 1761 2329 habeant,

943 2337 1069 2369 ordinati
1085 2344 1165 2374 sunt,
1184 2349 1221 2371 ne
1237 2340 1397 2370 monachos
1426 2343 1474 2368 aut
1502 2338 1679 2368 Illottaslt‘ias
1693 2344 1762 2368 ante

943 2382 1065 2412 triennii
1084 2384 1224 2416 tondeant
1249 2384 1502 2424 explorationem;
1527 2392 1584 2422 quo
1601 2383 1760 2422 ιιΓιΒίεϊίιω,

941 2435 1039 2458 mares
1050 2429 1171 2467 quidem
1180 2429 1397 2470 postdecimum
1410 2427 1761 2469 quintumaatatisannnm

940 2471 1080 2503 tondeant
1094 2483 1100 2490 '
1114 2473 1250 2511 feminas,
1267 2483 1336 2504 vero
1353 2471 1575 2513 postdecimum
1588 2471 1759 2511 septimum.

940 2515 1002 2547 Hoc
1014 2517 1093 2548 enim
1110 2519 1223 2558 patritis
1239 2522 1282 2549 est
1293 2517 1441 2548 sancitum
1453 2516 1577 2556 legibus.
1592 2517 1665 2547 Nam
1682 2518 1760 2557 quod

943 2565 1048 2601 praeter
1062 2562 1124 2593 haac
1138 2563 1202 2594 fieri
1213 2563 1366 2602 contingit,
1392 2562 1567 2602 plerumque
1577 2561 1761 2592 confusionis

941 2610 969 2636 et
982 2606 1132 2637 turbarum
1149 2617 1266 2638 causam
1283 2617 1348 2638 esse
1359 2611 1486 2638 constat.

984 2651 1032 2683 13.
1046 2651 1317 2684 Debetreverentia
1328 2656 1377 2683 tua
1388 2651 1680 2686 monereuniversos,
1694 2650 1762 2690 qui-

735 2735 863 2768 VARUE
885 2735 1098 2769 LECTIONES.

114 2817 146 2842 72
166 2817 295 2849 διδακτός.
