1917 3080
24 119 102 152 “61

690 119 1043 154 GREGO-ROMANUM.

1641 122 1722 157 1162

269 257 743 323 ΘΕΟΔΩΡΟΥ
793 255 967 321 ΤΟΥ
1017 255 1500 322 ΒΑΛΣΑΜΩΝ

649 377 859 404 ΠΑΤΡΙΔΡΧΟΥ
882 377 1086 404 ΑΝΤΙΟΧΕΙΑΣ

483 463 728 507 ΜΕΛΕΤΑΙ
765 463 900 506 ΗΤΟΙ
934 463 1271 507 ΑΠΟΚΡΙΣΕΙΣ

293 661 792 737 THEODORI
843 662 1367 736 BALSAMON
1372 664 1458 737 IS

622 785 874 820 PATRIARCHE
894 786 1129 821 ANTIOCHENI

435 880 757 928 MEDITATA
809 879 947 927 SIVE

1001 880 1243 929 RESPON
1248 881 1318 929 SA

27 1081 40 1097 ι
57 1074 110 1110 Teo
143 1069 291 1110 ἁγιωτάτου
319 1069 484 1110 πατριάρχου
513 1068 680 1110 Ἀντιοχείας
716 1066 990 1110 ΘεοδώρουΑδαηςι

931 1069 1087 1110 laetissimi
1100 1069 1291 1108 patriarcha
1306 1068 1484 1110 Antiocheni
1502 1069 1648 1101 Theodori
1659 1078 1720 1101 me-

65 1109 168 1148 μελέτη
183 1109 264 1149 ἤγουν
279 1109 542 1150 ἀπόκρισις,⁷⁷χ;ίριν
569 1113 623 1138 τῶν
649 1113 850 1150 πατριαρχικῶν

64 1151 218 1189 προνομίων
223 1173 230 1181 ,

65 1194 180 1228 Εἷσῆλθε
206 1195 237 1223 τὸ
272 1194 375 1232 ἀξίωμά
409 1206 455 1224 σου
483 1194 595 1223 ἐνώπιόν
623 1206 684 1234 μου,
721 1194 849 1235 πανιερώ-

25 1250 100 1276 τατε,
117 1240 163 1267 καὶ
177 1238 286 1279 ἐδέχθη,
315 1239 359 1267 καὶ
384 1238 531 1279 ἀπεδέχθη,
567 1240 610 1268 καὶ
640 1239 761 1276 ᾠκειώθη
790 1250 847 1277 μοι.

25 1285 60 1313 Οὔ
89 1285 142 1324 γὰρ
171 1282 272 1321 ἄσεμνα
306 1284 374 1323 ῥάκη
410 1282 606 1323 κεριεϐἐϐλητο,
652 1284 696 1312 καὶ
724 1283 771 1318 τῆς
799 1286 849 1317 σῆς

24 1327 226 1360 πλουτοδότιδος
250 1329 342 1369 σοφίας
370 1328 462 1361 ἀνάξια
481 1338 488 1344 ·
517 1330 601 1367 σεμνὰ
629 1328 656 1357 δὲ
678 1327 790 1366 μᾶλλον,
805 1329 849 1357 καὶ

25 1374 156 1413 εὔπρεπῆ,
173 1374 216 1401 καί
242 1375 288 1401 οἶα
324 1372 405 1412 χείλη
431 1373 630 1410 στημονίζουσιν
657 1373 786 1411 ίερατικὰ,
803 1372 850 1400 λα-

26 1417 122 1446 λοῦντα
147 1416 325 1457 δικαιοσύνην,
362 1417 406 1445 καὶ
440 1421 569 1453 ζητοῦντα
596 1417 735 1453 ἀλήθεεαν.
774 1416 849 1450 Δέξαι

26 1462 111 1490 τοίνυν
126 1462 142 1489 ὃ
170 1460 203 1489 δι’
220 1462 298 1490 αὖτοῦ
330 1460 423 1490 λαϐεῖν
451 1461 582 1497 ἐζήτησας
599 1461 625 1494 ἐξ
652 1463 728 1500 ἡμῶν
744 1461 850 1502 φιλικῆς

28 1506 192 1546 ἀποκρίσεως
243 1505 381 1535 τάλαντον.
433 1505 560 1539 Ἠξίωσάς
602 1518 635 1544 με
684 1505 849 1536 διαλαϐέσθαι

25 1553 126 1590 γραφῇ,
153 1550 232 1578 πόθεν
257 1551 300 1578 καὶ
328 1553 386 1582 πῶς
411 1551 429 1584 ἡ
458 1553 511 1578 τὼν
546 1551 701 1590 ἁγιωτάτων
722 1561 850 1590 πατριαρ-

24 1598 82 1635 χῶν
98 1594 217 1628 οὖσιώθη
233 1594 343 1632 nev-circ,
375 1595 418 1623 καὶ
441 1594 523 1622 ποίων
551 1596 700 1634 προνομίων
729 1594 847 1633 ἠξίωται,

25 1640 66 1667 καὶ
81 1641 103 1667 εἱ
118 1638 184 1674 ζὲστι
204 1650 245 1670 τις
271 1638 350 1676 μέσον
384 1639 483 1667 τούτων
517 1637 637 1679 διαφορὰ,
662 1639 748 1670 καθώς
782 1650 849 1672 τινες

25 1683 145 1723 λέγουσι.
176 1684 313 1724 Γράφομεν
340 1684 425 1712 τοίνυν
457 1687 492 1722 τῇ
513 1684 628 1723 ίερότητί
656 1695 714 1722 σου,
744 1683 784 1713 ὅτι
799 1685 849 1723 πρὸ

25 1729 131 1757 πάντων
161 1730 333 1768 πατριαρχῶν
371 1730 420 1762 τ-ἦς
441 1728 604 1761 θεουπόλεως
639 1728 760 1769 μεγάλης
791 1728 879 1778 Ἀν-Β

25 1773 146 1813 τιοχείας
161 1773 232 1812 παρὰ
245 1776 292 1801 τοῦ
321 1773 395 1812 ἁγίου
420 1772 568 1801 ἀποστόλου
589 1772 689 1813 Πέτρου
724 1783 848 1814 κεχειρο-

25 1819 135 1849 τόνηται
159 1819 172 1846 ὁ
206 1817 232 1850 ἐξ
259 1816 423 1857 Ἀντιοχέων
450 1815 545 1849 Εὕοδος
564 1827 571 1834 ·
600 1818 644 1846 καὶ
672 1817 733 1855 μστ’
760 1817 848 1856 ὀλίγον

24 1863 74 1891 ὑπὸ
95 1867 146 1891 τοῦ
161 1862 239 1891 αὐτοῦ
259 1862 428 1901 θεοκήρυκος⁷
444 1863 494 1895 τῆς
522 1861 683 1895 Ἐκκλησίας
705 1862 759 1890 τῶν
774 1861 849 1891 Ἀλε-

23 1906 152 1947 ξανδρέων
167 1906 321 1944 ἐπίσκοπος,
351 1908 365 1934 ὁ
390 1906 466 1945 ἅγιος
502 1906 611 1946 Μάρκος
641 1905 820 1946 προϐέϐληται
837 1915 844 1922 ⁸

22 1955 75 1980 τῶν
92 1948 320 1991 Ἱεροσολυμιτῶν,
334 1952 349 1979 ὁ
362 1950 438 1990 ἅγιος
463 1950 587 1983 Ἰάκωϐος
604 1958 613 1967 ⁸
640 1952 684 1980 καὶ
711 1953 761 1984 τῆς
777 1951 848 1991 Θρᾴ-

22 2008 83 2033 κης,
100 1997 115 2025 ὁ
147 1995 221 2035 ἅγιος
243 1994 378 2035 Ἀνδρέας.
408 1995 481 2023 Μετὰ
507 1993 533 2022 δὲ
562 1996 674 2035 χρόνους
701 1996 763 2024 ὡσεὶ
777 2006 848 2035 τρια-

21 2042 125 2074 κοσίους
172 2040 255 2079 μέγας
296 2039 323 2068 ἐν
361 2040 504 2078 Πατράσιν,
546 2040 560 2068 ὁ
588 2040 662 2079 ἅγιος
691 2038 846 2080 Σίλϐεστρος

22 2086 92 2126 παρὰ
114 2088 164 2114 τοῦ
193 2085 267 2123 ἁγίου
294 2083 470 2113 ἰσαποσυτόλου
491 2082 608 2123 μεγάλου
636 2083 843 2122 Κωνσταντίνου,

22 2130 78 2169 ἄρτι
123 2129 237 2169 πρώτως
279 2127 509 2169 ὁρθοδοξήσαντος,
553 2128 643 2161 πάπας
679 2133 727 2158 τοῦ
754 2129 846 2168 θρόνου

21 2168 69 2208 τῆς
90 2168 210 2206 παλαιᾶς
234 2168 338 2210 Ῥώμης
368 2172 532 2211 ὠνόμασται,
563 2173 649 2206 καθὼς
677 2174 694 2207 ἡ
723 2171 844 2213 φιλόθεος

22 2219 136 2258 ἱστορία,
152 2218 196 2246 καὶ
225 2219 251 2246 αἱ
279 2217 370 2246 λοιπαὶ
399 2217 617 2251 ἐκκλησιαστικαὶ
651 2217 761 2257 ἱστορίαι
790 2216 846 2246 διαμ

22 2263 212 2302 λαμϐάνουσιν.
231 2258 259 2292 ’0
274 2262 302 2291 δὲ
318 2262 401 2302 μέγας
431 2263 520 2302 θρόνος
549 2262 597 2297 τῆς
626 2267 842 2293 Κωνσταντινου-

22 2308 139 2348 πόλεως,
155 2308 186 2335 τὸ
206 2306 364 2347 περιϐόητον
378 2310 454 2335 τοῦτο
483 2308 527 2335 καὶ
551 2309 661 2347 πρᾶγμα
689 2307 732 2335 καὶ
747 2305 841 2344 ὄνομα,

932 1109 1080 1150 ditatum,
1104 1111 1168 1140 sive
1195 1117 1371 1149 responsum
1395 1109 1432 1140 de
1464 1110 1722 1150 patriarcharum

929 1148 1112 1189 privilegiis.

930 1195 1020 1227 Venit
1032 1195 1063 1226 in
1079 1200 1269 1237 conspectum
1284 1205 1383 1227 meum
1400 1195 1502 1236 petitio
1518 1200 1578 1234 tua,
1593 1196 1639 1227 vir
1651 1205 1718 1228 san-

889 1239 1031 1277 ctissime,
1050 1243 1080 1271 et
1095 1239 1224 1271 admissa
1237 1245 1488 1282 receptaque,per
1505 1241 1579 1272 mihi
1593 1241 1716 1282 placuit.

890 1283 1006 1324 Quippe
1020 1294 1080 1315 non
1090 1284 1257 1316 inhonestis
1269 1289 1332 1316 erat
1342 1285 1524 1316 indumentis
1537 1286 1716 1324 amicta,nec

890 1328 1022 1368 indignis
1038 1328 1153 1360 liberali
1164 1329 1311 1370 sapientia
1322 1334 1373 1361 tua
1385 1340 1392 1360 :
1405 1329 1458 1361 sed
1467 1329 1602 1361 honestis
1617 1330 1716 1371 potius

890 1377 919 1404 et
942 1373 1128 1411 decentibus,
1159 1374 1256 1414 qualia
1280 1377 1380 1405 texere
1408 1374 1605 1405 sacerdotalia
1632 1373 1715 1405 labra

891 1417 999 1458 solent,
1016 1427 1081 1458 quae
1092 1418 1238 1458 justitiam
1254 1419 1419 1460 proferunt,
1432 1423 1462 1450 et
1475 1419 1628 1450 veritatem
1638 1428 1715 1460 quae-

893 1465 972 1493 runt.
990 1460 1176 1502 Quapropter
1190 1462 1304 1504 accipe,
1324 1463 1403 1504 quod
1418 1471 1472 1503 per
1486 1472 1551 1494 eam
1566 1463 1684 1494 voluisti
1698 1471 1716 1494 ο

891 1506 978 1537 nobis
1007 1506 1159 1547 consequi,
1190 1507 1395 1548 responsionis
1423 1507 1527 1539 amicae
1555 1507 1714 1540 talentum.

892 1550 1018 1590 Petiisti,
1034 1551 1188 1591 utscripto
1204 1551 1395 1592 complectar,
1412 1551 1504 1592 unde,
1521 1555 1551 1583 et
1565 1551 1716 1592 quomodo

893 1594 1147 1625 sanctissimorum
1174 1595 1410 1635 patriarcharum
1442 1605 1586 1627 numerus
1608 1595 1716 1636 quina-

891 1638 955 1669 rius
965 1638 1122 1680 exstiterit;
1134 1649 1201 1680 quae
1211 1640 1363 1680 privilegia
1382 1641 1535 1672 consecuti
1546 1641 1618 1680 sint;
1635 1644 1665 1672 et
1678 1650 1716 1672 an

891 1682 929 1726 sit
942 1682 1021 1714 inter
1035 1692 1087 1714 eos
1102 1683 1265 1714 discrimen
1278 1684 1409 1725 aliquod,
1425 1684 1468 1715 uti
1483 1684 1606 1726 quidam
1619 1684 1717 1725 perbi-

890 1725 972 1758 bent.
988 1727 1155 1759 Scribimus
1174 1737 1243 1768 ergo
1259 1728 1406 1760 sanctitati
1421 1725 1630 1767 tuae,’caeteros
1646 1733 1716 1760 ante

890 1771 1072 1812 patriarchas
1086 1781 1203 1813 omnes,
1217 1782 1235 1803 a
1249 1777 1351 1804 sancto
1362 1773 1450 1804 Petro
1463 1773 1597 1813 apostolo
1623 1773 1716 1804 fuisse

889 1815 1057 1846 ordinatum
1065 1825 1179 1855 magna;
1189 1816 1270 1847 illius
1280 1816 1448 1848 Antiochia:
1458 1816 1714 1855 antistitem,Evo-

889 1859 958 1890 dum
974 1860 1207 1899 Antiochenum;
1222 1865 1252 1892 et
1266 1861 1353 1902 paulo
1368 1865 1443 1902 post,
1461 1861 1497 1892 ab
1512 1861 1619 1893 eodem
1635 1869 1713 1901 prae-

888 1912 963 1934 eone
978 1903 1089 1945 divino,
1112 1905 1286 1946 episcopum
1314 1905 1526 1937 Alexandrinas
1541 1905 1713 1947 praefectum

890 1947 1041 1985 Ecclesiae,
1074 1953 1207 1980 sanctum
1239 1950 1393 1987 Marcum;
1422 1949 1710 1991 Hierosolymitanaa,

888 1997 1025 2024 sanctum
1040 1993 1196 2033 Jacobum;
1209 1994 1386 2032 Thracensi,
1402 1998 1536 2026 sanctum
1549 1994 1711 2025 Andream.

887 2036 958 2068 Post
977 2046 1071 2068 annos
1097 2047 1166 2068 vero
1191 2039 1276 2078 quasi
1300 2042 1464 2079 trecentos,
1487 2048 1610 2078 magnus
1635 2038 1715 2070 inter

887 2080 1002 2119 Patres,
1019 2085 1048 2112 et
1058 2086 1177 2113 sanctus
1190 2083 1234 2113 vir
1241 2082 1396 2122 Silvester,
1410 2092 1428 2114 a
1438 2087 1539 2114 sancto
1551 2086 1581 2114 et
1591 2087 1712 2123 aposto-

887 2125 924 2156 lis
938 2126 1012 2166 pari,
1023 2135 1128 2165 magno
1144 2126 1194 2157 illo
1218 2127 1423 2166 Constantino,
1440 2127 1491 2168 qui
1506 2131 1620 2158 rectam
1636 2127 1711 2159 doc-

886 2169 992 2201 trinam
1005 2179 1112 2202 recens
1125 2171 1278 2211 amplexus
1289 2172 1395 2211 fuerat,
1413 2171 1480 2202 solii
1494 2172 1598 2212 prisca;
1607 2170 1711 2203 Romae

885 2223 959 2255 papa
975 2215 1029 2246 fuit
1039 2216 1215 2257 appellatus;
1227 2216 1478 2257 quemadmodum
1497 2215 1620 2247 historia
1634 2217 1710 2247 reli-

883 2258 977 2299 giosa,
994 2269 1060 2290 cum
1082 2260 1196 2291 caeteris
1220 2261 1351 2292 historiis
1375 2260 1585 2292 ecclesiasticis
1609 2261 1709 2292 tradit.

884 2304 1007 2343 Magnus
1024 2308 1123 2335 autem
1147 2305 1271 2336 thronus
1295 2305 1347 2337 ille
1367 2304 1649 2345 Constantinopolis,
1676 2314 1711 2337 re

23 2353 178 2392 ΙΙειρινθίοις
205 2352 377 2390 ὑποκείμενος
414 2351 558 2392 (Πείρινθος
574 2350 601 2379 δέ
626 2351 696 2379 ἐστιν
724 2352 742 2385 ἡ
777 2348 990 2388 δυτι-ϐρθτίιθι

931 2348 997 2379 riter
1019 2358 1053 2380 ac
1081 2349 1203 2380 nomine
1226 2350 1366 2388 famosus,
1382 2349 1545 2382 Perinthiis
1557 2349 1711 2389 subjectus

22 2399 57 2433 κή
86 2396 242 2437 Ἠράοιλεια)
287 2396 369 2425 ἐτέλει
399 2396 450 2424 ὑπὸ
489 2395 643 2426 ἐπίσκοπον.
687 2394 767 2424 Οὸπω
794 2396 844 2435 γὰρ

24 2441 204 2482 μεγαλόπολις
239 2442 257 2476 ἡ
292 2440 568 2474 Κωνσταντινούπολις
596 2440 759 2478 ὠνομάζετο.
775 2440 845 2472 ἀλλὰ

23 2487 177 2527 πολίχνιον,
204 2487 249 2515 καὶ
276 2486 426 2522 Βυζάντιον.
465 2484 683 2525 Μετενεχθὲντων
712 2485 745 2527 δὲΔ
765 2488 817 2514 τῶν
834 2493 841 2499 ”

24 2524 166 2571 σκήπτρων
193 2534 243 2565 τῆς
272 2530 406 2569 βασιλείας
434 2530 487 2559 ἀπὸ
515 2524 570 2564 τῆς
586 2529 701 2562 παλαιᾶς
738 2524 844 2567 Ῥώμης

24 2576 50 2604 ἐν
71 2577 151 2615 αὐτῇ,
167 2577 233 2604 κατὰ
246 2577 317 2604 θείαν
344 2576 387 2603 καὶ
412 2574 561 2614 ἀπόῤῥητον
589 2574 729 2614 Πρόνοιαν,
752 2575 789 2606 ὡς
817 2573 844 2607 ἐξ

24 2620 173 2660 ἀγριελαιου
188 2621 224 2652 εἰς
254 2619 434 2658 καλλιέλαιον,
466 2620 480 2647 ὁ
495 2619 556 2647 τότε
578 2618 773 2659 ἀρχιερατεύων
794 2618 842 2653 τῆς

25 2664 184 2698 Ἐκκλησίας
207 2668 254 2693 τοῦ
280 2664 398 2693 τοιούτου
432 2663 523 2704 θρόνου
553 2662 628 2702 ἅγιος
659 2662 843 2702 Μετροφάνης,

25 2710 49 2743 ἒξ
64 2710 210 2738 ἐπισκόπου
244 2709 436 2747 μετωνομάσθη
472 2707 692 2748 ἀρχιεπίσκοπος.
724 2707 774 2735 Διὰ
795 2707 845 2746 γὰρ

26 2758 102 2783 τοῦτο
116 2754 160 2782 καὶ
193 2754 212 2788 ἡ
239 2753 332 2793 πρώτη
360 2753 422 2792 ἁγία
450 2751 619 2790 οἶκουμενική
645 2750 750 2783 σύνοδος
779 2762 846 2789 μνη-

27 2799 174 2836 μονεύσασα
188 2799 292 2827 καὶτοῦ
326 2798 417 2837 θρόνου
450 2799 500 2830 τῆς
527 2795 844 2836 ιζωνοταντινουπόλειυς³

304 2858 433 2891 meL.
452 2857 508 2890 Gn.
525 2856 629 2888 CXIX.

887 2392 946 2433 (est
959 2396 1057 2424 autem
1072 2393 1242 2430 Perinthus,
1261 2394 1455 2425 occidentalis
1469 2394 1624 2435 Heraclea)
1641 2394 1709 2434 epi-

885 2446 976 2477 scopo
992 2437 1261 2478 parebat.Necdum
1277 2439 1357 2469 enim
1373 2438 1445 2469 urbs
1456 2438 1622 2477 magna,vel
1634 2438 1710 2470 Con-

886 2481 1092 2522 stantinopolis
1107 2482 1321 2524 appellabatur;
1332 2483 1384 2514 sed
1395 2482 1538 2524 oppidum
1557 2486 1585 2513 et
1599 2482 1708 2523 Byzan-

886 2526 957 2556 tium
975 2525 1047 2557 Cum
1062 2530 1160 2558 autem
1180 2526 1299 2567 imperii
1315 2532 1432 2568 sceptra
1446 2536 1482 2558 ex
1494 2527 1586 2558 veteri
1601 2526 1706 2564 Roma,

884 2570 982 2601 divina
1011 2574 1040 2601 et
1067 2570 1209 2602 ineffabili
1250 2571 1458 2609 Providentia,
1499 2576 1640 2612 tanquam
1673 2579 1708 2601 ex

886 2615 1013 2645 oleastro
1028 2614 1058 2644 in
1072 2615 1189 2656 olivam,
1206 2616 1265 2647 huc
1279 2616 1418 2647 translata
1427 2616 1562 2654 fuissent;
1573 2615 1623 2656 qui
1637 2619 1709 2645 tunc

886 2658 1036 2699 pontiﬁcis
1050 2668 1116 2690 cum
1132 2660 1306 2691 auctoritate
1325 2661 1431 2691 throno
1460 2660 1548 2700 hujus
1573 2658 1708 2690 ecclesiae

887 2706 1021 2744 praeerat,
1046 2709 1167 2735 sanctus
1192 2704 1242 2735 ille
1265 2705 1485 2745 Metrophanes,
1502 2713 1537 2734 ex
1554 2702 1707 2744 episcopo,

886 2749 1007 2779 nomine
1022 2751 1146 2786 mutato,
1163 2753 1282 2780 vocatus
1296 2749 1351 2780 fuit
1365 2748 1618 2789 archiepiscopus.
1635 2747 1708 2778 Ete-

888 2791 949 2823 nim
978 2792 1089 2823 idcirco
1119 2792 1216 2833 prima
1244 2798 1345 2824 sancta
1366 2793 1496 2833 synodus
1517 2791 1706 2832 universalis,

1469 2853 1506 2885 37
