1917 3080
205 118 284 151 “63

883 122 948 153 JUS
971 118 1196 153 CANONICUM

1822 117 1888 150 1164

205 186 357 218 mentione
372 186 470 218 throni
488 185 806 227 Constantinopolitani
821 188 906 226 facta,
923 189 962 219 Rc

1156 201 1174 216 ;ν
1190 190 1257 227 αὔτῇ
1279 190 1312 218 τὰ
1338 188 1467 229 πρεσόεῗα
1501 190 1549 224 τῆς
1571 189 1687 222 παλαιᾶς
1715 184 1839 226 Ῥώμης,
1856 186 1889 213 διὰ

204 231 316 262 veteris
331 231 373 262 illi
389 231 547 262 honoraria
559 231 628 272 jura
649 232 764 271 tribuit,
778 237 935 273 propterea
950 233 1027 274 quod

206 279 286 307 esset
307 276 351 316 (ut
365 275 459 316 ipsius
472 275 572 307 verbis
586 277 662 316 utar)
675 277 770 309 Roma
785 287 876 308 nova:
888 278 1029 319 quemad-

206 320 329 351 modum
353 321 417 352 haac
443 321 574 352 secundo
604 325 632 352 et
661 323 746 353 tertio
771 322 873 362 synodi
893 323 1027 362 ejusdem

206 374 320 396 canone
341 365 540 396 declarantur.
557 365 596 397 Ut
622 371 721 397 autem
747 366 844 398 bonus
869 367 953 408 ordo,
979 376 1028 398 res

206 409 340 441 omnium
373 409 591 449 pulcherrima,
620 410 651 441 in
681 411 881 443 Ecclesiarum
909 421 1027 452 quoque

206 453 352 495 capitibus
371 454 506 495 periude,
530 459 675 493 servetur,
697 459 785 496 atque
807 456 981 487 caelestibus
996 456 1026 487 in

207 499 375 537 ordinibus,
392 498 492 530 divina
514 502 544 530 et
569 499 744 531 universalis
771 505 872 532 sancta
886 501 1025 541 synodus,

206 544 238 575 in
252 543 356 575 Trulla
372 543 494 584 majoris
521 543 621 584 palatii
649 549 761 585 coacta,
788 555 854 586 quae
882 545 984 586 quinta
999 549 1028 576 et

207 592 288 620 sexta
302 588 425 628 dicitur,
438 588 504 620 haec
518 588 638 619 disertis
653 589 750 620 verbis
765 589 907 621 decrevit.

247 632 440 664 Renovantea
460 641 507 674 ea,
528 642 597 673 qua:
621 643 639 663 a
662 638 781 665 centum
807 635 1032 675 quinquaginta

207 678 321 709 sanctis
332 677 492 715 Patribus,
503 678 536 708 in
553 678 702 709 custodita
710 678 860 710 divinitus
866 683 893 711 et
903 680 1032 720 impera-

210 723 291 753 toria
299 721 374 753 urbe
380 723 593 761 congressis,et
602 731 621 753 α
630 726 781 754 sexcentis
791 733 826 755 ac
837 725 1031 764 triginta,qui

210 766 1027 807 Chalcedoneconvenerunt,sancitasunt:deccmtmus,
1040 775 1060 801 Β
1071 767 1098 795 ἓν

207 816 243 842 ut
253 811 380 842 thronus
388 811 674 851 ConstantinOpolis
682 812 848 852 aequalibus
857 813 1030 845 honerariis

209 856 337 895 fruatur
342 856 459 892 furibus
465 855 571 895 quibus
578 855 792 888 velert'sRomce
799 857 1030 898 thronusmtque

205 909 313 941 parem
318 909 386 931 cum
391 899 445 931 ιιιο
453 900 658 932 ecclesiasticis
663 903 694 932 in
700 901 785 933 rebus
799 902 1029 943 amplitudinem

211 945 355 983 obtineat,
365 948 394 976 et
406 945 445 976 ab
458 945 513 976 illo
520 946 674 977 secundus
683 946 724 978 sit
736 955 743 978 :
758 951 829 986 post
842 957 944 986 quam,
960 956 1028 978 ma-

209 999 277 1030 gno:
290 989 378 1021 urbis
390 989 607 1021 Alexandrina
613 990 739 1021 thronus
753 993 1029 1023 numereturzdein-

210 1035 258 1076 de,
274 1034 481 1066 Antiochenua
499 1045 507 1065 :
524 1038 552 1066 et
565 1038 633 1075 post
646 1035 735 1075 hunc,
753 1036 838 1067 urbis
852 1037 1028 1078 Hierosoly-

208 1081 333 1111 mitamn
348 1079 648 1119 thronus.Propterea
661 1079 825 1111 secundum
833 1080 874 1118 id,
884 1081 961 1121 quod
974 1081 1030 1113 hoc

208 1133 322 1155 canone
337 1123 518 1162 continetur,
534 1133 569 1154 ex
584 1133 620 1155 eo
633 1128 769 1164 tempore
784 1125 843 1155 huc
858 1135 1032 1165 usque,san-

209 1169 410 1200 ctissimorum
437 1170 561 1200 istorum
584 1169 716 1209 quinque
743 1169 883 1200 soliorum
911 1179 1032 1210 magnos

208 1213 366 1254 pontifices
380 1223 433 1254 per
447 1213 551 1244 orbem
563 1213 731 1244 universum
743 1213 798 1244 hoc
806 1215 895 1244 modo
905 1224 1031 1245 venera-

210 1258 408 1289 mur.Etenim
423 1258 505 1298 juxta
518 1267 601 1299 papa;
609 1257 718 1289 veteris
729 1257 830 1289 Romae
841 1259 878 1289 ab
889 1258 1030 1291 Ecclesiis

209 1302 363 1341 abscissio,
381 1302 506 1333 minime
526 1302 662 1333 ordinem
688 1302 863 1333 canonicum
889 1302 1027 1335 abolevit.

210 1349 359 1379 Praeterea
382 1347 497 1388 primus
520 1347 662 1378 adversus
687 1347 851 1379 secundum
881 1357 946 1379 sese
970 1358 1029 1379 non

210 1392 307 1428 eﬂ'ert,
337 1401 434 1432 neque
461 1391 612 1423 secundus
639 1391 779 1423 adversus
805 1392 923 1423 tertium
950 1393 1029 1424 :sed

209 1445 278 1468 cum
291 1437 382 1467 instar
395 1436 526 1476 quinque
541 1445 680 1467 sensuum
696 1436 800 1476 capitis
815 1437 903 1467 unius
914 1437 978 1477 (qui
990 1442 1030 1470 tot

1068 234 1098 261 τὸ
1114 233 1185 262 εἶναι
1207 234 1304 268 ταύτην
1320 234 1408 274 (φησὶ)
1435 234 1495 263 νέαν
1526 230 1643 274 Ῥώμην,
1679 235 1767 265 καθὼς
1798 232 1890 265 δηλοῦ-

1068 288 1111 305 ται
1138 278 1170 305 τὰ
1204 279 1263 318 περῖ
1297 279 1389 307 τούτου
1417 279 1470 307 ἀπὸ
1505 283 1551 308 τοῦ
1583 278 1701 318 δευτέρου
1737 279 1782 306 καὶ
1811 276 1890 315 trs-{tm

1069 322 1177 354 κανόνος
1193 325 1242 356 τῆς
1258 325 1339 357 αὖτῆς
1354 322 1472 353 συνόδου.
1492 319 1554 352 υΙναι
1567 322 1595 351 δὲ
1616 325 1647 352 τὸ
1668 322 1816 351 κάλλιστον
1829 322 1889 360 χρῆ-

1068 377 1106 403 μα
1139 369 1189 400 τῆς
1215 366 1333 400 εὐταξίας
1362 369 1406 396 καὶ
1441 369 1477 399 εἱς
1499 368 1545 401 τὰς
1578 367 1696 408 κεφαλὰς
1727 366 1888 406 φυλάττηται

1067 413 1120 439 τῶν
1137 409 1316 452 Ἐκκλησιῶν,
1332 412 1421 452 ὥσπερ
1435 413 1479 440 καὶ
1507 413 1543 444 εἰς
1563 413 1596 440 τὰ
1620 413 1727 452 οὖράνια
1755 411 1887 450 τάγματα,

1067 455 1160 495 ὥρισεν
1183 457 1210 485 ἐν
1235 461 1273 495 τῷ
1302 457 1427 497 Τρούλλῳ
1456 461 1503 486 τοῦ
1531 457 1648 497 μεγάλου
1683 457 1818 486 παλατίου
1848 467 1889 483 au-

1067 504 1150 529 στᾶσα
1190 502 1245 531 θεία
1270 503 1313 530 καὶ
1342 503 1510 540 οἰκουμενική
1545 503 1607 541 ἁγία
1646 501 1766 539 σύνοδος1
1800 501 1818 534 ἡ
1852 500 1888 527 τιιὶ

1070 545 1198 579 πενθέκτη
1213 545 1357 586 λεγομένη,
1373 551 1455 575 ταῦτα
1468 547 1567 586 ῥητῶς.

1115 645 1130 661 ι
1147 633 1343 674 Ἀνανεούμενοι
1384 637 1416 664 τὰ
1441 636 1511 676 παρᾶ
1533 639 1586 664 τῶν
1617 631 1657 674 ρν’
1700 636 1786 675 ἁγίων
1816 634 1893 662 Πατέ-

1073 689 1135 716 ρων,
1171 682 1224 707 τῶν
1251 680 1279 708 έν
1305 683 1339 718 τῇ
1374 680 1542 720 θεοφυλάκτῳ
1581 682 1625 709 καὶ
1665 679 1782 718 βασιλίδι
1818 679 1889 706 πόΛει

1071 722 1256 762 συνελθόντων,
1288 726 1332 752 καὶ
1373 727 1426 752 τῶν
1465 724 1605 757 ἑξακοσίων
1651 725 1796 764 τριάκοντα
1844 725 1891 750 τιῖνσ

1175 768 1324 802 Χαλκηδόνι
1391 769 1566 798 συνελθόντων
1639 768 1870 807 νενομοθετημένα
1884 774 1890 780 ”

1072 812 1203 851 ὁρίζομεν,
1259 813 1327 842 ὥστε
1382 814 1428 842 τὸν
1484 816 1534 847 τῆς
1591 813 1891 842 Κωνσταντινουπόλειικ

1070 857 1160 895 θρόνον
1201 860 1255 885 τῶν
1295 857 1362 885 ἴσων
1403 857 1543 887 ἀπολαύειν
1585 857 1729 897 πρεσϐείων
1764 861 1813 886 τοῦ
1849 859 1892 889 τῆς

1071 899 1244 940 πρεσϐυτέρας
1276 897 1380 940 ίΡώμης
1407 903 1508 942 θρόνου,
1546 903 1590 931 καὶ
1627 903 1654 931 ἐν
1700 903 1761 934 τοῖς
1795 901 1892 934 ἐπαλη-

1071 953 1221 978 σιαστικοϊς
1264 947 1300 978 ὡς
1349 946 1452 976 ἐκεῖνον
1500 947 1689 986 μεγαλύνεσθαι
1743 947 1892 986 πράγμασι,

1071 989 1190 1030 δεύτερον
1218 990 1277 1029 μετ’
1319 991 1421 1021 ἐκεῖνον
1459 992 1614 1032 ὑπάρχοντα
1632 1002 1639 1008 ·
1673 991 1730 1030 μεθ’
1753 992 1786 1019 ὃν
1808 993 1822 1019 ὁ
1850 993 1893 1023 τῆς

1071 1034 1265 1075 Ἀλεξανδρείας
1317 1036 1523 1075 μεγαλοπόλεως
1577 1037 1735 1076 ἀριθμείσθω
1776 1035 1868 1076 θρόνος
1885 1045 1891 1052 '

1071 1079 1131 1107 εἶτα
1175 1081 1223 1113 τῆς
1238 1081 1291 1108 τῶν
1313 1080 1475 1121 Ἀντιοχέων
1489 1091 1497 1099 ⁸
1523 1083 1567 1110 καὶ
1596 1082 1663 1118 μετὰ
1688 1086 1796 1121 τοότον,
1819 1082 1834 1108 ὁ
1848 1082 1893 1112 τῆς

1071 1127 1124 1151 τῶν
1154 1119 1369 1163 Ἱεροσολυμιτῶν
1403 1125 1519 1157 πόλεως,
1562 1127 1609 1154 Διὸ
1654 1126 1698 1154 καὶ
1747 1125 1819 1153 κατὰ
1849 1126 1892 1156 τὴν

1071 1168 1161 1196 τούτου
1176 1168 1330 1208 περιληψιν,
1359 1169 1451 1198 ἔκτοτε
1486 1171 1528 1198 καὶ
1555 1170 1636 1210 μέχρι
1664 1173 1711 1198 τοῦ
1740 1173 1786 1198 νῦν
1810 1171 1833 1197 οἱ
1846 1171 1892 1196 run

1071 1213 1195 1241 τοιούτων
1222 1214 1300 1242 πέντε
1335 1214 1490 1253 ἁγιωτάτων
1528 1215 1626 1254 θρόνων
1655 1213 1768 1253 μεγάλοι
1800 1214 1893 1253 ἀρχιε-

1072 1263 1129 1295 ρεῖς
1143 1257 1212 1286 οὕτω
1241 1258 1308 1286 κατὰ
1336 1261 1422 1286 πᾶσαν
1455 1259 1506 1293 τὴν
1541 1258 1699 1297 οἰκουμένην
1728 1257 1893 1293 σεϐάζονται.

1068 1304 1120 1330 Τοῦ
1149 1301 1199 1341 γὰρ
1226 1302 1301 1332 πάπα
1336 1303 1383 1336 τῆς
1413 1302 1528 1334 παλαιᾶς
1559 1299 1664 1340 Ῥώμης
1691 1303 1709 1336 ἡ
1745 1301 1836 1330 δικαία
1870 1302 1895 1329 ὲκ

1068 1348 1121 1372 τῶν
1150 1344 1316 1379 Ἐκκλησιών
1357 1346 1472 1385 ἐκκοπὴ,
1515 1348 1565 1381 τὴν
1607 1347 1751 1380 κανονικὴν
1779 1346 1894 1378 ἐπαξίαν

1069 1389 1116 1417 οὒκ
1131 1389 1293 1428 ἐλυμήνατο.
1310 1392 1383 1431 Παρὰ
1410 1396 1487 1421 τοῦτο
1511 1390 1550 1431 δὲ,
1575 1395 1622 1419 τοῦ
1649 1390 1770 1430 δεύτέρου
1783 1392 1799 1418 ὁ
1822 1393 1892 1429 πρῶ-

1070 1445 1115 1466 τος
1130 1435 1160 1463 οὗ
1186 1436 1383 1475 κατεπαίρεται,
1413 1435 1471 1464 063%
1501 1441 1546 1465 τοῦ
1574 1438 1660 1476 τρίτου
1696 1437 1710 1463 ὁ
1748 1435 1891 1475 δεύτερος·

212 1489 278 1511 esse
302 1489 427 1511 numero
451 1480 601 1518 dicuntur,
627 1489 682 1512 nec
696 1480 868 1512 dividuntur
883 1484 969 1513 tamen

1152 1479 1188 1512 ὡς
1216 1480 1349 1515 αἰσθήσεις
1378 1480 1455 1508 πέντε
1490 1484 1554 1518 μιᾶς
1582 1479 1700 1520 κεφαλῆς
1730 1480 1896 1518 ἀριθμούμε-

210 1525 321 1565 partes)
334 1524 412 1565 apud
428 1524 568 1565 populum
593 1525 793 1557 Christianum
805 1525 1034 1563 habeantur,di-

1076 1534 1117 1550 ναι
1131 1525 1174 1551 καὶ
1201 1525 1240 1561 μὴ
1267 1527 1445 1564 μεριζόμεναι,
1476 1525 1547 1564 παρὰ
1573 1529 1612 1562 τῷ
1640 1525 1826 1564 χριστωψῦμῳ
1846 1524 1898 1561 λαῷ

210 1569 322 1609 gnitate
345 1568 538 1600 nihilominus
563 1579 649 1610 pares
671 1574 740 1600 sunt
764 1570 795 1600 in
820 1570 958 1601 omnibus

1141 1568 1251 1609 ζύμενοι,
1280 1569 1410 1607 ἰσοτιμίαν
1438 1569 1465 1597 ἐν
1495 1569 1592 1598 ἅπασιν
1626 1569 1731 1609 ἔχουσι,
1760 1570 1810 1597 καὶ
1824 1570 1898 1608 κάραι

212 1623 280 1644 cum
296 1613 394 1654 capita
408 1617 578 1645 sanctarum
594 1623 646 1654 per
661 1615 829 1645 universam
853 1614 956 1646 orbem
976 1616 1034 1648 Ec-

213 1657 373 1689 clesiarum
388 1657 443 1688 Dei
461 1658 529 1698 jure
544 1658 690 1696 dicantur,
707 1658 803 1689 locum
821 1657 851 1689 in
867 1659 909 1689 eis
924 1659 1032 1692 discri-

212 1712 282 1733 men
297 1701 333 1733 ab
349 1702 520 1734 hominibus
543 1707 683 1734 statutum
707 1702 818 1734 habere
833 1712 892 1734 non
908 1709 1005 1744 potest
1021 1715 1029 1738 :

211 1756 309 1788 neque
324 1747 362 1778 de
386 1747 534 1779 sententia
559 1747 754 1788 quorumdam
777 1757 837 1778 non
853 1748 949 1787 magni
965 1759 1030 1780 mo-

211 1792 304 1823 menti
318 1801 368 1823 res
381 1791 581 1830 efferentium,
607 1801 689 1832 papa:
712 1791 845 1822 Romano
874 1797 1031 1833 propterea

212 1836 244 1867 ﬁt
259 1836 377 1876 injuria,
394 1837 474 1876 quod
489 1835 553 1876 ipse
569 1839 693 1876 propter
717 1835 843 1867 litteram
868 1835 893 1866 Β
916 1837 990 1878 (57),
1008 1841 1034 1872 si

210 1881 374 1912 litterarum
389 1880 577 1912 collationem
593 1880 799 1920 respiciamus,
817 1880 920 1911 tertius
935 1880 967 1912 in
981 1891 1032 1913 or-

211 1925 282 1956 dine
297 1925 357 1963 sit;
372 1928 401 1956 et
423 1924 528 1955 eadem
552 1924 668 1956 ratione
692 1924 1032 1965 Constantinopolitanus

209 1978 266 2010 per
279 1970 300 2001 C
315 1969 442 2000 litteram
458 1969 668 2006 honoretur,ac
679 1969 807 2009 priorem
819 1969 916 2000 locum
929 1979 1030 2001 conse-

213 2016 329 2054 quatur.
345 2014 408 2045 Nec
424 2013 580 2044 offensioni
610 2017 711 2053 aperta
731 2013 862 2044 fenestra
886 2014 941 2044 fuit
954 2014 1033 2045 inter

1074 1614 1127 1640 τῶν
1147 1613 1214 1641 κατὰ
1242 1615 1328 1642 πᾶσαν
1357 1614 1405 1647 τὴν
1433 1614 1590 1651 οἰκουμένην
1618 1613 1699 1652 ἁγίων
1727 1612 1901 1646 Ἐκκλησιῶν

1073 1660 1120 1685 τοῦ
1154 1660 1219 1684 Θεοῦ
1240 1655 1345 1690 δικαίως
1373 1657 1541 1697 καλούμενοι,
1578 1656 1702 1696 διαφορὰν
1730 1653 1914 1710 ἆνθριιγπίνηγί

1090 1699 1098 1710 9
1164 1701 1170 1710 Ι
1359 1700 1396 1710 ‘h‘
1489 1702 1495 1709 ι
1634 1700 1644 1710 Ὶ
1660 1701 1665 1709 1
1770 1702 1777 1710 ο
1845 1702 1851 1710 1

1073 1699 1103 1741 οὔ
1136 1701 1284 1741 πάσχουσιν
1304 1710 1311 1718 ⁸
1342 1700 1400 1730 οὒδὲ
1434 1702 1503 1730 κατὰ
1537 1700 1742 1740 σμικρολόγους,
1766 1702 1783 1729 ὁ
1811 1702 1902 1733 πάπας

1074 1739 1179 1782 (Ρώμης
1193 1739 1364 1785 νῦϐριοπαθεῖ,
1381 1746 1422 1774 ὅτι
1438 1747 1516 1779 αὐτὸς
1536 1746 1584 1784 μὲν
1599 1745 1641 1774 διὰ
1667 1739 1714 1774 τοῦ
1729 1750 1748 1774 Ρ
1763 1748 1903 1786 στοιχείοδ

1071 1799 1159 1827 τριτος
1192 1792 1226 1828 τῇ
1253 1790 1320 1818 Θέσει
1357 1801 1409 1818 των
1447 1791 1611 1831 γραμμάτων
1646 1791 1902 1830 κατεστοιχείωται,

1075 1833 1089 1860 ὁ
1115 1833 1142 1861 δὲ
1171 1834 1472 1868 Κωνσταντινουπόλεως
1498 1834 1540 1863 διὰ
1568 1835 1614 1863 τοῦ
1655 1839 1675 1864 Κ
1706 1838 1822 1873 τιμᾶται
1862 1837 1903 1863 καὶ

1074 1878 1267 1917 προτερεύεται.
1305 1879 1368 1908 Οωὲ
1397 1879 1542 1908 σκανδάλου
1570 1878 1683 1919 πάροδος
1719 1890 1822 1918 γεγονε
1855 1881 1903 1918 μέ-

1073 1933 1119 1950 σον
1133 1922 1178 1951 τοῦ
1206 1922 1399 1963 Ἀλεξανδρείας
1442 1925 1486 1953 καὶ
1527 1927 1573 1952 τοῦ
1598 1923 1782 1964 Ἀντιοχείας,
1823 1926 1902 1965 χάριν

1071 1971 1117 1996 τοῦ
1143 1967 1212 2008 ἄλφα
1238 1970 1381 2010 στοιχείου,
1413 1971 1449 2002 ὡς
1471 1970 1581 1998 ἑκάστου
1621 1970 1707 1997 αὔτῶν
1748 1969 1902 2008 ἱδιωμένον

1073 2013 1118 2040 τὸν
1133 2012 1270 2052 πρότερον·
1293 2013 1352 2041 ἀλλ’
1375 2014 1464 2054 ὥσπερ
1491 2015 1509 2048 ἡ
1534 2014 1631 2045 πεντὰς
1665 2017 1718 2041 τῶν
1745 2014 1900 2050 αἰσθήσεων

211 2057 444 2089 Alexandrinum
461 2062 490 2088 et
503 2057 733 2096 Antiochenum,
751 2057 881 2097 proterA
893 2058 968 2089 litter

1144 2063 1182 2096 ξεῖ
1201 2060 1236 2095 τῇ
1249 2057 1387 2086 δια-πλάσει
1419 2061 1465 2087 τοῦ
1486 2059 1674 2099 ἀρχιτέκτονος
1697 2059 1742 2086 καὶ
1779 2058 1901 2088 πλάστου

210 2102 289 2133 velut
305 2111 408 2133 eorum
424 2101 559 2142 quolibet
580 2102 676 2133 locum
699 2101 757 2132 sibi
782 2101 910 2142 priorem
933 2103 967 2133 vii

1142 2125 1150 2141 ,
1166 2101 1210 2129 καὶ
1224 2103 1254 2130 οὖ
1268 2103 1425 2143 κατατρέχει
1454 2104 1537 2143 τυχὸν
1565 2104 1583 2136 ἡ
1612 2102 1701 2142 ὅρασις
1727 2105 1778 2136 τῆς
1794 2104 1898 2144 ὀσφρή-

210 2150 312 2178 cante:
330 2146 381 2177 sed
397 2138 648 2188 quemadmodum
657 2138 810 2187 quinarius
820 2146 870 2177 ille
879 2156 967 2178 sensu

1143 2138 1151 2181 ζ
1168 2145 1226 2173 οὐδὲ
1238 2146 1256 2180 ὴ
1271 2146 1340 2181 ἀκοὴ
1352 2138 1357 2142 1
1369 2138 1418 2181 τῆς
1446 2138 1515 2187 ἁφῆἶς
1540 2148 1584 2176 καὶ
1619 2138 1668 2180 τῆς
1697 2138 1899 2188 γεύσεως,υδτι

210 2191 367 2222 architecti
380 2195 410 2222 et
425 2190 588 2222 conditoris
606 2191 659 2222 Dei
673 2191 843 2222 formationi
858 2200 967 2232 respon

1161 2190 1230 2227 ἡμῖν
1266 2190 1334 2218 οὕτω
1361 2203 1417 2224 πως
1443 2192 1615 2230 ὀνομάζονται
1631 2199 1639 2206 ·
1670 2190 1754 2223 οὕτως
1786 2191 1847 2220 ὠδέ
1862 2203 1899 2223 τις

212 2245 268 2267 nec
284 2240 423 2277 aspectus
437 2235 527 2276 (verbi
543 2236 647 2276 gratia)
661 2235 829 2272 odoratum,
846 2244 902 2266 nec
915 2235 969 2266 aud

1142 2234 1295 2273 ἁγιωσάτων
1327 2239 1498 2276 πατριαρχῶν
1531 2236 1561 2263 ἐκ
1586 2238 1639 2263 τῶν
1665 2235 1742 2263 θείων
1778 2237 1899 2265 κανόνων

211 2285 320 2313 tactum
345 2281 391 2312 vel
416 2284 562 2321 gustatum
585 2281 731 2312 hostiliter
755 2289 819 2311 eam
845 2280 883 2311 ob
913 2290 968 2312 cau

1141 2290 1154 2305 ν
1182 2277 1386 2318 κληρωσάμενος
1428 2281 1566 2320 πρότερον,
1606 2279 1653 2308 τοῦ
1695 2278 1823 2320 δευτέρω
1859 2283 1897 2309 καὶ

211 2326 336 2366 invadit,
351 2326 432 2367 quod
443 2335 549 2357 eorum
560 2326 681 2357 nomina
691 2325 767 2356 forte
776 2324 824 2356 tali
834 2325 912 2356 serie
922 2334 939 2356 a
948 2335 966 2356 n

958 2325 1032 2356 )obis
1073 2328 1120 2352 τοῦ
1134 2321 1192 2361 μετ’
1207 2324 1284 2352 αὑτὸν
1299 2325 1335 2356 ὡς
1356 2325 1506 2365 ὑπερφέρων
1521 2324 1715 2360 ἀλαζονεόεται,

212 2366 400 2411 proferantur
416 2380 423 2402 :
436 2371 479 2402 ita
494 2381 549 2402 nec
563 2370 814 2403 sanctissimorum
831 2370 1065 2411 patriarcharum
1079 2366 1196 2408 aliquis,
1213 2367 1260 2398 cui
1273 2377 1327 2408 per
1341 2368 1455 2400 divinos
1469 2377 1599 2400 canones
1610 2367 1724 2409 primus
1735 2369 1896 2401 attributus

212 2419 257 2447 est
271 2415 364 2454 locus,
382 2416 524 2447 adversus
538 2416 716 2456 secundum,
734 2419 762 2446 et
777 2414 942 2454 proximum
958 2414 995 2445 ad
1011 2415 1079 2450 hoc,
1094 2415 1265 2452 arroganter
1279 2417 1373 2444 semet
1388 2415 1482 2446 effert.

252 2459 326 2497 Quia
342 2469 411 2492 vero
427 2460 564 2492 nonnulli
577 2460 755 2499 dicunt,non
771 2469 835 2490 esse
851 2459 1009 2499 permissul

1137 2457 1185 2485 insi
1199 2456 1226 2485 δέ
1240 2469 1308 2490 τινες
1322 2457 1453 2499 λέγουσιν,
1482 2460 1518 2492 ὡς
1548 2461 1594 2489 οὒκ
1618 2459 1722 2499 ἐφεῖται
1748 2463 1789 2497 τῷ
1819 2460 1894 2490 Ἀλε-

211 2504 413 2536 Alexandrino
425 2505 470 2536 vel
485 2505 683 2542 Antiocheno,
700 2503 783 2535 verbi
798 2503 901 2543 gratia,
918 2508 968 2534 uti

1138 2502 1202 2533 ›είας
1232 2501 1249 2536 ἢ
1271 2506 1309 2540 τῷ
1345 2503 1509 2544 ’Λντιοχείας
1536 2504 1630 2544 τυχὸν,
1660 2504 1729 2541 μετᾶ
1758 2503 1895 2543 λαμπάδος

212 2549 349 2590 lampade
365 2549 410 2581 vel
421 2549 484 2580 face
501 2549 691 2590 patriarchali
714 2548 804 2579 faciat
817 2547 857 2578 ite
872 2548 908 2578 ad
925 2547 969 2578 url

1138 2548 1270 2586 ιιαρχικῆς
1288 2547 1336 2579 τὰς
1351 2546 1499 2588 ὁδοιπορίας
1527 2548 1617 2576 ποιεῖν
1639 2548 1676 2579 εἷς
1701 2548 1752 2582 τὴν
1774 2552 1831 2577 τῶν
1846 2551 1895 2578 πό-

212 2593 448 2634 imperatoriam,
469 2595 516 2625 vel
544 2593 576 2624 in
600 2593 687 2625 aliam
710 2591 876 2630 dioecesin;
899 2601 969 2623 exce

1160 2590 1359 2630 βασιλεύουσαν,
1380 2593 1397 2627 ἢ
1427 2594 1462 2625 είς
1489 2593 1579 2632 ἑτέραν
1607 2592 1748 2631 διοίκησιν,
1766 2595 1840 2634 παρᾶ
1854 2595 1898 2626 τας

211 2637 270 2668 illis
299 2638 468 2678 provinciis,
485 2647 552 2679 quae
575 2647 629 2679 per
657 2646 786 2669 canones
813 2636 856 2667 eis
883 2636 968 2668 attrih

1141 2635 1282 2673 εμηθεσίας
1296 2636 1349 2665 ἀπὸ
1389 2640 1442 2666 τῶν
1479 2637 1597 2666 κανόνων
1635 2638 1738 2669 αὐτοῖς.
1780 2634 1813 2666 Ἡ
1850 2639 1898 2677 γὰρ

870 2720 1000 2753 VARUE
1014 2718 1230 2753 LECTIONES.

255 2803 316 2845 (57)
331 2804 403 2841 Qua
418 2804 514 2846 prima
528 2808 574 2836 est
587 2804 619 2843 in
632 2802 775 2835 vocabulo
788 2801 902 2834 Romae.
