1917 3080
46 124 122 157 1165

710 126 1060 160 ϐΒᾸῧϐΟαΗΟΜΑΝΗΜ.

1648 131 1726 164 1166

43 192 151 232 λαμπὰς
187 198 234 222 τοῦ
268 193 461 232 διδασκαλικοῦ,
486 195 575 234 φασὶν,
604 193 673 221 ἐστὶν
701 193 858 230 ἀξιώματος.

948 197 982 223 ιι.
999 193 1117 234 Quippe
1142 193 1199 231 fax,
1225 194 1373 235 inquiunt,
1389 195 1425 227 ad
1441 196 1569 228 oi'ﬁcium
1594 196 1728 228 doctoris

44 237 108 277 Παρ’
145 238 246 278 ἐνορίαν
281 238 308 266 δὲ
343 238 472 267 διδάσκειν
508 241 555 268 οὒκ
594 238 696 278 ἐφεῖται
731 238 862 277 ἀρχιερεῖ,

43 283 110 311 κατὰ
124 284 169 311 τὸν
184 278 212 312 κ’
251 284 348 312 κανόνα
377 287 426 318 τῆς
447 283 474 311 ἐν
508 284 545 321 τῷ
574 282 696 323 Τρούλλῳ
724 283 800 321 ἁγίας
821 283 865 310 καὶ

42 328 226 365 οἷκουμενικῆς
259 329 339 362 ἕκτης
380 327 498 359 συνόδου,
529 329 578 357 Καὶ
618 329 654 358 εἷς
695 327 864 355 ἒπισύστασιν

41 370 117 404 δῆθεν
132 376 178 401 τοῦ
197 372 277 412 λόγου
301 374 397 411 αὐτῶν,
422 374 466 401 καὶ
497 379 556 405 τοῖς
583 371 767 412 εὐαγγελικοῖς
798 371 863 400 ἄπο-

40 417 160 455 χρῶνται
194 417 305 456 ῥήμασι,
337 418 381 446 καὶ
408 417 513 456 λέγουσι
533 428 540 435 ·
571 417 710 454 Δαμψάτω
741 417 772 444 τὸ
807 419 862 455 φῶς

40 461 114 497 ὑμῶν
150 460 294 500 ἔμπροσθεν
337 464 389 490 τῶν
445 462 599 500 ἀνθρώπων.
646 460 860 500 ’Λκουσάτωσαν,

40 505 77 536 ὡς
99 506 124 533 σί
145 506 267 543 βασιλεῖς
291 507 335 534 καὶ
361 508 384 534 οἱ
418 506 580 546 πατριάρχαι
608 505 797 545 μεγαλύνονται
813 505 861 543 μὲν

40 550 83 576 καὶ
126 548 323 583 διδασκαλικοῖς
352 550 494 589 ἀξιώμασι²
544 550 586 578 διὰ
619 550 669 583 τὴν
702 553 748 578 τοῦ
787 550 861 588 ἁγίου

39 594 187 632 χρίσματος
200 593 307 633 δύναμιν
325 603 331 610 ¹
363 595 478 624 ἐντεῦθεν
505 595 554 635 γὰρ
582 596 606 623 οἱ
633 595 722 623 πιστοὶ
738 593 861 623 δεσπόται

38 639 82 666 καὶ
97 639 284 679 αὖτοκράτορες
314 640 506 680 κατηχητικῶς
542 639 662 670 ὁμιλοῦσι
687 642 726 676 τῷ
739 649 859 678 χριστω-

39 683 113 720 νόμῳ
127 683 196 721 λαῷ,
219 684 237 718 ἢ
251 686 377 722 θυμιῶσιν
399 685 434 717 ὡς
461 685 554 723 ἱερεῖς,
590 684 634 712 καὶ
662 684 728 721 μετὰ
743 683 859 723 δικηρίου

38 729 216 766 σφραγίζωσι.
236 730 309 757 Κατὰ
322 733 399 758 τοῦτο
433 728 460 756 δὲ
490 729 569 767 μόνον
591 728 712 766 λαμπάσι
742 731 857 763 ζωννυο-

37 772 130 809 μέναις
146 773 268 812 ἂγρυροῒς
293 774 337 801 καὶ
359 772 511 813 διαχρύσοις
541 772 611 812 (οἷον
641 772 740 812 εἰπεῖν)
764 783 859 812 στεφα-

905 241 1029 282 spectat.
1048 237 1136 269 Extra
1154 240 1334 279 provinciam
1346 249 1415 272 vero
1430 240 1552 280 docere,
1569 251 1628 272 non
1653 251 1725 282 per-

907 281 1028 325 missum
1061 285 1105 313 est
1134 283 1286 325 pontiﬁci;
1314 285 1478 316 secundum
1513 281 1661 317 canonem
1684 294 1726 317 xx

906 324 1013 356 habitae
1028 327 1057 356 in
1074 325 1176 358 Trullo
1192 332 1301 359 sanctas
1326 332 1414 369 atque
1438 328 1615 361 universalis
1638 335 1727 362 sexta:

889 370 1017 408 'synodi.
1034 371 1072 402 Et
1099 372 1136 402 ad
1165 373 1399 405 conﬁrmandam
1428 375 1543 406 scilicet
1571 375 1646 406 hanc
1674 385 1726 407 ra-

904 413 1013 445 tionem
1039 423 1135 456 suam,
1165 417 1344 457 evangelicis
1369 427 1487 459 quoque
1516 419 1615 450 verbis
1643 419 1728 451 hisce

905 462 1049 489 utuntur:
1076 459 1184 492 Luceat
1212 461 1261 492 lux
1290 466 1386 494 vestra
1412 472 1511 494 coram
1541 463 1724 494 hominibus.

902 501 1029 533 Audiant
1053 503 1094 541 hi,
1112 507 1170 535 tam
1187 506 1224 536 ad
1239 507 1468 546 amplitudinem
1488 507 1725 548 imperatoriam,

903 555 990 586 quam
1022 548 1261 588 patriarchalem,
1288 551 1385 582 ofﬁcia
1407 551 1534 582 docendi
1558 552 1724 592 pertinere,

903 595 1024 636 propter
1046 593 1196 624 unctionis
1219 603 1310 626 sacrm
1338 596 1396 626 vim
1419 600 1506 636 atque
1534 601 1724 636 potestatem.

901 634 976 666 Hinc
992 636 1070 667 enim
1088 638 1233 677 usuvenit,
1252 643 1285 670 ut
1299 640 1404 671 ﬁdeles
1420 634 1570 681 principes
1583 645 1612 672 et
1627 642 1726 682 impe-

901 683 1014 725 ratores
1037 683 1218 714 catechetico
1243 693 1325 715 more
1347 694 1415 716 cum
1433 685 1541 725 populo
1557 686 1725 717 Christiano

900 724 1116 767 colloquantur,
1131 732 1181 758 aut
1206 729 1334 760 suﬁitum
1358 724 1568 761 faciantimore
1583 730 1724 761 sacerdo-

902 772 1007 813 tum,et
1017 779 1084 801 cum
1095 780 1166 802 cera
1176 773 1289 813 duplici
1298 773 1581 812 obsignent.Verum
1597 774 1652 804 hac
1663 774 1726 805 sola

35 817 155 853 νώμασιν
171 819 217 846 οὐκ
238 812 473 856 ἀποσεμνύνονται,
501 817 560 846 ἀλλ’
597 817 638 846 ὅτι
667 818 711 845 καὶ
733 817 799 845 κατὰ
813 817 858 844 τὸν

951 823 1040 864 causa
1061 814 1188 857 facibus,
1213 826 1278 857 quae
1303 818 1454 858 argenteis
1467 822 1497 849 et
1510 818 1608 849 aureis
1632 822 1672 855 (ut
1686 819 1726 849 ita

38 861 157 899 οὖράνιον
187 863 297 901 γίγαντα
346 863 378 890 τὸ
419 863 525 902 κέντρον
567 863 774 902 καταφωτίζουτι
808 864 857 895 τῆς

952 858 1039 899 erim)
1066 861 1202 892 corrollis
1230 857 1440 900 cinctze’sunt,
1472 872 1531 894 non
1557 867 1679 894 utuntur
1694 863 1726 894 in

37 904 182 947 ὀρθοδοξίας
217 913 275 938 τοῖς
321 907 491 946 ἆμαρύγμασι
528 907 570 934 καὶ
604 907 620 940 ἡ
655 906 738 939 ἔξοδος
774 908 858 935 αὑτῶν

948 903 1040 943 npis:
1060 904 1113 935 sed
1134 905 1236 946 etiam,
1266 907 1345 947 quod
1369 907 1463 938 instar
1490 907 1619 939 caelestis
1645 908 1725 939 illius

37 945 86 978 ἀπ’
99 950 180 990 ἄκρου
207 951 304 989 λάμπει
334 945 383 980 τοῦδ
415 951 535 990 οὖρανοῦ,
570 952 614 979 καὶ
641 952 672 979 τὸ
700 951 858 988 κατάντημα

949 948 1024 978 antis
1041 948 1116 988 (58),
1144 950 1200 980 hoc
1225 945 1359 981 centrum
1385 951 1557 983 orthodoxae.
1580 953 1726 983 doctrina;

901 991 991 1021 radiis
1003 992 1333 1035 collustrent:quodque
1347 995 1454 1034 luceat,
1473 1005 1577 1026 eorum
1594 996 1726 1035 egressio

902 1035 939 1065 ab
951 1040 1086 1080 extremo
1101 1038 1187 1075 coelo,
1204 1043 1233 1070 et
1250 1049 1392 1070 occursus
1407 1040 1539 1080 ipsorum
1551 1040 1587 1071 ad
1603 1041 1726 1072 alteram

903 1079 969 1110 caali
981 1081 1081 1112 tendat
1095 1083 1311 1115 extremitatem
1328 1094 1335 1114 :
1353 1079 1554 1115 cumiinterim
1570 1094 1658 1117 nemo
1675 1085 1724 1117 sit.

903 1123 953 1169 qui
975 1124 1012 1155 ab
1039 1135 1143 1157 eorum
1173 1127 1269 1159 calore
1294 1138 1326 1160 se
1355 1128 1446 1169 possit
1472 1129 1593 1160 abdere.
1611 1129 1684 1160 Nam
1700 1130 1726 1160 si

904 1168 1044 1200 duntaxat
1059 1175 1178 1211 propter
1193 1168 1366 1211 dignitatem
1379 1173 1466 1204 oﬁicii
1482 1174 1621 1212 docendi,
1629 1174 1725 1204 facum

906 1213 1053 1253 ejusmodi
1074 1216 1227 1255 speciosus
1248 1217 1322 1248 ritus
1345 1218 1526 1257 excogitatus
1551 1222 1652 1249 esset:
1671 1228 1726 1250 cu-

901 1257 1178 1304 jusquertemporis
1203 1261 1374 1301 imperatrix
1400 1272 1504 1303 expers
1518 1263 1644 1303 hujusce
1659 1263 1724 1304 pri-

904 1301 1002 1348 vilegii
1014 1303 1136 1342 foret,ac
1151 1304 1265 1336 facibus
1276 1315 1335 1337 non
1351 1306 1404 1337 abs
1418 1301 1452 1338 re
1467 1301 1596 1340 careret.
1611 1301 1727 1348 Quippe

905 1347 1048 1378 sancitum
1066 1353 1122 1386 est,
1135 1353 1166 1380 ut
1181 1353 1297 1382 taceant
1313 1351 1464 1389 mulieres,
1481 1360 1515 1382 ac
1532 1352 1655 1383 minime
1670 1347 1725 1383 do-

904 1395 1000 1422 ceant.
1023 1392 1158 1424 Attamen
1182 1394 1227 1424 his
1250 1405 1368 1435 quoque
1383 1396 1517 1426 videmus
1531 1396 1636 1427 eodem
1659 1405 1725 1427 cum

905 1435 1132 1476 imperatoribus
1147 1438 1205 1469 ritu
1219 1439 1299 1470 faces
1314 1440 1457 1479 praeferri.
1472 1440 1638 1480 Regionum
1651 1450 1726 1481 prm-

905 1484 987 1525 terea
1002 1481 1157 1520 pontiﬁces
1170 1483 1310 1520 universi,
1329 1483 1524 1515 consimiliter
1535 1489 1596 1516 tum
1606 1485 1729 1525 pontiﬁ-

39 995 126 1023 αὐτῶν
143 994 193 1027 ἕως
218 995 296 1035 ἄκρου
317 996 405 1036 φθάνει
433 999 479 1024 τοῦ
500 996 609 1035 οὐρανοῦ
632 1004 639 1011 ⁸
656 996 700 1023 καὶ
727 996 774 1023 οὒκ
789 995 858 1023 ’ἐστιν

40 1040 68 1070 ὃς
90 1042 141 1073 τῆς
163 1039 261 1079 θέρμης
285 1041 370 1068 ανἊῶν
399 1040 603 1079 ἀποκρύπτεταιν
639 1040 668 1068 Εἰ
695 1040 745 1079 γὰρ
781 1040 861 1078 μόνον

39 1082 80 1111 διὰ
95 1085 127 1112 τὸ
141 1084 190 1118 τῆς
210 1083 377 1116 διδασκαλίας
409 1084 511 1122 ἀξίωμα
546 1087 599 1112 τῶν
627 1084 751 1112 τοιούτων
788 1084 861 1121 λαμ-

39 1127 129 1157 πάδων
166 1129 296 1164 ἐπενοήθη
317 1130 348 1158 τὸ
372 1129 574 1169 σεμνολόγημα,
598 1130 614 1162 ἣ
652 1129 719 1157 κατὰ
755 1129 860 1168 καιροὺς

39 1173 104 1206 τέως
136 1174 356 1214 αὖτοκρατόριστα
383 1174 413 1202 ἐκ
439 1178 487 1202 τοὺ
519 1173 662 1213 προνομίου
693 1174 785 1202 τούτου
821 1172 862 1200 δι-

39 1219 121 1251 καίως
159 1220 190 1247 ἂν
224 1219 324 1259 ἀφῆκεν
353 1219 510 1259 ἀφώτιστος,
541 1221 559 1246 Γ
561 1225 671 1250 υναῐκας
707 1219 757 1257 γὰρ
788 1221 863 1257 σιγᾷν

41 1264 84 1290 καὶ
117 1264 157 1301 μὴ
195 1263 324 1292 διδάσκειν
360 1263 575 1302 νενομοθέτηται.
620 1262 703 1291 Ἀλλὰ
738 1263 792 1300 μὴν
820 1263 864 1290 καὶ

42 1308 139 1340 ταύτας
182 1309 284 1348 ὁρῶμεν
314 1307 382 1336 οὕτω
404 1307 575 1346 δοξαζομένοις
602 1308 670 1336 κατὰ
691 1307 750 1338 τοὺς
785 1307 863 1345 βασι-

42 1351 112 1384 λεῖς.
146 1353 194 1382 Καὶ
216 1355 241 1381 oi
275 1352 402 1392 ἐγχώριοι
431 1351 458 1380 δὲ
486 1352 582 1384 πάντες
613 1351 751 1391 ἀρχιερεῖς
792 1362 861 1390 παρ-

42 1397 142 1434 ομοίως
164 1397 211 1430 τὰς
245 1397 432 1437 ἁρχιερατικὰς
462 1396 510 1424 καὶ
538 1395 644 1428 ἀλλοίας
672 1394 797 1434 προόδους
811 1394 862 1422 ἐπ-

41 1442 130 1470 ενόουν
148 1442 178 1471 ἂν
195 1450 202 1458 ⁸
239 1443 282 1470 καὶ
306 1441 376 1470 εἶδεν
392 1441 422 1469 ἄν
450 1452 490 1472 τις
519 1441 601 1481 τυχὸν
628 1441 674 1468 τὸν
694 1444 740 1468 τοῦ
769 1438 862 1479 Ἀθύρει

40 1486 196 1523 ἐπίσκοπον,
214 1487 258 1514 καὶ
281 1487 325 1514 τὸν
348 1485 440 1522 πολλῷ
467 1485 560 1513 τούτου
594 1483 859 1523 μικροπρεπέστερον,

39 1533 106 1569 πεζῇ
129 1531 178 1568 μὲν
192 1531 236 1558 καὶ
256 1529 338 1568 βάδην
362 1530 407 1562 τὰς
424 1528 549 1568 προόδους
577 1531 626 1562 τῆς
648 1528 744 1559 οἱκείας
759 1527 859 1567 ὲνοριας

949 1529 1056 1565 es,lum
1071 1526 1143 1556 alias
1157 1526 1187 1557 in
1204 1527 1354 1567 pnblicum
1371 1528 1577 1568 processiones
1592 1523 1727 1560 institue-

40 1575 261 1614 περιερχόμενον,
287 1573 403 1612 λαμπάδι
432 1572 459 1601 δὲ
494 1575 675 1612 πατριαρχικῆ
705 1571 861 1610 κυδαινόμε-

42 1630 98 1659 νον,
123 1619 164 1647 ὅτι
179 1620 222 1647 καὶ
243 1619 315 1646 αὑτοὶ
349 1617 531 1646 διδασκαλικὸν
564 1616 664 1654 ἂΞίωμα
692 1615 862 1656 περιϐέϐλην-

42 1675 94 1692 ut.
114 1664 152 1691 Οὔ
165 1674 190 1691 τι
206 1662 236 1690 ἄν
267 1673 307 1694 τις
337 1663 401 1702 φαίη
422 1661 686 1700 καινοπρεπέστερον,
716 1661 734 1694 ἢ
763 1659 863 1698 μᾶλλον

41 1709 138 1745 εἰπεῖν⁷
156 1706 328 1747 ἀνδέστερονς
352 1707 381 1735 Εἰ
410 1705 436 1734 δὲ
485 1711 561 1735 τοῦτο
597 1704 720 1734 οὖδὲποτέ
744 1716 784 1736 τις
807 1704 863 1733 εἶδε

39 1752 180 1791 γινόμενον
196 1752 231 1783 εἷς
261 1763 319 1780 τινα
340 1754 392 1779 τῶν
419 1749 615 1790 μετροπολιτῶν
650 1748 667 1783 ἣ
698 1750 750 1777 τῶν
772 1749 864 1789 ἀρχιε-

39 1797 192 1833 πισκόπων,
228 1795 320 1832 πολλῷ
349 1794 376 1822 δὲ
403 1794 483 1823 πλέον
516 1795 569 1822 τῶν
604 1793 766 1832 ἐπισκόπων,
804 1792 864 1820 ἄνευ

38 1841 128 1878 μόνων
164 1841 217 1868 τῶν
252 1838 436 1880 αὖτοκεφάλων
465 1838 694 1878 ἀρχιεπισκόπων,
710 1840 755 1865 τοῦ
779 1836 863 1865 Βουλ-

40 1886 133 1925 γαρίας
161 1885 241 1925 φημὶ,
271 1885 314 1912 καὶ
341 1887 387 1912 τοῦ
426 1883 541 1922 Κύπρου,
581 1883 625 1910 καὶ
659 1892 737 1910 τινων
769 1881 864 1920 ὀλίγων

40 1929 247 1970 μητροπολιτῶν
273 1927 406 1957 λαϐόντων
440 1927 492 1956 ἀπὸ
533 1925 683 1967 φιλοτιμίας
724 1925 864 1964 βασιλικῆς

39 1973 126 2008 ἱδικῆς
154 1977 231 2002 τοῦτο
251 1974 282 2001 τὺ
309 1972 406 2001 δίκαιον
425 1981 431 1987 ·
458 1971 547 2011 ἄραρε,
578 1970 668 2009 μόνοις
697 1976 755 2003 τοῖς
783 1970 862 2008 βασι-

40 2018 113 2047 λεῦσι
138 2020 183 2047 καὶ
206 2025 265 2051 τοῖς
293 2017 470 2057 πατριάρχαις
499 2017 550 2044 ὑπὸ
585 2015 633 2048 τῆς
661 2017 707 2044 τοῦ
734 2015 862 2054 παναγίυυ

42 2064 196 2101 [Ινεύματος
231 2063 352 2102 χάριτος⁷
376 2063 420 2090 καὶ
447 2063 495 2092 τῆς
521 2058 767 2100 ἀρχαιοπαραδότου
801 2070 860 2087 συν-

40 2109 143 2148 ηθείαες⁷
175 2108 218 2136 καὶ
237 2106 365 2146 εὐταξίας,
395 2106 645 2146 ἔπιφιλοτιμηθῆναι
677 2107 754 2132 τοῦτο
782 2104 812 2131 τὸ
841 2103 864 2131 δί

41 2164 117 2181 ιαιον
132 2151 176 2180 διὰ
195 2152 242 2183 τὰς
258 2151 378 2190 ῥηθείσας
401 2150 495 2181 αἰτίας,

903 1572 970 1599 rent
986 1578 992 1600 :
1010 1578 1044 1600 ac
1065 1570 1178 1601 videret
1200 1571 1308 1611 aliquis
1324 1572 1498 1613 episcopum
1514 1573 1725 1613 Athyrensem,

904 1613 985 1644 verbi
1000 1614 1106 1653 gratia.
1120 1615 1164 1645 vel
1183 1615 1272 1646 etiam
1292 1616 1382 1656 longe
1393 1616 1562 1657 quempiam
1576 1617 1633 1648 hoc
1647 1617 1727 1649 infe-

906 1657 1029 1695 riorem,
1045 1659 1174 1698 peditem
1191 1659 1274 1690 illum
1300 1660 1421 1700 quidem
1445 1661 1475 1692 in
1501 1661 1653 1701 provincia
1676 1671 1729 1693 sua

906 1702 1104 1742 prodeuntem
1123 1704 1151 1733 in
1169 1703 1331 1743 publicum,
1359 1708 1388 1736 et
1411 1705 1474 1736 haec
1499 1705 1567 1736 illac
1582 1706 1726 1745 itantem;

905 1746 1070 1777 sedfaculae
1085 1751 1183 1778 tamen
1200 1749 1406 1789 patriarchalis
1424 1749 1538 1780 honore
1550 1754 1726 1789 tumentem,

905 1791 1022 1832 quando
1032 1792 1061 1822 hi
1074 1792 1161 1822 etiam
1178 1793 1308 1834 episcopi
1323 1794 1420 1825 ofﬁcio
1435 1794 1562 1826 docendi
1577 1795 1727 1827 fruuntur.

907 1836 970 1872 Quo
987 1845 1057 1867 sane
1072 1837 1142 1877 quid
1159 1837 1218 1868 dici
1234 1839 1325 1878 possit
1340 1838 1518 1869 insolentius
1531 1838 1546 1868 ‘?
1560 1839 1605 1870 vel
1617 1840 1729 1871 rectius

908 1884 938 1910 ut
963 1880 1082 1921 loquar,
1113 1881 1182 1921 quid
1212 1881 1429 1922 injucundius?
1457 1886 1495 1915 At
1522 1883 1548 1914 si
1576 1893 1728 1924 nunquam

906 1925 1060 1965 quisquam
1075 1925 1131 1956 hoc
1146 1925 1211 1957 ﬁeri
1226 1927 1296 1957 vidit
1316 1927 1346 1958 in
1369 1927 1467 1967 aliquo
1483 1927 1528 1958 vel
1553 1929 1730 1969 metropoli-

905 1977 985 2006 tano,
1001 1969 1045 2000 vel
1062 1969 1300 2012 archiepiscopo,
1317 1975 1430 2002 tantum
1444 1971 1529 2002 abest
1550 1978 1583 2003 ut
1602 1972 1633 2002 in
1647 1972 1729 2012 epis—

905 2023 995 2055 copos
1022 2015 1127 2055 cadat,
1157 2016 1291 2056 exceptis
1316 2015 1494 2056 quibusdam
1524 2016 1731 2058 archiepisco-

905 2059 961 2100 pis,
978 2058 1028 2099 qui
1043 2063 1130 2098 caput
1155 2059 1214 2099 ipsi
1237 2069 1359 2091 suorum
1385 2065 1474 2102 sunt;
1500 2061 1654 2101 Bulgaria},
1680 2061 1731 2093 in—

906 2113 1005 2144 quam,
1021 2107 1050 2134 et
1065 2103 1162 2144 Cypri,
1187 2108 1216 2134 et
1241 2105 1344 2144 paucis
1360 2105 1537 2146 quibusdam
1555 2106 1730 2146 metropoli-

875 2153 896 2177 D
907 2147 994 2185 lanis;
1011 2147 1061 2188 qui
1077 2156 1111 2177 ex
1127 2147 1318 2188 imperatoria
1333 2149 1455 2189 speciali
1470 2149 1675 2181 muniﬁcentia
1680 2151 1731 2191 jus

41 2197 98 2229 hoc
113 2196 309 2227 obtinuerunt
325 2204 332 2226 :
356 2193 500 2235 sequitur,
518 2192 588 2224 solis
603 2191 833 2232 imperatoribus
848 2197 877 2224 et
891 2192 1050 2233 patriachis
1060 2200 1113 2231 per
1129 2192 1250 2231 gratiam
1266 2193 1394 2233 Spiritus
1407 2194 1513 2234 sancti,
1531 2198 1559 2225 et
1573 2199 1728 2235 acceptam

40 2241 207 2282 antiquitus
221 2239 467 2271 consuetudinem
484 2242 572 2278 atque
585 2236 732 2282 ordinem,
746 2235 798 2276 jus
809 2236 865 2268 hoc

82 2283 89 2292 ’
101 2281 150 2315 ότι
166 2285 193 2314 δὲ
207 2288 260 2314 τῶν
275 2285 323 2323 μὲν
346 2283 542 2323 αὐτοκρατόρων
563 2283 580 2316 ἡ
611 2281 701 2321 ἀρωγὴ
725 2281 791 2320 πρὸς
807 2292 866 2321 φω-

41 2332 138 2369 τισμὸν
153 2331 198 2359 καὶ
225 2330 348 2357 σύστασιν
370 2328 545 2356 ἐπεκτείνεται
571 2327 663 2365 ψυχῆς
678 2336 719 2353 ’τε
749 2326 794 2353 καὶ
809 2325 866 2354 σώ-

41 2387 137 2414 ματος,
168 2375 198 2402 τὸ
223 2373 251 2402 δὲ
273 2372 416 2413 μεγαλεῖον
445 2374 496 2400 τῶν
525 2373 696 2410 πατριαρχῶν
715 2371 751 2401 εἰς
781 2370 867 2407 μόνην

41 2420 163 2460 ψυχικὴν
195 2418 408 2458 ἐστενοχώρηται
430 2415 592 2444 λυσιτέλειαν
620 2414 710 2453 (ὀλίγη
733 2414 782 2453 γὰρ
807 2414 866 2442 τού-

40 2477 95 2498 τοις
132 2465 187 2493 ἐστὶ
227 2465 315 2506 φροτὶς
359 2463 492 2495 εὖπαθείος
529 2462 711 2500 σωματικῆς),
741 2460 866 2506 dimoto);

41 2512 84 2539 καὶ
100 2512 117 2545 ἡ
133 2511 193 2550 περὶ
206 2503 266 2541 τους
295 2508 429 2543 ὑπηκόους
449 2510 498 2541 τῆς
526 2505 681 2544 βασιλίσσης
695 2548 701 2550 Α
715 2503 865 2550 κηδεμομία

40 2557 84 2583 καὶ
119 2548 233 2594 μέριμνα
260 2554 325 2593 πρὸς
362 2553 446 2590 μόνην
482 2550 638 2594 σωματικὴν
680 2548 792 2594 εὐζωίαν
827 2548 857 2581 ἐξ·

41 2593 167 2635 ήτιλωταί
189 2597 287 2638 (πάσης
318 2598 368 2637 γὰρ
394 2595 514 2636 ψυχικῆς
541 2593 664 2638 βοηθείας
680 2593 716 2638 αἱ
737 2599 862 2638 γυναῖκες

42 2635 218 2683 ἐστέρηνται),
234 2643 259 2670 αἱ
286 2635 503 2679 λαμπάδεςημὲν
537 2641 589 2666 τῶν
617 2635 746 2674 βασιλέων
762 2635 861 2669 διττοτς

881 2241 1003 2278 propter
1017 2236 1160 2267 indicatas
1175 2246 1279 2268 causas
1295 2247 1360 2269 esse
1379 2247 1565 2270 concessum.

948 2281 1003 2318 Qui
1017 2290 1084 2312 vero
1100 2281 1312 2322 imperatorum
1329 2282 1471 2314 auxilium
1483 2283 1519 2314 ad
1533 2283 1730 2315 illuminatio-

907 2335 975 2357 nem
992 2330 1021 2357 et
1035 2325 1270 2356 stabilimentum
1286 2335 1352 2358 sese
1368 2331 1427 2357 tam
1444 2326 1547 2365 animi,
1565 2337 1652 2368 quam
1667 2337 1732 2360 cor-

907 2371 989 2410 poris
1019 2370 1162 2410 porrigit;
1194 2371 1389 2411 amplitudine
1427 2371 1659 2412 patriarcharum
1693 2373 1731 2404 ad

906 2414 998 2445 animi
1013 2414 1152 2444 duntaxat
1166 2414 1321 2446 utilitatem
1349 2416 1509 2446 constricta
1523 2416 1729 2456 Lperexiguam

906 2459 1016 2499 quippe
1042 2467 1142 2488 curam
1168 2464 1274 2498 gerunt
1296 2460 1327 2490 hi
1346 2460 1384 2491 de
1405 2460 1495 2491 rebus
1518 2470 1554 2491 ae
1569 2470 1729 2501 corporum

907 2502 1063 2534 commoda
1085 2503 1312 2544 spectantibus),
1330 2508 1360 2535 et
1374 2504 1572 2535 consimiliter
1594 2505 1728 2545 impera-

906 2547 987 2577 tricis
1003 2556 1073 2577 cura
1087 2551 1117 2577 et
1127 2547 1295 2579 sollicitudo
1317 2549 1354 2579 de
1379 2549 1519 2586 subditis,
1535 2550 1675 2580 duntaxat
1690 2551 1728 2581 ad

904 2591 969 2622 vitae
984 2591 1146 2632 corporalis
1168 2593 1393 2632 prosperitatem
1420 2593 1588 2624 extenditur
1605 2594 1726 2632 (nullum

904 2637 1153 2668 euimanimarum
1172 2647 1189 2668 a
1205 2637 1387 2670 mulierculis
1402 2638 1632 2680 exspectandum
1642 2640 1728 2671 auxi-

827 2719 948 2753 ΝΟΤιλΕ.

87 2812 150 2854 (58)
164 2812 240 2844 Solis
254 2812 403 2845 videlicet.
