1917 3080
30 116 144 148 1173

21 189 249 225 πατριαρχικῇ
283 186 339 222 θεία
375 185 580 224 μεγαλειότητι,
610 183 691 217 οὐδεὶς
726 184 896 219 ἀποξενωθή-

33 238 150 258 σεται.
177 230 208 259 Εἰ
230 230 279 269 γὰρ
297 229 414 259 τοιοῦτόν
439 239 464 257 τι
486 229 606 269 γένηται,
637 230 681 257 καὶ
709 230 754 257 τὸν
770 227 894 261 Ἀλεξαν-

30 272 146 312 δρείας
195 275 278 314 τυχὸν
328 273 511 311 εὑρισκόμενον
551 274 587 305 είς
628 273 678 306 τὴν
713 274 765 301 τῶν
792 272 896 301 πόλεων

30 317 272 358 βασιλεύουσαν,
295 321 347 346 τῶν
383 321 585 358 πατριαρχικῶν
626 317 774 357 προνομίων
803 317 891 350 ἀποξε-

32 362 138 390 νώσει
159 374 219 400 τις,
236 362 276 390 ὅτι
291 363 358 390 κατὰ
384 363 433 396 τὴν
461 362 558 391 οἰκείαν
588 361 688 401 ἐνορῖαν
715 363 745 390 οὗ
759 362 894 401 πάρεστιν,

29 406 214 447 ἀχρειώσει
235 410 285 441 τὴν
299 407 418 447 κεφαλὴν
446 407 482 439 ὡς
503 406 684 446 κωφεύουσαν,
706 406 724 440 ἢ
746 405 894 435 ἀϐλεπτοῦ-

32 461 113 487 σαν,
147 451 205 479 καί
239 452 289 479 ὑπὸ
317 451 459 490 τεττάρων,
488 450 506 485 ἢ
534 451 578 478 καὶ
605 453 684 489 τριῶν
709 449 895 490 διεξαγομένην

30 496 228 530 αἰσθήσεων.
246 496 294 524 Διὰ
316 495 415 529 ταύτην
437 495 486 529 τὴν
514 495 609 530 αἰτίαν,
640 495 676 527 ὥς
692 494 773 531 ἔοικε⁹
797 505 895 534 προτε-

34 540 189 569 τύπωται
218 539 410 579 προϐάλλεσθαι
463 540 529 568 κατὰ
573 540 604 567 τὸ
638 539 818 579 ἀπαραίτητον
853 539 897 568 καὶ

33 584 111 615 τοὺς
151 584 198 621 μὴ
229 584 342 624 ἔχοντας
373 595 540 624 πατριαρχας
569 584 628 615 τοὺς
658 583 897 623 ἀποκληρωθέντας

40 631 159 661 αὐτοῖς
179 629 270 668 ἁγίους
286 629 401 669 θρόνους,
437 627 479 656 διὰ
507 628 556 661 τὴν
572 628 716 666 ἐπιδρομὴν
737 629 790 657 τῶν
805 628 895 668 ἐθνῶν,

37 674 98 701 τὸν
127 669 307 713 εΑντιοχείας
322 674 366 701 καὶ
388 674 432 701 τὸν
450 668 639 712 Ἰεροσολύμων
655 673 734 712 φημί,

744 114 1087 151 (ἰΒιΕὓΟ-ΗΟΜΑΝΠΜ
1093 139 1100 146 .

1685 110 1762 145 1174

907 187 928 212 Α
939 181 1077 213 tributam
1089 182 1182 214 obibit
1193 191 1245 224 pro
1257 186 1340 223 parte
1352 191 1416 220 sua,
1429 191 1468 213 ne
1484 184 1656 212 sanctarum
1667 181 1762 213 eccle-

935 226 1045 258 siarum
1058 227 1212 268 privilegia
1226 227 1455 259 confundantur:
1464 235 1520 258 nec
1533 230 1632 257 tamen
1642 226 1757 257 honore

936 281 1079 302 concesso
1094 272 1246 310 divinitus,
1269 271 1365 302 dative
1386 271 1548 312 antiquitus
1572 270 1760 311 patriarchali

937 324 1029 347 sacrm
1043 316 1234 356 amplitudini
1245 315 1375 357 juribus,
1401 315 1548 356 quispiam
1571 314 1757 355 spoliabitur.

937 359 1052 400 Quippe
1066 359 1091 390 si
1106 361 1164 392 tale
1179 359 1249 401 quid
1267 361 1450 398 usuvenerit,
1478 363 1507 391 et
1525 359 1759 392 Alexandrinum

936 404 1030 444 (verbi
1046 405 1146 445 causa)
1166 405 1196 435 in
1213 404 1287 436 urbe
1307 404 1497 445 imperatrice
1512 407 1761 443 commorantem,

937 448 1097 489 privilegiis
1107 449 1352 489 patriarchalibus
1364 453 1523 490 propterea
1533 448 1680 489 quispiam
1690 458 1761 489 spo-

938 493 1062 530 liaverit,
1079 493 1158 534 quod
1176 503 1235 524 non
1255 493 1342 533 degat
1365 494 1396 524 in
1423 493 1575 534 provincia
1588 502 1659 532 sua;
1676 496 1764 533 caput

939 537 1035 577 ipsum
1052 537 1156 568 inutile
1167 537 1430 579 reddet,tanquam
1441 537 1624 576 surdum,vel
1636 546 1761 575 caecum,

940 585 970 612 et
983 586 1174 622 quatuor,aut
1186 582 1426 613 tribusduntaxat
1436 581 1575 613 sensibus
1590 581 1761 623 praeditum.

939 625 983 658 0b
999 627 1074 657 ham:
1089 626 1182 666 ipsam
1201 635 1331 664 causam,
1349 636 1403 657 ceu
1419 626 1501 657 credi
1524 635 1577 667 par
1601 630 1656 664 est,
1680 627 1762 666 jam-

939 670 1051 702 dudum
1080 671 1226 702 sancitum
1256 675 1309 708 est,
1341 677 1374 702 ut
1401 671 1481 702 haud
1509 671 1599 702 dubie
1624 680 1678 711 per
1698 671 1763 703 ele-

55 717 216 748 ctionem
232 717 422 748 instituantur
436 716 525 748 etiam
541 716 562 748 ii
577 716 762 756 patriarchae,
778 717 828 758 qui
843 715 1004 756 caeteroqui
1017 725 1119 746 sacros
1133 715 1191 746 sibi
1202 716 1365 747 destinatos
1379 716 1512 756 thronos,
1528 715 1565 746 ob
1581 725 1761 757 paganorum

43 762 200 793 hostiles
215 761 363 800 incursus,
380 761 458 792 haud
475 761 628 802 possident
644 770 651 793 :
665 761 878 798 Antiochenus,
895 759 1028 800 inquam,
1045 764 1074 790 et
1088 759 1384 800 Hierosolymitanus.

94 808 164 837 Κᾶν
185 807 236 847 γὰρ
250 806 398 840 ἐξώσθησαν
425 809 474 840 τῆς
503 805 579 840 δόξης
615 810 667 835 τῶν
682 807 779 845 θρόνων
797 807 891 843 αὐτῶν,

43 851 116 880 ἁλλ’
135 853 158 886 ἡ
197 851 364 891 πνευματικὴ
398 851 490 891 χάρις,
514 851 581 879 κατὰ
602 852 646 879 τὸν
671 849 759 889 Δαϐἱδ,
785 852 815 880 οὗ
841 861 896 879 πα-

46 896 266 932 λαιωθήσεται.
282 890 362 928 “Hist
379 894 406 923 δὲ
431 890 533 933 μᾶλλον
555 896 569 923 ὁ
597 896 661 926 Θεὸς
676 895 754 932 ἡμῶν
775 895 897 935 ἐμφανῶς

46 940 103 969 καὶ
125 943 163 970 οὗ
205 940 439 980 παρασιωπῆσεται
458 962 464 969 .
489 940 524 970 ὡς
559 939 695 978 συναγάγῃ
726 941 807 977 -αὗτῴ
836 940 896 972 τώς

49 987 155 1017 ὁσίους
187 987 277 1022 αὐτοῦ,
308 984 368 1015 τοὺς
401 983 595 1022 διατιθεμένους
623 984 672 1018 τὴν
692 983 818 1018 διαθήκην
845 983 896 1012 αὒ-

49 1035 120 1060 τοῦ.
157 1028 375 1069 Φιλοιρρονητέον
397 1028 481 1056 τοίνυν
516 1029 575 1061 τοὺς
603 1027 811 1061 ἆποξενωθέντας
840 1040 896 1056 πα-

51 1074 206 1113 τριάρχας
236 1073 265 1101 ὲκ
298 1075 350 1101 τῶν
372 1072 529 1112 ἁγιωτάτων
550 1071 699 1105 ἐκκλησιῶν
728 1072 825 1109 usum,
853 1073 897 1100 καὶ

52 1117 226 1157 ὑπερορίους
253 1117 417 1154 καθημένους
455 1117 492 1148 εἰς
541 1116 628 1155 ἑτέρου
662 1116 826 1156 πατριάρχου
854 1115 896 1144 δι-

54 1162 193 1198 οίκησιν,
209 1162 252 1189 καὶ
267 1161 305 1198 μὴ
331 1160 500 1198 ἁτιμαστέον.
538 1161 724 1189 Κεκανόνισται
750 1161 800 1199 γὰρ
815 1171 899 1200 παρα-

58 1206 216 1235 καλεῖσθαι
265 1205 384 1241 τούτους,
434 1205 478 1233 καὶ
524 1205 613 1238 πάσης
662 1204 812 1242 ἐπιμελείας
855 1205 900 1233 καὶ

58 1249 216 1289 ὑποδοχῆς
238 1248 379 1285 ἀξιοῦσθαι,
402 1249 431 1277 οὗ
452 1249 506 1286 μὴν
531 1248 672 1288 ὑϐρίζεσθαι
706 1247 748 1276 διὰ
776 1249 825 1282 τὴν
846 1251 898 1277 τῶν

62 1295 244 1334 πραγμάτων
281 1293 447 1332 ἀνωμαλίαν,
472 1293 574 1333 θρήνων
610 1293 682 1326 ἀξίαν
729 1293 821 1330 οὖσαν,
856 1294 900 1321 καὶ

66 1341 111 1377 μὴ
129 1339 289 1374 ἀλαζονείας
309 1339 474 1378 γεννήτριαν,
500 1338 568 1366 Εἶτα
593 1339 644 1366 τῶν
672 1338 748 1366 θείων
762 1339 805 1366 καὶ
819 1338 900 1377 ἁγίων

65 1387 190 1424 Γραιρῶν
221 1384 265 1412 καὶ
299 1386 352 1411 τῶν
387 1383 523 1421 Πατρικῶν
551 1381 720 1421 παραδόσεων
747 1393 900 1420 κατονομα-

64 1422 180 1464 zona-LBV
199 1428 290 1456 Πάπαν
317 1428 362 1456 τὸν
389 1427 532 1455 ἐπίσκοπον
558 1422 676 1464 Ῥώμης,
708 1427 831 1459 ὡσαύτως
857 1427 900 1455 καὶ

62 1473 113 1500 τὸν
131 1471 333 1511 Ἀλεξανδρείας
352 1481 358 1488 ·
382 1471 450 1499 ἀλλά
479 1471 532 1508 μήν
554 1472 598 1499 καὶ
618 1472 663 1499 τὸν
687 1475 900 1500 Κωνσταντινου-

65 1516 197 1556 πόλεως,
219 1517 262 1544 καὶ
284 1517 328 1544 τὸν
361 1511 558 1555 Ἰεροσολύμων,
583 1515 809 1555 ἀρχιεπισκόπους
827 1524 834 1531 ’
853 1515 900 1553 μό-

66 1573 112 1590 νον
137 1561 169 1589 δὲ
199 1562 244 1589 τὸν
273 1560 451 1600 Ἀντιοχείας,
471 1560 651 1600 πατριάρχην.
675 1563 735 1592 Πῶς
757 1564 811 1588 τῶν
835 1559 899 1588 Ἀν-

69 1606 197 1645 τιοχέων
231 1606 247 1639 ἦ
276 1604 402 1638 ἐκκλησία
437 1604 488 1644 οὐχ
526 1603 692 1644 ὑϐριοπαθεῖ,
734 1605 900 1642 μανθάνουσα

69 1651 117 1678 καὶ
140 1650 206 1681 τοὺς
235 1649 353 1686 lento-3c,
378 1649 544 1689 πατριάρχας
569 1649 790 1688 ἀνακηρύττεσθαι
805 1657 814 1685 ;
829 1650 901 1677 πάν-

71 1707 127 1727 τως
152 1694 199 1723 διὰ
219 1696 268 1728 τὴν
292 1695 440 1727 ταυτότητα
468 1693 515 1727 τῆς
543 1693 635 1731 τιμῆς,
662 1694 705 1721 καὶ
729 1692 771 1722 διὰ
799 1694 828 1722 τὸ
856 1693 901 1722 ἐπ-

71 1739 152 1780 έχειν
169 1740 231 1771 τοὺς
260 1749 337 1767 πεντε.
361 1738 526 1778 πατριάρχας
552 1738 633 1766 τόπον
660 1741 709 1772 τῆς
737 1741 799 1775 μιᾶς
814 1748 900 1778 κεφα-

70 1785 122 1818 λῆς
139 1788 189 1813 τοῦ
204 1784 337 1822 σώματος,
365 1782 466 1817 δηλαδή
486 1787 538 1811 τῶν
567 1783 649 1822 ἁγίων
664 1782 830 1816 Ἐκκλησιῶν
855 1787 901 1812 τοὺ

72 1834 154 1861 Θεοῦ.

116 1873 194 1903 Ἐπεὶ
216 1874 244 1903 δέ
271 1885 340 1905 τινες
368 1872 472 1912 λέγουσι
495 1871 579 1910 μηδὲν
608 1872 679 1900 εἶναι
709 1873 738 1900 τὸ
767 1871 899 1913 ἐμποδὼν,

74 1920 120 1947 καὶ
157 1919 220 1950 τοὺς
248 1919 387 1958 ἑκασταχῆ
415 1917 648 1957 ὰρχιερατεύοντας
684 1916 752 1944 οὕτω
779 1919 901 1954 τιμᾶσθαι

74 1964 120 1991 καὶ
174 1962 374 2002 μεγαλύνεσθαι.
411 1963 459 1990 Καὶ
512 1962 582 1989 οὗτοι
624 1961 674 2000 γὰρ
717 1960 901 1989 διδασκαλικοῠ

72 2007 228 2045 ἀξιώματος
243 2007 427 2043 κατηξίωνται,
452 2006 496 2034 καὶ
517 2005 583 2033 κατὰ
605 2004 701 2034 Μωσέα
730 2005 786 2042 καὶ,
808 2005 901 2045 Λαρὼν

75 2053 112 2083 εἰς
136 2053 171 2080 τὰ
185 2053 249 2092 ἅγια
273 2053 326 2080 τθῦν
347 2051 429 2090 ἁγίων
453 2050 591 2088 ἑστήκασι,
607 2050 651 2078 καὶ
675 2050 723 2083 τὴν
739 2049 900 2087 ἀναίμακτον

73 2097 168 2125 θυσίαν
184 2096 369 2136 προσφέρουσι.
386 2095 488 2135 Φαμὲν,
519 2095 555 2126 ὡς
590 2094 642 2122 ἀπὸ
670 2097 724 2122 τῶν
751 2094 826 2122 θείων
856 2099 901 2126 καὶ

72 2142 152 2180 ἱερῶν
168 2142 288 2169 κανόνων
313 2141 403 2178 μόνοις
432 2146 490 2172 τοῖς
519 2139 696 2179 πατριάρχαις
720 2139 899 2179 πεφιλοτίμη-

75 2196 119 2213 ται
147 2189 198 2219 τῆς
227 2185 382 2223 οἰκουμένης
423 2185 456 2212 τὰ
505 2183 629 2221 κλίματα,
671 2184 813 2213 Κάντεὺθεν
843 2184 901 2212 οόδὲ

75 2229 136 2269 ἔχει
159 2242 200 2262 τις
222 2230 309 2270 ἔτερος
324 2230 412 2266 οἰκείῳ
437 2228 527 2265 δικαίῳ
548 2228 660 2267 ἐνορίαν,
688 2228 705 2262 ἢ
733 2227 798 2256 ἄλλο
820 2240 844 2257 τι
860 2228 900 2256 δί-

77 2285 155 2302 καιον
171 2275 299 2314 ἱερατικόν
316 2282 323 2289 ⁸
342 2273 401 2303 ἀλλ’
430 2273 518 2302 ἐκεῖνο
532 2273 575 2301 καὶ
597 2272 677 2310 μόνον
705 2273 736 2300 τὸ
757 2272 835 2312 μέρος
850 2274 900 2306 τῆς

78 2317 236 2355 διοικήσεως
271 2321 409 2359 ἱερατικῶς
445 2318 559 2357 ἐνεργεῖ,
589 2318 619 2344 τὸ
647 2316 718 2344 δοθὲν
747 2319 817 2365 ang-:13;
831 2318 900 2357 παρὰ

79 2364 128 2396 τῆς
158 2355 356 2404 πατριαρχίκῆς
392 2364 460 2395 θείας
489 2355 725 2401 Ἲμεγαλειότητος.
766 2355 834 2391 (ὅθεν
864 2355 901 2395 ὧς

79 2407 304 2446 ἀποστελλόμενοι
337 2408 408 2447 παρὰ
438 2406 623 2446 πατριαρχῶν,
644 2406 688 2434 καὶ
716 2405 900 2445 ἀναπληροῦν-

79 2462 122 2484 τες
138 2454 182 2482 τὸν
198 2453 278 2481 τόπον
294 2456 345 2481 τῶν
371 2452 445 2480 θείων
471 2452 515 2479 καὶ
545 2451 625 2490 ἁγίων
652 2449 819 2487 ἀποστόλων,
836 2450 900 2478 ἀπο-

80 2496 210 2525 στολικῶν
245 2498 293 2535 μὲν
328 2496 477 2536 προνομίων
515 2495 636 2529 ἠξίωνται
679 2494 812 2534 (δεσμοῦσι
852 2495 900 2534 γὰρ

82 2539 125 2568 καὶ
139 2540 227 2569 λύουσι
252 2540 311 2569 κατ’
337 2541 430 2572 αὐτοὺς
457 2540 501 2568 καὶ
533 2539 696 2579 χειροτονίας
726 2542 840 2576 ποιοῦσι,
857 2540 900 2568 καὶ

81 2584 129 2617 τὴν
164 2585 324 2624 ἀναίμακτον
349 2585 446 2622 θυσίαν,
492 2583 663 2624 προσάγουσι)
699 2586 899 2624 πατριαρχικῶν

85 2626 110 2655 δὲ
125 2628 229 2658 δικαίων
244 2631 273 2659 οὖ
299 2629 485 2662 κατηξίωνται.
516 2628 580 2657 Οῧτε
615 2629 664 2668 γὰρ
694 2629 816 2666 σάκκους,
841 2628 899 2657 οὔτε

86 2672 259 2715 πολυσταύρια
274 2674 461 2703 ἑνδιόύσκονται
478 2682 485 2688 ·
504 2673 562 2702 οὕτε
578 2673 645 2711 μετά
672 2673 722 2712 γαρ
737 2673 898 2713 γραμμάτων

87 2718 128 2746 καὶ
140 2720 281 2759 τριγωνίων
297 2719 432 2760 στιχάρια.
461 2722 548 2748 Ταῦτα
582 2717 610 2746 δὲ
638 2718 706 2747 οὕτω
733 2719 843 2759 γίνεται,
859 2718 898 2747 ὅτι

87 2762 198 2792 καὶτῶν
225 2765 306 2804 ἁγίων
333 2763 489 2793 ἀποστόλων
516 2764 533 2797 ἡ
559 2763 614 2791 θεία
641 2764 770 2803 ὁμήγυρις
799 2764 829 2791 τὸ
854 2767 900 2792 τοῦ

906 809 924 833 Β
975 803 1082 840 Quavis
1102 805 1181 835 enim
1196 804 1288 844 gloria
1303 805 1478 836 thronorum
1500 814 1621 837 suorum
1636 814 1690 846 per
1705 805 1764 836 vim

938 849 1125 887 exciderunt,
1157 853 1254 880 tamen
1284 849 1445 889 spiritualis
1468 849 1574 889 gratia,
1595 849 1761 881 secundum

938 893 1092 931 Davidem,
1110 903 1169 924 non
1186 893 1348 924 exolescet.
1365 893 1427 924 Imo
1453 895 1550 934 potius
1575 893 1670 925 veniet
1684 893 1763 926 Deus

939 943 1038 968 noster
1054 937 1224 975 manifesto,
1253 947 1308 968 nec
1324 937 1482 976 silebitur;
1505 941 1540 969 ut
1560 938 1679 978 colligat
1704 938 1763 970 sibi

938 985 1056 1012 sanctos
1071 991 1151 1020 suos,
1169 981 1220 1022 qui
1236 986 1443 1013 testamentum
1466 982 1561 1022 ipsius
1588 982 1760 1023 disponunt.

938 1026 1041 1067 Itaque
1058 1027 1279 1068 complectendi
1303 1031 1372 1058 sunt
1388 1031 1524 1058 amanter
1537 1027 1558 1057 ii
1573 1027 1760 1066 patriarcha,

939 1071 989 1111 qui
1012 1071 1210 1102 sanctissimis
1235 1071 1370 1103 ecclesiis
1399 1071 1461 1102 suis
1490 1071 1606 1112 spoliati
1636 1076 1715 1111 sunt,
1734 1075 1764 1104 et

939 1116 1055 1146 exsules
1071 1116 1101 1146 in
1115 1115 1238 1146 alterius
1250 1116 1548 1156 patriarchaediocesi
1565 1116 1687 1156 degunt,
1704 1117 1762 1148 mi-

940 1159 1078 1200 nimeque
1094 1160 1283 1191 contumeliis
1298 1160 1460 1193 afficiendi.
1477 1160 1592 1202 Quippe
1615 1161 1761 1192 sancitum

940 1205 1104 1235 canonibus
1130 1209 1188 1242 est,
1213 1209 1246 1236 ut
1270 1215 1320 1236 eos
1332 1205 1533 1244 consolemur,
1550 1209 1579 1237 et
1593 1206 1676 1237 omni
1688 1215 1762 1237 cura

939 1249 1188 1290 susceptioneque
1202 1250 1379 1291 dignemur;
1397 1259 1457 1280 non
1469 1250 1586 1290 injuriis
1601 1250 1764 1282 alliciamus

939 1293 977 1324 ob
992 1303 1091 1324 rerum
1114 1295 1310 1326 humanarum
1325 1295 1567 1332 inconstantiam,
1581 1305 1646 1336 qua)
1660 1295 1762 1336 lacry-

942 1339 996 1369 mis
1013 1339 1108 1378 potius
1124 1342 1169 1370 est
1183 1339 1285 1379 digna,
1301 1347 1392 1380 quam
1408 1343 1441 1370 ut
1455 1339 1642 1371 insolentiam
1657 1340 1762 1380 gigne-

941 1391 974 1413 re
988 1382 1106 1414 debeat.
1123 1383 1268 1414 Czeterum
1286 1393 1353 1414 cum
1370 1392 1462 1414 sacrae
1475 1383 1606 1421 Litteras,
1622 1383 1762 1415 Patrum-

909 1451 928 1475 Ο
941 1436 998 1468 que
1025 1427 1210 1475 traditiones,
1229 1427 1403 1475 episcopum
1426 1429 1594 1475 Romanum
1613 1428 1764 1469 appellent

942 1480 1059 1512 papam;
1070 1471 1233 1513 itidemque
1243 1472 1522 1511 Alexandrinum,et
1532 1473 1629 1513 ipsum
1645 1482 1765 1514 quoque

942 1516 1311 1557 Constantinopolitanum,
1328 1526 1362 1548 ac
1377 1517 1692 1559 Hierosolymitanum,
1710 1526 1763 1548 ar-

941 1560 1168 1601 chiepiscopos;
1186 1561 1281 1592 solum
1305 1570 1373 1593 vero
1399 1561 1616 1593 Antiochenum
1637 1563 1765 1602 patriar-

942 1605 1026 1636 cham
1043 1615 1050 1636 :
1068 1605 1119 1646 qui
1134 1606 1198 1636 ﬁeri
1213 1607 1551 1646 potest,utAntiochena
1566 1607 1694 1638 ecclesia
1705 1616 1766 1638 non

942 1650 1070 1690 patiatur
1085 1650 1238 1690 injuriam,
1257 1660 1321 1691 quae
1334 1651 1489 1692 intelligat,
1517 1651 1649 1692 reliquos
1673 1652 1764 1683 etiam

943 1693 1062 1734 publice
1077 1694 1136 1725 dici
1152 1695 1353 1735 patriarchas?
1366 1695 1494 1727 Omnino
1518 1696 1552 1727 Iit
1571 1696 1628 1727 hoc
1643 1701 1766 1737 propter

942 1737 1125 1769 identitatem
1141 1739 1274 1777 honoris,
1289 1743 1318 1770 et
1331 1740 1410 1781 quod
1437 1740 1466 1771 hi
1491 1740 1624 1781 quinque
1637 1739 1764 1780 patriar-

943 1783 1006 1813 chae
1021 1783 1114 1814 vicem
1139 1784 1227 1814 unius
1251 1784 1357 1824 capitis
1382 1784 1513 1816 universi
1534 1785 1668 1825 corporis
1682 1783 1762 1816 obti-

942 1831 1043 1860 neant.
1061 1832 1228 1859 sanctarum
1243 1828 1379 1860 videlicet
1393 1829 1591 1861 Ecclesiarum
1606 1829 1671 1861 Dei.

982 1871 1054 1908 Quia
1070 1881 1139 1903 vero
1154 1873 1274 1913 quidam
1290 1873 1537 1914 perhibent,nihil
1553 1883 1619 1906 esse
1631 1873 1762 1915 impedi-

945 1921 1060 1953 mento,
1090 1917 1250 1956 quominus
1280 1918 1375 1950 ubivis
1412 1919 1564 1950 constituti
1592 1919 1762 1960 pontiﬁces,

943 1961 1048 1991 eodem
1077 1970 1145 1992 cum
1175 1962 1350 2002 patriarchis
1370 1963 1485 1994 honore
1509 1963 1766 2004 amplitudineque

942 2005 1089 2044 fruantur,
1116 2016 1183 2037 cum
1210 2010 1239 2038 et
1261 2007 1317 2048 ipsi
1345 2008 1472 2039 docendi
1493 2008 1666 2048 dignitatem
1686 2008 1765 2040 nacti

942 2054 1021 2091 sunt,
1036 2054 1064 2080 et
1077 2051 1211 2090 exemplo
1229 2051 1318 2082 Mosis
1332 2057 1362 2083 et
1376 2053 1505 2084 Aaronis
1519 2053 1549 2083 in
1565 2052 1676 2084 sanctis
1691 2062 1764 2084 san-

913 2117 934 2142 D
945 2100 1059 2126 clorum
1071 2095 1244 2142 consistant,
1262 2095 1507 2142 incruentamque
1521 2097 1672 2129 victimam
1688 2097 1765 2129 οιτο-

943 2144 1019 2171 rant:
1028 2139 1244 2179 respondemus
1258 2149 1310 2180 per
1325 2141 1441 2173 divinos
1452 2151 1611 2183 sacrosque
1621 2150 1762 2181 canones,

942 2184 1013 2215 solis
1042 2184 1219 2224 patriarcltis
1240 2193 1307 2216 esse
1336 2195 1495 2217 concessas
1519 2186 1602 2217 orbis
1619 2191 1763 2218 terrarum

942 2228 1152 2260 tractusUnde
1167 2229 1244 2266 ﬁt,ut
1259 2229 1333 2260 alius
1356 2230 1503 2271 quispiam
1525 2240 1578 2262 suo
1599 2231 1668 2271 jure
1692 2240 1764 2272 pro-

941 2273 1067 2304 vinciam
1077 2282 1134 2303 non
1149 2273 1270 2310 habeat,
1279 2273 1323 2304 vel
1336 2273 1417 2305 aliud
1428 2275 1588 2315 quodpiam
1596 2275 1646 2315 jus
1660 2284 1764 2307 sacer-

942 2317 1050 2349 dotale:
1068 2317 1120 2348 sed
1135 2317 1165 2348 in
1181 2326 1216 2348 ea
1231 2318 1372 2349 duntaxat
1388 2323 1469 2359 parte
1484 2319 1621 2351 dioecesis
1638 2329 1764 2352 munere

941 2361 1118 2392 sacerdotali
1133 2361 1275 2401 fungitur,
1293 2371 1359 2403 quae
1372 2363 1429 2404 ipsi
1447 2373 1463 2394 a
1477 2373 1562 2395 sacra
1573 2363 1763 2405 patriarchali

941 2406 1136 2446 amplitudine
1150 2416 1292 2437 concessa
1309 2411 1363 2439 est.
1380 2407 1466 2440 Unde
1480 2409 1569 2440 veluti
1585 2408 1635 2449 qui
1647 2409 1764 2441 mittan—

943 2454 990 2481 tur
1000 2459 1016 2480 a
1026 2450 1211 2490 patriarchis,
1218 2455 1247 2482 et
1255 2451 1350 2483 vicem
1358 2452 1524 2484 divinorum
1534 2458 1763 2495 sanctorumque

942 2495 1139 2535 apostolorum
1147 2495 1467 2537 impleant,apostolica
1477 2498 1598 2539 quidem
1611 2498 1765 2539 privilegia

943 2539 1092 2570 consecuti
1104 2545 1174 2570 sunt
1196 2539 1320 2580 (lingant
1335 2542 1415 2573 enim
1431 2546 1460 2574 et
1470 2543 1586 2574 solvunt
1601 2552 1654 2583 per
1668 2552 1711 2580 se,
1727 2552 1764 2575 ac

941 2583 1147 2615 ordinationes
1158 2584 1280 2623 faciunt,
1296 2589 1326 2617 et
1341 2586 1529 2618 incruentam
1543 2587 1669 2618 hostiam
1685 2587 1763 2619 offe-

941 2631 1068 2666 runtl,at
1093 2629 1300 2669 patriarchalia
1319 2630 1388 2670 jura
1404 2641 1463 2662 non
1478 2631 1682 2662 obtinuerunt.
1700 2631 1762 2663 Nec

941 2674 1019 2704 enim
1032 2672 1077 2703 vel
1089 2673 1251 2711 sacoos,vel
1264 2675 1387 2714 penulas
1399 2675 1658 2716 multisinsignitas
1668 2677 1762 2708 cruci-

941 2718 995 2749 bus
1007 2717 1204 2755 induunt,nec
1222 2718 1338 2750 tunicas
1351 2719 1500 2760 frequenti
1520 2720 1619 2751 littera
1632 2730 1760 2761 gamma,

942 2760 1156 2802 triangulisque
1171 2761 1314 2802 depictas.
1327 2763 1395 2796 Haec
1408 2769 1508 2797 autem
1519 2764 1560 2797 ita
1579 2760 1667 2804 ﬁunt,
1683 2765 1761 2807 quod
