1917 3080
86 147 175 179 1177

759 142 1045 179 GPuECO—ROMAN
1050 142 1117 174 UM.

1703 138 1779 171 1178

87 215 197 246 σθησαν
220 212 264 241 οὖν
287 213 311 240 οἱ
332 212 359 240 ἂν
385 212 492 244 ταύταις
517 211 757 252 ἀρχιερατεύοντες,
787 211 842 251 ἀρχ

1023 216 1057 238 ea
1064 208 1142 249 quod
1154 208 1185 240 in
1196 217 1262 240 eam
1273 209 1392 250 imperii
1400 208 1526 241 Romani
1532 211 1648 249 sceptra
1654 207 1779 252 fuissent

86 267 191 286 σκοποι
208 265 215 272 '
239 257 319 297 ἁρχαὶ
334 255 455 290 δηλονότι
469 256 517 284 καὲ
544 255 654 296 κεφαλαὶ
682 255 787 285 πολλῶν
809 255 908 285 ἐπισκά

85 313 166 333 πων.
188 302 287 331 Ταύτὸν
308 300 335 329 δέ
356 301 426 330 ἐστιν
449 301 548 341 εἰπεῖν²
571 300 684 340 Πατέρες
712 301 757 329 καὶ
784 301 914 340 ¹ιἀτριάρ-

83 357 157 386 χαι,
185 346 233 374 Ἐκ
248 345 341 375 τούτου
354 345 382 374 δὲ
404 345 514 385 διαφορά
534 356 574 377 τις
604 346 650 374 οὒκ
666 345 721 374 ἔστι
757 345 836 383 μέσον
865 345 914 374 αὖ-

82 385 160 422 τῶν.
184 385 212 420 ἰΟ
238 391 288 430 γὰρ
315 391 403 431 πατὴρ
423 394 469 419 τοῦ
497 391 585 423 ἔθνους
612 389 685 419 τοῦδε
709 391 804 430 τυχὸν,
826 390 914 429 πατήρ

81 435 147 464 ἐστι
229 437 362 476 ἱερατικῆς
390 435 474 476 φυλῆς
499 436 544 464 καὶ
564 435 674 472 λαϊκῆς,
703 436 740 467 ὡς
768 436 782 463 ὁ
818 433 915 463 Ἰακὼϐ

81 484 144 510 τῶν
170 475 207 520 ιβ’
232 480 320 521 φυλῶν
336 475 455 520 Ἰσραήλ,
479 481 528 510 Καὶ
565 480 655 520 ἄρχων
677 480 839 517 ὲπῑσκόπων,
869 479 912 512 ἒξ-

81 526 211 565 ανάγκης
223 525 278 554 ἐστὶ
292 526 380 564 πατὴρ
395 525 439 553 καὶ
467 524 619 553 ἐπισκοπων
642 525 685 553 καὶ
706 523 808 553 λα’ίκῶν
826 533 833 541 ³
856 525 871 552 ὁ
885 523 913 552 δὲ

80 571 198 602 Γοτϐίας
213 572 243 600 οὒ
267 569 391 600 καλεῖται
421 569 641 609 ὰρχιεπίσκοπος,
670 570 706 601 ὠς
728 569 818 608 ἄρχων
849 569 912 597 ἑπι-

78 615 197 643 σκόπων
218 616 261 643 καὶ
295 613 450 654 προϐολεὺς,
479 613 539 642 ἀλλ’
574 614 609 646 ὡς
634 613 707 654 ἀρχὴ
746 613 910 643 ἐπισκόπων.

79 654 197 697 Ὠρίσϐη
228 659 278 698 γὰρ
312 660 383 698 παρὰ
417 661 470 688 τῶν
505 658 586 698 ἁγίων
615 658 748 697 Πατέρων,
784 658 832 690 τὰς
864 657 912 695 μὲν

77 703 202 744 ἐχούσας
238 702 382 739 διοικήσεις
409 703 510 735 πολλὰς
541 703 645 743 πόλεις,
675 703 725 731 ὑπὸ
758 702 910 731 ἐπισκόπων

75 747 298 787 κυϐερνωμένας,
353 748 425 787 παρὰ
479 747 681 786 μητροπολιτῶν
736 746 907 786 διεξάγεσθαι,

76 794 125 825 οὒς
142 794 189 821 καὶ
210 792 329 832 πρώτους
343 793 366 821 οἱ
391 792 501 824 κανόνες
530 792 685 830 ὀνομάζουσι
703 800 710 807 ·
740 792 786 824 τὰς
814 791 842 819 δὲ
869 792 909 829 μὴ

956 252 1107 283 translata.
1124 252 1225 294 Itaque
1240 254 1360 285 mutatis
1376 253 1546 285 nominibus
1560 252 1664 283 harum
1681 250 1775 292 ponti-

956 295 1026 327 ﬁces
1041 296 1114 328 dicti
1129 302 1198 328 sunt
1221 298 1452 340 archiepiscopi,
1481 297 1572 329 veluti
1588 296 1734 338 principia
1749 299 1778 327 et

956 340 1053 380 capita
1064 341 1224 372 multorum
1241 342 1462 383 episcoporum.
1479 342 1562 379 Quod
1576 342 1656 373 idem
1667 341 1733 379 erit,
1743 350 1777 371 ac

956 384 981 414 si
993 384 1114 424 dixeris,
1124 387 1227 418 Patres
1234 391 1263 418 et
1277 388 1464 427 patriarcha}.
1489 387 1577 418 Unde
1589 387 1702 417 nullum
1717 385 1776 416 exi-

955 428 1004 459 stit
1017 429 1096 460 inter
1111 439 1162 461 eos
1179 431 1350 464 discrimen.
1368 431 1440 463 Nam
1456 433 1543 463 Pater
1560 431 1649 471 hujus
1659 430 1776 461 illiusve

954 473 1064 513 gentis,
1080 478 1138 505 tam
1154 476 1355 513 sacerdotalis,
1388 486 1475 517 quam
1501 477 1582 508 laicm
1609 475 1703 506 tribus
1731 479 1776 506 est

953 517 1050 555 Pater,
1067 518 1144 550 sicut
1157 519 1248 551 Jacob
1264 521 1421 552 duodecim
1451 520 1580 551 tribuum
1595 519 1724 551 Israelis.
1741 519 1774 550 Et

954 562 1094 604 princeps
1109 566 1330 605 episcoporum,
1358 565 1526 596 necessario
1553 567 1637 596 Pater
1651 568 1696 595 est
1711 567 1773 595 tum

953 609 1175 649 episcoporum,
1192 614 1251 641 tum
1268 611 1424 642 laicorum.
1442 611 1567 643 Gottbia’:
1582 610 1702 651 quidem
1718 619 1774 641 an-

954 653 1038 684 tistes
1049 663 1107 684 non
1119 659 1277 695 propterea
1286 659 1405 686 vocatur
1425 655 1676 696 archiepiscopus.
1694 654 1773 695 quod

954 697 1162 739 episcoporum
1179 699 1318 740 princeps
1341 704 1370 731 et
1395 699 1548 731 ordinator
1573 699 1621 737 sit,
1637 699 1688 730 sed
1705 703 1766 729 lana

951 751 1038 782 quam
1055 742 1235 784 principium
1252 745 1471 785 episcoporum.
1502 744 1617 785 Quippe
1631 744 1741 775 sanctis
1755 752 1772 775 a

950 785 1086 831 Patribus
1097 791 1143 818 est
1153 788 1312 827 sancitum,
1325 794 1357 820 ut
1368 799 1410 820 eze
1421 790 1578 831 dimceses,
1590 798 1655 830 quae
1668 790 1774 820 multas

74 837 200 877 ἐχούσας
227 830 271 877 ἐφ’
313 836 406 869 ἑαυτὰς
445 836 535 868 πόλεις
573 837 645 868 τινὰς
674 837 723 865 ὕπὸ
757 836 831 864 ἔπιον

1014 836 1063 862 ent
1077 831 1166 863 urbes
1180 833 1234 864 sub
1251 834 1460 874 episcoporum
1475 834 1688 874 gubernatione
1703 843 1771 864 con-

74 875 255 921 ίθύνομέναςί
269 882 340 920 παρὰ
367 881 586 921 ἇρχιεπισνιόπων
614 881 788 920 ἱερατεύεσθαι
806 890 814 898 ¹

1015 881 1079 914 itas,
1102 887 1126 927 _a
1153 878 1390 918 metropolitauis
1414 880 1668 916 administrentur,
1698 887 1772 919 quos

73 933 249 964 μειονεκτεῖν
291 926 340 964 μὲν
360 926 440 957 αὐτὰς
476 926 530 954 τῶν
564 925 764 965 μητροπόλεων,
793 926 828 954 ὑπ

1014 930 1036 952 7n
1053 921 1110 962 ipsi
1125 931 1255 953 canones
1269 923 1418 964 appellant
1445 924 1556 964 primos
1573 934 1580 956 :
1611 932 1676 964 qua:
1703 932 1771 954 vero

73 977 136 1009 ρετν
159 969 189 998 δὲ
211 972 262 998 τῶν
277 969 439 999 ἐπισκόπων.
471 969 546 999 Οὕτω
573 969 692 1003 λυθείσης
721 970 764 998 καὶ
782 973 830 1004 τῆς

1015 975 1048 996 se
1061 976 1120 997 non
1132 967 1244 999 habent
1255 968 1343 999 urbes
1354 968 1478 1009 aliquas,
1500 969 1707 1009 episcoporum
1720 977 1770 1000 re-

72 1015 164 1049 αύτης
187 1013 358 1055 ἀμφιϐολίας,
381 1014 473 1048 ἤθελον
501 1015 598 1051 εἰπεῖν,
628 1014 688 1043 ὅτου
716 1014 796 1054 χάριν
817 1016 829 1043 ὁ

1012 1010 1048 1040 ini
1059 1010 1204 1049 subditas,
1218 1012 1459 1054 archiepiscopos
1467 1013 1769 1053 habeantpontiﬁcvs:

73 1071 129 1092 πας
161 1055 268 1098 Ῥώμης
297 1060 476 1096 οἱκουμενικὸς
506 1059 595 1091 πάπας
623 1059 739 1100 λέγεται,
775 1060 901 1092 ὡσαύτως

73 1104 120 1132 καὶ
152 1105 168 1132 ὁ
196 1103 403 1143 ὰρχιεπίσκοπος
433 1103 746 1140 Κωνσταντινουπόλεως,
777 1105 902 1142 οἷκουμε-

74 1149 151 1180 νικὸς
183 1148 352 1188 πατριάρχης
368 1158 376 1165 ·
412 1149 435 1176 οἱ
471 1147 499 1176 δὲ
533 1148 621 1177 λοιποὶ
654 1149 827 1189 πατριάρχαι,
859 1150 903 1177 καὶ

73 1198 162 1222 ταῦτα
178 1195 227 1226 τῆς
243 1193 326 1226 αὐτῆς
349 1192 421 1224 tam
449 1192 559 1231 τάξεως,
589 1193 711 1229 κλήσεώς
737 1205 766 1222 τε
787 1195 832 1223 καὶ
858 1205 901 1222 τι-

73 1241 143 1276 μῆς,
168 1239 213 1266 καὶ
227 1238 328 1271 ταύτης
350 1238 396 1266 οὒκ
417 1237 513 1278 ἔτυχον
541 1242 590 1273 τῆς
611 1239 805 1279 ἆνακηρύξεως,
829 1239 902 1269 Ἐπεὶ

72 1281 100 1310 δὲ
129 1283 178 1311 τὸν
209 1282 256 1320 μὲν
291 1283 381 1311 πάπαν
409 1283 439 1311 τὸ
471 1286 521 1316 τῆς
550 1283 685 1324 φιλαυτίας
704 1283 837 1322 δαιμόνιον
851 1287 900 1318 τῆς

72 1329 128 1355 τῶν
156 1326 259 1355 λοιπῶν
284 1327 438 1366 ἁγιωτάτων
464 1331 637 1368 πατριαρχὼν
664 1329 813 1363 ἀπέστησεν
848 1330 901 1367 ὁμ-

72 1372 210 1412 ηγύρεως,
233 1372 276 1400 καὶ
297 1372 334 1403 εἰς
349 1372 434 1409 μόνην
449 1372 498 1406 τὴν
516 1372 594 1400 Δύσιν
609 1372 810 1414 ἒστενοχώρησε
825 1381 833 1390 ⁸
857 1374 901 1402 τὸν

72 1415 101 1444 δὲ
132 1416 439 1449 Κωνσταντινουπόλεως
473 1416 565 1455 βλέπω
599 1417 692 1456 μηδενὶ
719 1420 772 1447 τῶν
802 1429 901 1457 προνο-

72 1460 142 1498 μίων
171 1463 220 1489 τοῦ
245 1461 321 1490 πάπα
350 1463 598 1499 κατακοσμούμενον
634 1462 704 1502 (οὔτε
723 1463 772 1503 γὰρ
800 1467 839 1501 τῷ
853 1463 902 1497 τῆς

943 1054 1139 1086 utinferiores
1157 1056 1203 1087 hae
1213 1057 1332 1097 quidem
1349 1058 1644 1098 sintmetropolibus,
1657 1062 1687 1088 at
1701 1057 1769 1097 epi-

944 1099 1114 1139 scopalibus
1126 1101 1350 1141 superiores.ln
1366 1102 1444 1133 hunc
1459 1103 1592 1140 modum,
1608 1103 1665 1133 hoc
1682 1102 1769 1133 etiam

943 1142 1082 1183 ambiguo
1090 1145 1199 1185 soluto,
1211 1145 1493 1188 volebantequidem
1505 1147 1619 1184 dicere,
1628 1145 1769 1187 quamob-

943 1195 1008 1218 rem
1026 1197 1100 1228 papa
1117 1190 1268 1220 Romanus
1283 1192 1451 1232 appelletur
1474 1192 1651 1224 universalis
1674 1191 1767 1232 Papa,

943 1232 1141 1273 similiterque
1152 1234 1421 1276 Constantinopolis
1434 1237 1688 1277 archiepiscopus,
1701 1236 1767 1267 uni-

944 1276 1067 1322 versalis
1083 1277 1268 1317 patriarcha:
1285 1289 1352 1310 cum
1375 1281 1482 1322 reliqui
1495 1276 1685 1322 patriarchae,
1699 1281 1770 1312 licet

944 1320 1078 1359 ejusdem
1095 1322 1154 1352 sint
1169 1322 1294 1359 ordinis,
1308 1320 1515 1365 appellationis
1531 1331 1560 1358 et
1574 1327 1710 1364 honoris,
1727 1327 1769 1358 ita

944 1365 1120 1405 proclamari
1131 1376 1195 1412 non
1220 1369 1346 1399 soleant.
1376 1369 1433 1402 Sed
1450 1371 1566 1412 quando
1589 1381 1693 1412 papam
1710 1373 1768 1402 Ito-

943 1418 1063 1457 manum
1073 1411 1176 1457 malus
1191 1412 1362 1445 ambitionis
1375 1414 1425 1446 ille
1435 1411 1540 1456 genius
1554 1426 1570 1447 a
1585 1411 1767 1457 reliquorum

943 1455 1199 1501 sanctissimorum
1211 1457 1445 1497 patriarcharum
1461 1465 1539 1492 ccetu
1560 1455 1676 1501 avulsit,
1693 1466 1722 1492 et
1736 1461 1768 1492 in

71 1503 212 1543 βασιλείας
247 1503 326 1544 λώρῳ
350 1506 418 1533 κατὰ
452 1498 482 1534 τὸ
509 1498 555 1534 τοῦ
596 1498 670 1546 ἁγίου
707 1498 828 1536 nimim;

1008 1499 1138 1531 identem
1150 1501 1290 1533 duntaxat
1304 1506 1484 1544 coarctavit;
1501 1516 1567 1537 cum
1583 1498 1702 1538 interim
1720 1507 1765 1537 vi-

73 1549 251 1588 νομιζόμενον
278 1549 409 1587 θέσπισμα
441 1552 642 1591 καταστέφεται,
675 1551 734 1580 οὔτε
774 1550 904 1581 κοκκοϐα-

72 1593 133 1633 φέσι
178 1592 294 1626 πεδίλοις
331 1594 398 1622 κατὰ
433 1595 464 1623 τὸ
490 1595 607 1624 τυπωθὲν
635 1596 806 1636 θεατρίζεται,
843 1596 902 1625 ἀλλ’

72 1637 126 1666 ουδ’
150 1638 233 1677 ἑτέρῳ
261 1639 397 1679 προνομίῳ
425 1641 474 1673 τῆς
495 1639 609 1672 παλαιᾶς
632 1635 738 1678 (Ρώμης
759 1635 902 1682 κέχρηται,

73 1683 117 1711 καὶ
130 1682 174 1711 διὰ
202 1688 280 1712 τοῦτο
301 1684 325 1711 οἱ
353 1681 430 1715 πόδες
466 1685 545 1713 αὐτοῦ
572 1684 694 1713 ἵστανται
719 1685 745 1713 έν
771 1686 901 1726 εὖθύτητι,

73 1728 116 1755 καὶ
129 1727 148 1761 ἡ
164 1727 269 1767 κεφαλὴ
285 1728 364 1757 αὑτοῦ
384 1729 495 1764 παντοίᾳ
509 1728 622 1766 ιιιυνέσει⁷
641 1729 709 1757 κατὰ
737 1730 781 1757 τὸν
811 1729 900 1767 eam,

72 1772 238 1800 πεπολίωται
254 1779 261 1786 ·
285 1773 329 1800 καὶ
354 1773 400 1804 τὰς
430 1773 527 1805 οἰκείας
554 1772 581 1801 δὲ
609 1774 763 1814 ὑπογραφὰς
793 1775 829 1807 ὡς
858 1775 900 1803 οἶ-

73 1817 231 1853 κουμενικὸς
261 1817 291 1844 οὗ
325 1816 461 1856 μεγεθύνει
497 1817 596 1858 πατὴρ,
638 1817 686 1846 κᾶν
729 1818 793 1858 παρ’
821 1819 899 1856 ἡμῶν

73 1859 142 1888 οὕτω
156 1860 287 1894 κέκληται
304 1862 348 1889 καὶ
375 1860 535 1898 δεδόξασϐαι)
550 1872 557 1879 ·
587 1863 637 1897 τὴν
659 1863 708 1900 μὲν
727 1864 785 1902 περὶ
806 1864 899 1892 τούτου

73 1904 230 1941 συζήτησιν,
259 1905 296 1938 ὡς
324 1904 476 1946 ἀλυσιτελῇ,
506 1906 677 1947 παρατρέχω.
701 1906 899 1946 Ἀπολογοῦμαι

73 1947 99 1976 δὲ
121 1949 188 1988 πρὸς
210 1949 272 1982 τοὺς
302 1949 427 1989 λέγοντας
455 1950 609 1990 τολμηρῶς,
646 1951 759 1991 ὀφείλειν
779 1954 829 1985 τῆς
844 1963 898 1980 πα-

72 1994 232 2033 τριαρχικῆς
267 1993 452 2026 ἀποξενοῦσθαι
483 1998 564 2032 τιμῆς
593 1996 638 2024 τὸν
660 1995 825 2036 Ἀντιοχείας
854 1997 898 2025 καὶ

72 2041 124 2066 τῶν
161 2035 364 2078 Ἰεροσολύμων,
402 2039 589 2068 Κεκανόνισται
626 2040 688 2080 γὰρ,
724 2035 797 2081 φασὶ,
834 2040 897 2078 μηδ’

73 2080 98 2109 ἐν
126 2082 279 2123 ἀρχιερεῦσι
315 2083 501 2112 συντάττεσθαι
543 2085 604 2116 τοὺς
637 2085 676 2122 μὴ
711 2084 896 2124 ῥιψοκινδύνως

73 2125 273 2167 ἀπερχομένους
302 2127 440 2168 ἀρχιερεῖς
470 2130 506 2160 εἰς
547 2130 608 2161 τοὺς
650 2130 720 2168 παρὰ
758 2128 896 2169 Βαρϐάρων

72 2172 268 2212 κατεχομένους
296 2174 402 2212 θρόνους
431 2175 529 2211 αὐτῶν,
559 2173 627 2211 pii-‘8‘;
649 2175 694 2202 τὸν
716 2177 761 2202 τοῦ
797 2185 898 2214 μαρτυ-

74 2215 128 2254 ρίου
154 2217 367 2257 προαρπάζοντος
397 2217 536 2258 στέφανον,
567 2214 613 2250 Ὠς
641 2219 664 2246 εἰ
687 2218 735 2255 μὲν
763 2219 811 2246 εἰσὶ
839 2218 898 2246 λαϊ-

72 2261 114 2288 κοὶ
127 2263 152 2289 οἱ
172 2263 281 2291 τοιαῦτα
307 2262 375 2290 καθά
409 2273 434 2290 τι
456 2263 568 2301 μάταιον
597 2262 730 2301 ἅμϐλωμα
757 2263 825 2291 κατὰ
845 2264 898 2291 τῶν

73 2303 152 2343 ἁγίων
180 2305 304 2346 κεφαλῶν
332 2305 520 2348 ὦδινήσαντες,
544 2307 705 2347 συγγνώμης
734 2306 898 2342 ἀξιωθήσον-

71 2359 114 2392 ται
129 2351 197 2380 κατὰ
212 2350 313 2385 πολλὴν
342 2351 496 2383 ἐπιείκειαν,
526 2352 674 2392 Γέγραπται
691 2352 741 2391 γάρ
759 2361 765 2368 ·
790 2351 826 2380 Οὐ
842 2353 898 2392 χρὴ

75 2387 205 2432 Ῥωμαῖον
227 2395 306 2436 ἄνδρα
342 2397 437 2433 νόμους
463 2397 571 2436 (ταύτὸν
594 2396 616 2425 δ’
647 2397 717 2425 ἔστιν
746 2397 830 2425 εἰπεῖν
853 2398 897 2425 καὶ

72 2439 196 2479 κανόνας)
224 2440 343 2480 ἀγνοεῖν.
374 2436 438 2471 1Ὀτι
467 2441 515 2470 κᾶν
552 2442 682 2482 χειρῶναξ
703 2442 741 2473 τίς
765 2441 832 2479 ἐστι,
849 2440 896 2469 κᾶν

73 2482 179 2522 σύρφαξ,
203 2485 308 2513 οἴκοθεν
323 2485 416 2515 εἰδέναι
432 2486 526 2524 νόμους
547 2487 565 2521 ἢ
591 2487 704 2518 κανόνας
727 2486 765 2524 μὴ
787 2497 898 2525 συγχω-

74 2527 195 2564 ρούμενός
211 2529 293 2569 ἐστιν,
309 2529 367 2558 ἀλλ’
384 2532 407 2559 οἱ
422 2531 529 2564 τούτους
552 2532 620 2560 κατὰ
644 2529 798 2563 σπουδαίους
813 2530 895 2570 ἆργυ·

75 2573 244 2611 ρογνώμονασ
259 2575 474 2613 μεταλλεύοντες,

115 2627 127 2645 α
143 2613 233 2648 ΗΟεῑσα
247 2631 275 2648 τε
289 2619 374 2660 φύλλα
397 2622 441 2649 καὶ
467 2621 544 2651 ἄνθεα
573 2622 670 2660 γίνεται
698 2621 788 2661 εἴαρος
812 2621 868 2661 ὥρῃ
886 2629 893 2636 ”

944 1544 1033 1575 deant
1048 1545 1405 1587 Constantinopolitanum
1422 1551 1504 1581 nullo
1517 1560 1600 1592 papa:
1615 1551 1768 1592 privilegio

944 1593 1040 1635 semet
1066 1594 1222 1621 ornantem
1253 1592 1376 1633 (quippe
1414 1604 1470 1626 nec
1498 1596 1582 1635 regni
1611 1599 1769 1627 coronatur

944 1633 1046 1671 fascia,
1060 1635 1224 1666 secundum
1236 1636 1278 1674 id,
1296 1639 1375 1678 quod
1391 1640 1485 1671 sancti
1511 1633 1695 1672 constantini
1710 1647 1768 1672 sta-

946 1682 1041 1710 tutum
1060 1687 1126 1710 esse
1142 1684 1272 1720 putatur,
1286 1692 1343 1713 nec
1355 1693 1422 1714 cum
1436 1685 1583 1716 coccineis
1599 1685 1720 1723 calceis,
1736 1690 1769 1716 ut

943 1723 1055 1769 ibidem
1074 1724 1226 1769 sancitur;
1243 1727 1322 1757 velut
1341 1728 1371 1758 in
1387 1729 1555 1769 spectaculo
1571 1735 1666 1761 semet
1679 1731 1766 1762 exhi-

942 1766 1011 1815 bet;
1031 1776 1087 1798 nec
1098 1768 1178 1799 aliud
1191 1770 1320 1815 denique
1339 1766 1441 1804 Romre
1451 1775 1561 1805 veteris
1576 1784 1657 1815 papae
1673 1775 1766 1815 privi-

941 1810 1051 1858 legium
1068 1818 1190 1853 usurpat
1203 1823 1209 1843 :
1223 1810 1352 1856 ideoque
1360 1821 1437 1848 stant
1449 1819 1541 1858 pedes
1552 1810 1622 1858 ej-us-
1634 1819 1663 1849 in
1673 1810 1753 1849 irecti

941 1856 1054 1904 tudine,
1065 1861 1093 1887 et
1102 1861 1192 1904 caput
1201 1859 1265 1899 ejus
1275 1862 1434 1900 omnigena
1444 1856 1611 1902 prudentia,
1623 1863 1765 1904 quemad-

942 1901 1061 1931 modum
1103 1901 1230 1934 Davides
1269 1905 1410 1945 loquitur,
1442 1901 1584 1938 incanuit.
1616 1901 1697 1940 Idem
1727 1917 1766 1939 ne

939 1945 1181 1993 subscriptiones
1192 1949 1314 1988 quidem
1331 1960 1401 1981 suas
1416 1952 1589 1993 magniﬁcas
1604 1952 1684 1990 facit,
1701 1957 1766 1983 tnu-

939 1999 1027 2030 qunm
1037 1995 1121 2030 pater
1133 1992 1308 2025 universalis
1322 2005 1330 2033 ;
1346 1996 1416 2027 licet
1427 2006 1444 2027 a
1455 1992 1540 2029 nobis
1551 1998 1591 2028 ita
1605 2001 1726 2028 vocetur
1735 2003 1765 2028 et

939 2034 1108 2082 celebretur
1124 2037 1276 2077 (equidem
1294 2039 1331 2071 de
1347 2041 1403 2072 hoc
1419 2041 1670 2082 disquisitionem,
1687 2042 1765 2073 velut

938 2079 1154 2121 infrugiferum,
1164 2081 1320 2115 instituere
1332 2079 1524 2125 supersedeo.
1538 2087 1648 2118 Facere
1663 2079 1761 2117 tamen

909 2129 998 2154 Dnon
1012 2134 1144 2172 possum,
1162 2126 1234 2172 quin
1260 2128 1296 2158 iis
1321 2130 1529 2170 respondeam,
1546 2131 1596 2172 qui
1625 2131 1766 2162 audacter

940 2169 1112 2209 praedicant,
1125 2170 1292 2210 adignitate
1300 2169 1487 2213 patriam-buli
1498 2169 1695 2207 removendos
1705 2176 1764 2207 An-

940 2213 1110 2244 tiochenum
1123 2218 1151 2244 et
1161 2214 1764 2260 llierosolymitanum.Quippecanonibus

939 2260 1079 2288 statutum
1096 2262 1151 2304 est,
1169 2258 1316 2299 inquiunt,
1333 2272 1371 2293 ne
1386 2264 1504 2303 quidem
1519 2258 1597 2296 inter
1608 2264 1767 2304 pontiﬁces

938 2302 1140 2348 recensendos
1154 2312 1230 2344 esse,
1248 2306 1298 2345 qui
1315 2316 1372 2337 non
1390 2302 1434 2338 iet
1451 2312 1582 2339 extremo
1598 2302 1664 2339 cum
1682 2308 1762 2348 peri-

940 2345 1005 2377 culo
1023 2355 1056 2377 se
1066 2347 1221 2379 conferant
1231 2350 1265 2380 ad
1279 2350 1401 2383 thronos
1417 2362 1487 2383 suos
1496 2363 1511 2383 ιι
1523 2352 1660 2384 Barbaris
1671 2345 1763 2383 occu-

938 2395 1106 2438 patos,‘nec
1123 2394 1251 2438 martyrii
1267 2405 1406 2427 coronam
1419 2398 1602 2438 prmripianl.
1616 2397 1761 2429 Nimirum

937 2436 963 2483 si
977 2436 1044 2467 laici
1060 2440 1140 2483 sunt,
1157 2437 1207 2477 qui
1224 2439 1295 2469 talia
1319 2441 1407 2472 veluti
1419 2436 1426 2438 ’
1437 2436 1576 2473 stolidum
1603 2443 1761 2483 quemdam

937 2481 1072 2528 abortum
1080 2481 1219 2528 adversus
1229 2493 1314 2516 sacra
1328 2491 1429 2517 sancta
1444 2487 1538 2528 capita
1548 2481 1761 2526 parturierunt,

938 2526 1052 2572 veniam
1069 2525 1264 2572 merebuntur
1290 2539 1326 2561 ex
1352 2525 1494 2571 singulari
1517 2525 1643 2572 quadam
1660 2535 1761 2561 nostra

937 2570 1152 2616 moderatione.
1167 2571 1354 2614 Czetcl‘oquin
1370 2570 1448 2606 enim
1463 2570 1606 2616 scriptum
1619 2579 1681 2606 est:
1698 2574 1761 2605 Ho-

938 2615 1048 2646 minem
1059 2615 1225 2648 ROmanum
1237 2618 1374 2657 ignorare
1384 2620 1464 2660 leges
1475 2615 1566 2660 (idem
1576 2623 1606 2649 et
1616 2618 1653 2648 de
1668 2627 1761 2649 cano-

76 2659 159 2707 pibus
173 2659 342 2702 dicendum)
356 2675 416 2697 non
431 2669 557 2706 oportet.
569 2659 685 2707 Quippe
700 2659 773 2697 licet
786 2659 893 2706 aliquis
909 2663 1079 2696 manuarius
1094 2663 1134 2693 sit
1149 2662 1257 2705 opifex,
1276 2669 1304 2696 et
1320 2675 1354 2697 ex
1370 2659 1471 2697 infima
1480 2659 1553 2696 faece
1568 2662 1673 2704 plebis,
1690 2662 1761 2703 quin

75 2703 151 2752 leges
166 2713 216 2740 aut
231 2719 362 2741 canones
376 2719 431 2751 per
444 2703 477 2742 se
491 2710 581 2748 norit,
598 2703 714 2742 veniam
727 2703 890 2752 impetrare
902 2719 962 2741 non
978 2712 1074 2750 potest
1092 2717 1100 2746 ;
1131 2717 1198 2739 cum
1222 2703 1272 2750 qui
1297 2710 1378 2750 leges
1403 2714 1432 2741 et
1446 2703 1587 2751 canones,
1603 2707 1697 2739 instar
1711 2707 1759 2739 in-

77 2748 251 2786 dustriorum
267 2748 384 2795 argenti
398 2756 629 2797 exploratorum,
646 2748 835 2797 investigarit,
852 2756 883 2787 in
895 2756 951 2786 hac
964 2748 1037 2786 urbe
1051 2753 1133 2794 regia
1148 2756 1190 2784 tot
1204 2748 1275 2785 sint.

525 2800 606 2841 Quot
620 2801 695 2842 folia
709 2804 740 2832 et
754 2802 842 2842 ﬂores
855 2804 1025 2832 nascuntur
1040 2802 1172 2839 tempore
1186 2808 1296 2832 verno:
