1917 3080
89 124 171 172 ulas
753 135 1114 172 οῐιΑιοο-ΒΟΜΑΝΗΜ.
1697 140 1775 173 nec

84 210 138 235 κοῦ
177 203 278 244 βιϐλίου
318 203 412 233 λαϐεῖν
451 205 497 233 τὸν
539 204 716 245 πρωτέκδικοι
750 204 838 233 ἄδειαν
858 206 908 245 περ

991 204 1087 236 dicata
1100 205 1193 236 verba
1206 204 1275 237 libri
1298 205 1336 237 de
1363 206 1462 238 ofﬁcio
1490 206 1579 248 primi
1593 207 1770 247 defensoris,

84 250 178 284 πάσης
201 249 348 281 ὑποθέσεως
369 247 482 285 δικάζειν
509 249 643 282 διακόνους
665 250 708 279 καὶ
735 251 816 289 ἱερεῖς
844 250 908 288 μετᾶ

992 253 1125 281 ιεεωίρῐη
1141 250 1282 291 consequi
1299 251 1426 291 primum
1451 247 1654 290 defensorem,
1669 253 1772 294 quavis

82 297 141 322 τῶν
162 293 334 323 ἆντιθούντωθ
359 293 475 334 αὺτοῖς),
498 297 556 326 πῶς
589 294 637 323 οὐκ
671 294 725 322 ἔστι
752 296 801 328 τῆς
826 305 908 334 πρωτ-

998 303 1085 325 causa
1096 295 1254 335 judicandi
1282 295 1422 327 diaconos
1449 299 1480 327 et
1495 293 1686 335 sacerdotes,
1704 307 1772 329 cum

83 337 223 382 εκδικικῆς
250 338 342 378 σοφίας
366 337 494 379 ἀνάξιον;
531 337 611 368 Βαϐαὶ
632 339 693 378 γὰρ,
722 338 792 367 πόσα
820 338 908 366 τούτου

991 347 1054 369 rum
1071 339 1275 380 adversariis),
1291 339 1321 371 id
1330 348 1398 371 vero
1422 349 1480 381 quo
1496 344 1581 381 pacto
1595 341 1771 382 sapientiam

81 381 205 428 δοθέντος
219 382 369 428 ἀθετοῦνται
390 383 513 428 θειότατα
541 383 641 428 νόμιμα
658 383 665 413 !
695 384 766 412 πόσα
789 382 908 428 Πατέρων

991 382 1041 414 imi
1058 383 1222 415 defensoris
1242 393 1301 415 non
1316 384 1470 424 indignum
1499 385 1569 416 est?
1584 381 1683 425 Babae,
1699 391 1773 428 quot

81 426 155 456 λέων
195 426 337 467 ὁρθοδόξων
386 426 614 472 θεσπιοῶίιματαῐ
660 427 732 456 πόσα
778 427 908 456 Βασιλέων

991 429 1004 458 0
1019 437 1161 459 concesso
1177 429 1384 460 sacratissima;
1399 428 1479 469 leges
1507 428 1684 462 abolentur!
1701 426 1773 472 quot

80 473 163 501 θείων
203 471 323 511 δόγματα
357 472 402 501 καὶ
442 471 601 512 διδάγματα,
643 473 704 504 τοὺς
739 472 908 511 ἑναγομὲνους

991 472 1183 503 thodoxorum
1197 473 1363 514 principum
1389 474 1559 505 sanctiones
1570 475 1578 505 l
1590 478 1663 515 quot
1670 471 1772 507 sancto

79 519 217 549 παντοίως
244 517 401 561 συνάγοντα,
431 515 499 556 [καὶΙ
532 515 566 545 δι’
596 516 809 561 ἐπιφωνημάτων
836 527 908 561 τρια-

991 525 1019 561 m
1037 518 1153 547 Patrum
1182 517 1302 549 decreta
1331 518 1443 558 pariter
1471 522 1500 550 et
1525 518 1772 561 doctrinaelquaa

78 562 254 601 κονθημέρων
291 560 549 600 μετακαλουμένους,
581 561 626 590 καὶ
660 560 768 592 διπλαῖς
811 560 908 594 ἐκκλη-

991 560 1042 591 riis
1064 561 1160 592 modis
1175 561 1236 592 reis
1250 562 1358 600 favent,
1374 562 1443 593 dum
1469 572 1520 594 eos
1536 572 1589 604 per
1603 564 1701 596 edicta
1714 560 1770 596 tri-

78 617 141 639 τοις
161 607 211 640 τὴν
232 606 332 636 τούτων
368 605 512 639 κατᾶδίκην
547 605 762 646 μετεωρίζονταε
799 606 908 638 Πάντως

991 608 1030 636 Ita
1045 605 1161 636 dierum
1176 609 1341 644 arcessunt,
1357 611 1387 638 et
1402 606 1771 648 duabusappellationibus

78 650 182 690 πολλὰ,
217 651 260 680 καὶ
305 650 391 679 πάντα
433 648 530 690 σχεδὸν
575 649 686 690 ἀριθμὸν
720 648 908 690 ὒπιρϐἆίνοντα

991 650 1231 681 ndemnationem
1238 652 1551 692 eorumsuspendunt?
1571 653 1681 693 Multae,
1692 654 1772 685 haud

78 695 228 735 Συνάγεται
262 696 347 725 τοίνυν
381 695 569 735 ἂπροσπαθῶς,
600 695 644 723 καὶ
677 695 728 729 τὴν
759 695 788 723 ἐκ
809 695 908 723 τούτων

991 693 1051 740 bis,
1064 699 1152 736 atque
1163 698 1281 728 omnem
1294 704 1451 740 numerum
1467 696 1655 729 excedentes.
1671 699 1773 740 Itaque

77 743 138 768 τῶν
158 740 284 778 ῥημάτων
309 739 522 780 ἀναφαινομένην
549 738 625 774 δῆθεν
656 739 783 780 ἀσάφειαν
812 750 907 779 συναρ-

991 738 1030 770 ΙΙο
1042 739 1261 771 interveniente
1275 739 1367 771 animi
1381 740 1488 772 aﬂ‘ectu
1502 742 1660 781 colligitur,
1671 738 1770 775 emer-

79 784 257 824 μολογεῖσθαι
282 784 371 817 καλῶς
400 787 434 823 τῇ
469 784 529 824 περὶ
557 783 708 828 ἀλευθεριῷν
743 783 825 822 λοιπῇ
850 787 908 828 ,τοῦ

991 787 1067 814 ntem
1083 793 1119 816 ex
1135 784 1216 816 hisce
1241 785 1340 816 verbis
1363 784 1574 817 obscuritatem
1587 786 1767 828 ambiguam,

78 827 186 868 βιϐλίου
206 831 300 874 ,γραφῇ
317 839 324 847 ·
353 830 397 857 καὶ
418 829 478 860 τοὺς
499 829 570 868 παρὰ
597 827 778 874 πρεσϐυτέρων
796 827 906 874 ,ἢλδια-

991 831 1032 859 :te
1047 829 1202 874 conciliari
1221 838 1273 867 per
1283 829 1326 874 id,
1340 829 1418 874 quod
1434 830 1464 861 in
1479 830 1585 862 eodem
1598 827 1678 862 libro?
1688 831 1772 864 dein-

77 875 170 902 κόνων
191 873 348 912 ἑλκομένους
369 874 441 914 παρὰ
469 880 528 906 τοῖς
555 872 768 905 Θεοσεόεστᾶτοις
794 871 906 905 ἑκδίκοις

991 881 1019 913 ps
1034 873 1231 914 perscriptum
1248 877 1294 904 est
1305 873 1539 906 delibertatibus
1552 875 1693 907 nimirum
1704 885 1769 916 eos,

77 918 164 958 χάριν
192 917 442 958 ἑλευθεροϐοούντων
470 918 489 952 ἢ
530 917 788 957 δουλαγωγουμένων
814 921 904 954 τινῶν,

991 916 1024 948 ia
1034 917 1214 958 presbyteris
1229 918 1276 948 vel
1288 917 1421 949 diaconis
1435 923 1624 952 arcessantur
1644 921 1681 952 ad
1696 921 1771 953 reli-

77 964 126 991 καὶ
170 963 237 1001 μετὰ
262 969 335 1003 τρεῖς
367 961 504 995 διαλαλιὰς
539 963 579 1000 μὴ
607 962 776 1001 πειθομένους
806 962 905 1002 ιλθεῖν,

991 961 1133 992 ιείεείωοε
1148 961 1323 993 defensores
1338 962 1457 993 illorum
1473 972 1572 1002 causa,
1588 965 1639 1006 qui
1651 966 1773 1006 procla-

77 1010 238 1047 μονομερῶς
266 1008 475 1047 κατακρίνεσθαι,
506 1006 548 1035 διὰ
577 1007 610 1036 τὰ
638 1018 738 1046 νομιμα
772 1009 832 1036 Orta
859 1008 905 1036 θε-

991 1010 1029 1036 lnt
1040 1006 1076 1037 ad
1090 1006 1269 1052 libertatem,
1281 1006 1326 1037 vel
1336 1006 1368 1037 in
1379 1007 1551 1038 servitutem
1567 1008 1770 1052 abripiuntur,

77 1053 231 1091 σπίσματα,
269 1052 303 1081 τὰ
338 1053 388 1086 τὴν
422 1051 566 1088 ἒλευθερίαν
595 1052 661 1092 ὑπὲρ
689 1063 776 1080 παντα
810 1051 907 1091 σχεδὸν

991 1054 1055 1090 post
1070 1051 1166 1082 edicta
1182 1051 1236 1082 tria
1247 1055 1388 1083 recusent
1416 1061 1602 1092 comparere,
1617 1063 1676 1085 una
1691 1050 1771 1086 dun;

77 1096 286 1136 περιθάλποντα,
339 1097 382 1126 καὶ
422 1096 449 1129 ιε
494 1095 618 1125 ἐπιπέδου
653 1096 816 1136 διοριζόμενα
857 1096 906 1129 τὴν

991 1098 1028 1125 :at
1043 1100 1125 1136 parte
1141 1100 1286 1136 praesente
1301 1095 1507 1134 condemnari,
1536 1101 1657 1138 propter
1672 1108 1770 1130 sacras

77 1142 182 1175 ταύτης
212 1143 323 1177 ζήτησιν
352 1143 479 1181 γίνεσθαι,
516 1142 560 1170 καὶ
586 1141 625 1179 μὴ
653 1140 812 1181 ὠφελεῖσθαι
846 1141 907 1172 τοὺς

991 1139 1022 1170 'is
1034 1140 1216 1178 sanctiones,
1232 1149 1298 1180 quae
1321 1139 1488 1171 libertatem
1514 1149 1606 1182 prope
1620 1151 1709 1182 supra
1723 1152 1774 1174 res

77 1186 152 1214 οὕτω
179 1186 228 1220 τὴν
253 1185 397 1220 καταδίκην
424 1184 483 1215 καθ’
511 1185 612 1215 ἑαυτῶν
646 1184 850 1225 σχεδιάσαντας,
878 1183 908 1213 ἐκ

991 1192 1059 1214 anes
1073 1183 1382 1225 fovent,etinquiride
1400 1184 1455 1216 hac
1463 1185 1581 1224 jubent,
1597 1195 1632 1217 ex
1643 1187 1773 1227 simplici

87 1234 137 1259 τοῦ
152 1231 221 1260 εἶναι
249 1234 294 1259 τοῦ
317 1230 438 1269 βήματος
465 1233 515 1263 τῆς
543 1230 688 1270 ἐλευθερίας
715 1230 776 1261 τοὺς
805 1228 908 1264 ἀντιλή-

991 1228 1078 1267 plano
1089 1238 1096 1267 ;
1106 1228 1206 1260 necita
1215 1228 1430 1259 condemnatos
1443 1229 1603 1270 quidquam
1614 1239 1649 1262 ex
1659 1240 1694 1262 eo
1704 1231 1773 1263 sub-

87 1286 202 1315 πτορας,
232 1274 307 1304 Οὕτω
335 1274 363 1303 δὲ
390 1275 490 1304 τούτων
512 1274 642 1315 ἐχόντων,
665 1273 772 1307 δικαίως
800 1273 908 1312 ἐπιτρα-

991 1271 1024 1303 lii
1039 1273 1264 1313 caperevolunt,
1275 1273 1353 1314 quod
1366 1272 1514 1305 libertatis
1525 1279 1772 1315 propugnatores,

86 1321 204 1355 πήσεται
236 1321 251 1348 ὁ
278 1319 469 1360 πρωτέκδικος,
499 1321 551 1348 τῶν
580 1319 630 1357 μὶν
662 1319 741 1359 χάριν
768 1318 908 1358 ἐλευθερίας

991 1317 1030 1348 [τί
1044 1317 1103 1348 sint
1129 1317 1243 1348 ordinis
1270 1317 1419 1350 homines.

1448 1317 1521 1354 Quae
1549 1329 1616 1350 cum
1645 1320 1686 1351 ita
1700 1321 1771 1359 sint,

87 1365 141 1398 τὴν
175 1363 399 1398 ὲκκλησιαο-τικὴν
439 1365 588 1400 ζητούντων
611 1364 745 1402 βοήθειαν,
776 1363 842 1401 μετὰ
870 1361 908 1391 δι-

991 1361 1032 1392 ,υά
1047 1361 1100 1393 abs
1110 1370 1144 1393 re
1160 1361 1254 1401 primo
1283 1361 1437 1393 defensori
1460 1363 1638 1403 permissum
1654 1365 1721 1403 erit,
1741 1371 1773 1397 ut

87 1408 241 1441 καιοδοσίας
276 1407 512 1447 ἀντιλαμϐάνεσθαι
531 1416 538 1423 ”
567 1410 621 1437 τῶν
647 1407 675 1436 δὲ
701 1407 801 1436 λοιπῶν
829 1418 911 1446 προσ-

88 1454 182 1494 φύγων
220 1453 425 1491 ἀντιποιεῖσθαι,
453 1453 544 1493 ὥσπερ
571 1453 615 1481 καὶ
646 1452 712 1481 ὅπου
737 1452 888 1490 νενόμισται
903 1460 911 1469 ⁸

953 1405 991 1436 iis
1006 1406 1140 1446 quidem,
1171 1405 1222 1447 qui
1248 1415 1336 1447 opem
1363 1406 1597 1440 ecclesiasticam
1624 1408 1774 1442 libertatis

955 1451 1224 1492 causaimplorant,
1236 1460 1290 1491 per
1309 1450 1548 1491 jurisdictionem
1564 1462 1647 1485 suam
1662 1454 1772 1486 subve-

87 1492 137 1526 καί
170 1497 336 1527 συνίστασθαι
363 1497 465 1536 μᾶλλυν
494 1498 609 1538 τούτοις,
636 1498 679 1526 καὶ
707 1496 819 1526 ἐκδικεῖν
860 1496 908 1525 ἂπέ

991 1499 1036 1526 at:
1054 1499 1084 1526 et
1097 1495 1282 1536 reliquorum
1311 1496 1347 1526 ad
1362 1495 1512 1527 Ecclesias
1535 1497 1772 1538 confugientium

87 1544 144 1571 τῶν
164 1542 362 1582 ἐπηρεαζόντων
387 1542 490 1580 αὐτοὺς,
513 1542 599 1573 καθώς
629 1553 680 1570 που
700 1542 744 1570 καὶ
771 1539 911 1575 κέκληται.

88 1586 166 1616 Οὕτω
181 1587 232 1627 γὰρ
252 1590 349 1627 ποιῶν,
373 1587 418 1615 καὶ
443 1585 558 1627 φυλάξας
583 1586 662 1618 ὁσίως
690 1587 723 1614 τὰ
750 1585 811 1614 ὅσια
836 1584 913 1615 δεόν-

86 1642 144 1664 τως
175 1632 360 1667 ὁσιωθήσετσι,
384 1631 434 1660 Καὶ
460 1634 542 1659 ταῦτα
564 1630 612 1669 μὲν
633 1630 815 1671 ἀποχρώντως
830 1629 913 1670 ἰγρά-

87 1687 179 1716 φησαν
213 1677 250 1708 εἰς
291 1676 422 1715 ὲκτροσιὴν
456 1678 510 1704 τῶν
544 1675 615 1714 παρᾶ
655 1679 702 1705 τοῦ
735 1673 912 1715 πρωτεκδίκου

86 1720 295 1760 προτιθεμένων,
331 1721 375 1749 καὶ
416 1720 634 1760 παρασπωμένων
676 1720 710 1748 τὰ
753 1719 824 1760 παρᾷ
866 1724 912 1749 τοῦ

87 1765 289 1806 χαρτοφύλακος
320 1759 467 1803 ἀμέμπτως
508 1764 642 1803 νεμόμενα
668 1763 765 1796 δικαία.
804 1759 911 1797 Ῥητὲον

86 1811 114 1840 δὲ
142 1813 187 1840 καὶ
213 1811 247 1840 τὰ
267 1814 428 1840 συνιστῶντα
456 1811 500 1840 τὸν
522 1810 722 1851 χαρτοιρύλακα.
748 1810 855 1840 Εἶπάτω
882 1808 909 1838 δὲ

86 1855 191 1894 μᾶλλον
204 1859 287 1885 ταῦτα
307 1858 357 1890 τῆς
370 1854 493 1889 ἀληθείας
508 1856 538 1884 τὸ
560 1855 657 1894 στόμα,
680 1855 724 1884 καὶ
744 1857 794 1889 τῆς
806 1853 909 1883 δικαιο-

85 1901 168 1934 σύνης
196 1900 211 1929 ὁ
243 1899 327 1934 ἥλιος.
360 1899 424 1930 Οὒὸὲ
452 1900 502 1939 γὰρ
531 1899 634 1928 εἵκοθεν
663 1899 783 1937 εἴπωμεν
811 1898 910 1937 ὶτιιμύ-

84 1946 152 1983 θιον,
169 1945 237 1974 κατὰ
264 1945 325 1978 τοὺς
339 1944 516 1983 κνηθομένους
529 1945 577 1977 τὰς
591 1944 685 1982 ἀκοὰς,
714 1945 753 1981 τῷ
773 1944 847 1982 λόγῳ
865 1948 911 1973 τοῦ

85 1988 265 2031 διαφέροντος,
295 1991 339 2019 καὶ
360 1990 420 2022 τοὺς
442 1989 484 2018 ἐπὶ
511 1988 603 2021 ὓδατος
631 1988 780 2028 ἇντιλογίις
803 1987 911 2027 δοκιμά-

84 2038 178 2070 ζοντας
205 2036 238 2064 τὰ
268 2033 402 2075 ἀμφίϐολα
418 2043 426 2051 ·
461 2033 521 2062 ἀλλ’
557 2034 648 2062 ἐκεῖνα
681 2032 794 2066 διπλόης
821 2033 910 2066 πάσης

84 2079 162 2112 ἀκτὸς
191 2078 380 2120 σχεδιάσομεν,
417 2078 466 2107 ὅσα
494 2085 575 2119 πεῖρα
609 2078 709 2118 μακρὰ,
736 2079 779 2106 καὶ
811 2077 906 2118 χρόνος

84 2124 180 2162 πολὺς,
195 2125 240 2153 καὶ
253 2124 328 2153 Θείων
343 2125 453 2164 Γραφῶν
480 2122 627 2162 ἀνάγνωσις
653 2124 724 2160 ἡμᾶς
746 2120 906 2154 ἀνεδίδαξαν,

955 1548 1075 1570 causam
1092 1543 1217 1576 tueatur,
1236 1539 1484 1580 quemadmodum
1501 1543 1530 1572 et
1539 1540 1589 1572 ubi
1603 1541 1719 1582 legibus
1729 1547 1775 1575 est

954 1583 1108 1615 definitum
1123 1593 1130 1616 :
1147 1584 1281 1625 adeoque
1297 1584 1394 1625 potius
1415 1584 1463 1615 his
1476 1585 1604 1624 assistat,
1622 1591 1652 1619 et
1666 1587 1773 1619 defen-

954 1627 1005 1660 dat
1032 1638 1085 1660 eos
1113 1628 1150 1660 ab
1178 1628 1378 1660 inferentibus
1405 1628 1558 1670 injuriam,
1598 1631 1688 1663 sicuti
1714 1642 1772 1664 no-

954 1672 1044 1704 minis
1059 1673 1153 1714 ipsius
1166 1673 1241 1704 ratio
1267 1673 1405 1714 postulat.
1430 1674 1504 1705 Nam
1529 1674 1570 1706 ita
1579 1675 1605 1706 si
1627 1685 1660 1707 se
1675 1681 1770 1716 geret,

953 1726 986 1749 ac
1001 1722 1103 1750 sancte
1116 1722 1217 1749 sancta
1240 1718 1414 1754 servaverit.
1437 1717 1516 1749 haud
1541 1719 1632 1751 dubie
1646 1730 1772 1753 venera-

951 1763 1062 1794 tionem
1079 1761 1364 1794 merebitur.Ethaac
1371 1761 1492 1803 quidem
1507 1763 1773 1804 scriptasufficiant

950 1807 987 1838 ad
1000 1816 1035 1838 ea
1048 1807 1232 1844 divertenda,
1245 1816 1310 1847 quae
1324 1816 1340 1838 a
1352 1806 1449 1848 primo
1464 1806 1653 1840 defensorem
1671 1810 1770 1850 profe-

949 1855 1065 1883 runtur.
1082 1861 1116 1883 ac
1126 1852 1194 1892 jura
1219 1852 1398 1890 convellunt,
1423 1850 1454 1882 in
1479 1861 1605 1892 quorum
1621 1853 1771 1895 inculpata

951 1896 1139 1937 possessione
1153 1895 1349 1928 chartularius
1364 1900 1418 1928 est.
1436 1895 1521 1927 Nunc
1549 1896 1586 1928 de
1600 1897 1638 1928 iis
1652 1907 1772 1939 quoque

951 1941 1122 1979 dicendum,
1138 1950 1204 1982 quae
1220 1950 1271 1981 pro
1288 1940 1468 1972 chartulario
1484 1941 1607 1974 faciunt.
1628 1941 1682 1973 Vel
1694 1943 1773 1974 dicat

951 1995 987 2016 ea
1001 1985 1098 2026 potius
1112 1986 1209 2026 ipsum
1222 1985 1351 2017 veritatis
1365 1995 1410 2023 os,
1432 1990 1463 2016 et
1486 1985 1530 2017 sol
1557 1986 1690 2026 justitiae.
1706 1987 1771 2019 Non

951 2030 1031 2061 enim
1045 2038 1080 2062 ex
1096 2030 1183 2061 nobis
1197 2029 1326 2061 fabulam
1342 2030 1512 2067 afferemus,
1529 2030 1623 2062 instar
1639 2031 1771 2070 illorum,

952 2075 1059 2115 quibus
1074 2084 1161 2106 aures
1178 2076 1297 2115 puriunt
1320 2074 1357 2105 ad
1384 2075 1548 2105 orationem
1575 2075 1613 2106 de
1641 2085 1677 2107 eo
1692 2077 1771 2117 quod

949 2120 1021 2160 ipsis
1036 2119 1172 2160 expedit;
1190 2123 1220 2150 et
1234 2128 1338 2151 eorum
1350 2128 1445 2160 more,
1455 2119 1506 2160 qui
1520 2119 1557 2150 ad
1573 2129 1681 2160 aquam
1696 2130 1771 2152 con-

84 2168 210 2209 Ἀρκτέον
225 2168 281 2207 οὖν,
297 2167 355 2197 ὅθεν
368 2167 494 2208 ἄρχεσθαι
509 2166 617 2206 ἄμεινον
633 2175 641 2184 ⁰
666 2168 710 2195 καὶ
726 2166 863 2207 πορευτέον
877 2166 908 2194 lx

991 2164 1136 2196 [dictionis
1153 2164 1325 2196 examinant
1341 2173 1389 2195 res
1397 2167 1616 2196 controversas:
1631 2165 1683 2196 sed
1700 2165 1774 2197 citra

85 2212 222 2252 δυνάμεως
236 2213 316 2244 πάλιν
328 2213 364 2246 εἷς
377 2212 497 2250 δύναμιν.

949 2211 1048 2242 fucum
1063 2218 1182 2241 omnem
1199 2219 1234 2240 ea
1261 2209 1440 2249 simpliciter
1466 2217 1680 2249 proponemus,
1708 2219 1773 2251 quae

84 2256 244 2290 diuturnus
257 2266 330 2289 usus
345 2255 425 2296 longi
441 2255 585 2297 temporis
600 2255 784 2294 exercitatio,
801 2259 830 2287 et
843 2264 996 2288 sacrarum
1011 2255 1188 2286 Litterarum
1205 2253 1293 2285 lectio
1308 2263 1363 2284 nos
1378 2253 1554 2284 docuerunt.
1564 2253 1771 2294 Incipiendum

85 2301 188 2345 igitur,
205 2302 286 2334 unde
300 2305 420 2343 praestat
434 2300 552 2332 initium
570 2301 634 2332 ﬁeri
653 2311 660 2332 :
677 2304 706 2331 et
719 2310 737 2332 a
751 2300 887 2332 facultate
904 2301 1049 2341 majorem
1060 2299 1097 2331 ad
1112 2299 1280 2345 facultatem
1296 2298 1561 2345 progrediendum,

126 2347 235 2389 Κεφαλὴ
250 2350 300 2382 τῆς
322 2346 474 2387 ἄγιωτάτης
503 2345 549 2374 τοῦ
577 2349 643 2375 Θεοῦ
664 2345 785 2385 μεγάλης
806 2345 908 2380 ἐκκλη-

87 2394 143 2426 σίας
171 2393 236 2431 ἐστὶ,
267 2392 334 2430 μετὰ
359 2392 407 2426 τὴν
437 2391 545 2431 πρώτην
574 2390 703 2431 ἄναρχον.
740 2391 783 2419 καὶ
809 2389 907 2431 ἀΐδιον,

86 2439 129 2467 καὶ
155 2436 363 2478 ἀπειροδύναμον
389 2435 519 2476 κεφαλὴν,
553 2436 599 2463 τὸν
636 2436 729 2476 Κύριον
764 2435 808 2464 καὶ
844 2436 910 2464 Θεὸν

87 2482 163 2521 ἡμῶν
190 2481 293 2516 ’[ησοῦν
314 2482 437 2521 Χριστὸν,
459 2481 473 2508 ὁ
502 2481 680 2518 πνευματικὸς
714 2480 824 2521 νυμφίος
860 2481 910 2509 αὗ-

87 2530 136 2561 τῆς
172 2528 186 2556 ὁ
224 2527 291 2556 κατὰ
330 2526 435 2566 καιροὺς
466 2525 613 2564 ἄγιώτατος
641 2525 822 2563 οἶκουμενικὸς
857 2536 909 2554 πα-

88 2572 228 2612 τριάρχης.
265 2574 324 2600 ἰ’ὦν
358 2574 421 2610 γοῦν
449 2569 682 2603 ἀκκλησιαστικῶν
709 2568 815 2598 δικαίων
840 2567 911 2597 διαι-

90 2617 221 2656 ρουμένων
236 2615 312 2656 διχῇ,
335 2615 377 2647 εἴς
402 2625 430 2643 τε
452 2614 486 2643 τὰ
514 2613 682 2654 ’διαιίίιέροντα¹
695 2617 730 2653 τῇ
766 2612 912 2649 Ἐκκλησία

91 2659 246 2698 πολυειδῶς,
275 2661 318 2688 καὶ
353 2660 390 2691 είς
426 2659 461 2687 τὰ
495 2661 535 2695 τῷ
572 2658 728 2699 πατριάρχῃ
754 2669 911 2698 προσκυρω-

92 2705 166 2734 Θέντα
197 2707 354 2743 κανονικῶς,
392 2703 484 2738 ἐδέησε
512 2709 571 2736 τοῖς
604 2703 637 2731 τὰ
669 2705 717 2736 τῆς
751 2702 911 2737 Ἐκκλησίας

94 2750 275 2790 ὁροῡιτήσασιν
309 2748 452 2790 ὀρθοδόξοις
500 2748 578 2786 ἡμῶν
619 2747 834 2788 αὐτοκράτορσιν,
865 2758 913 2776 κα-

94 2796 226 2834 ταμιρίσαι
248 2798 329 2824 ταῦτα
361 2794 427 2835 πρὸς
458 2793 535 2821 πέντε
563 2792 692 2833 σεκρέτων
720 2793 802 2831 αὖαγῆ
830 2792 913 2832 λογο-

991 2345 1082 2385 Caput
1096 2343 1290 2375 sanctissimae
1300 2342 1354 2374 Dei
1366 2342 1487 2382 majoris
1498 2341 1650 2384 Ecclesiae,
1662 2353 1771 2375 secun-

950 2390 1020 2422 dum
1032 2393 1119 2430 caput
1131 2388 1203 2420 illud
1215 2388 1345 2429 primum
1357 2387 1440 2418 initio
1452 2396 1556 2418 carens
1567 2391 1596 2418 et
1614 2392 1771 2427 aeternum,

941 2434 981 2465 'et
995 2432 1118 2464 inﬁnitae
1133 2431 1282 2473 potentiae,
1294 2431 1452 2462 Dominum
1466 2430 1620 2471 Deumque
1640 2436 1773 2463 nostrum

949 2480 1050 2510 Iesum
1066 2477 1226 2514 Christum,
1245 2480 1274 2507 et
1288 2475 1450 2517 spiritualis
1478 2475 1530 2506 ille
1554 2484 1681 2516 sponsus
1694 2477 1772 2517 ejus,

952 2522 1157 2554 sanctissimus
1172 2521 1317 2562 cnjnsque
1345 2519 1488 2561 temporis
1515 2520 1690 2551 universalis
1719 2530 1774 2562 pa-

953 2568 1092 2599 triarcha.
1106 2566 1179 2598 Cum
1207 2570 1307 2597 autem
1329 2564 1532 2596 ecclesiastica
1555 2565 1624 2604 jura
1638 2565 1772 2597 bifariam

953 2612 1134 2648 dividantur,
1149 2610 1299 2648 videlicet,
1310 2610 1341 2641 in
1353 2619 1399 2648 ea,
1429 2619 1494 2650 quae
1514 2610 1604 2640 variis
1629 2610 1724 2641 modis
1736 2611 1774 2642 ad

953 2656 1046 2698 ipsam
1062 2655 1227 2688 Ecclesiam
1244 2654 1395 2695 pertinent
1408 2664 1416 2691 ;
1431 2658 1462 2685 et
1474 2653 1505 2684 in
1516 2662 1561 2690 ea,
1581 2663 1647 2695 qua:
1655 2663 1710 2695 per
1721 2664 1772 2687 ca-

954 2709 1047 2732 nones
1065 2699 1255 2741 peculiariter
1264 2699 1382 2730 addicta
1396 2702 1465 2729 sunt
1476 2698 1670 2739 patriarchae:
1688 2708 1774 2740 opor.

953 2745 1008 2777 tuit
1023 2744 1146 2776 omnino
1177 2744 1329 2785 principes
1355 2746 1473 2774 nostros
1501 2743 1693 2781 orthodoxos,
1721 2744 1774 2785 qui

954 2789 1045 2821 robus
1052 2788 1192 2821 Ecclesiae
1200 2792 1309 2820 certam
1319 2787 1414 2827 legem
1425 2786 1581 2825 dederunt,
1586 2787 1648 2819 hac
1661 2787 1774 2829 disper-
