1917 3080
186 142 258 175 1171

874 145 889 178 ,ι
894 148 939 178 US
960 146 1181 179 CANONIGUM

1792 146 1871 178 H72

182 207 407 254 amplitudinem
423 209 513 254 dividi
524 209 634 241 debere
649 210 767 249 dixerit,
783 215 815 242 ut
830 211 876 242 vel
891 213 1002 252 majora

1066 213 1080 246 ὴ
1109 212 1291 253 παραπληξίας
1319 214 1438 254 ἐσχάτης
1467 216 1621 253 κατακριθῇ,
1649 215 1696 242 καὶ
1725 216 1789 254 πρὸς
1804 214 1869 243 δυσ-

183 251 229 282 vel
254 253 369 283 minora
394 253 500 284 habeat
527 254 692 295 privilegia.
709 255 893 296 Quapropter
915 251 1004 287 etiam

183 299 324 328 statutum
341 301 397 338 est,
422 297 498 328 utin
515 299 616 338 quavis
643 300 770 331 ecclesia
794 300 858 341 Dei,
884 301 944 332 sive
969 301 1004 331 ad

184 342 377 387 Euphratem,
391 343 452 374 sive
467 344 503 375 ad
519 344 642 385 Tigrim,
658 347 719 376 sive
734 346 771 377 ad
782 346 877 387 ipsum
895 348 1002 387 pertin-

184 391 232 426 gat
247 386 408 425 Oceanum,
422 389 604 428 conjunctim
621 399 723 420 eorum
740 386 861 422 nomina
872 386 1005 422 referun-

185 434 244 462 tur.
260 433 450 472 Acceperunt
464 433 556 471 enim,
572 434 616 464 uti
636 434 777 475 scriptum
803 435 937 475 legimus,
954 446 1005 467 re--

186 475 292 516 giones
307 478 450 516 gentium;
467 482 608 509 eteorum
625 479 723 510 throni
739 484 806 510 sunt
821 480 914 512 instar
929 481 1006 512 lunae

187 520 335 560 perfectae,
349 530 382 552 ac
397 522 467 553 solis
477 522 570 553 instar
580 532 679 554 coram
693 533 740 555 me
751 529 831 556 sunt.

225 610 286 641 Sed
301 610 380 641 dicet
393 610 499 650 aliquis
513 621 519 642 :
537 611 609 643 Cum
626 612 719 643 divini
733 617 762 644 et
776 614 854 644 sacri
877 623 1006 646 canones

185 653 265 685 velut
279 654 449 695 arvipendio
465 655 591 695 quodam
601 656 776 695 patriarchis
787 663 911 698 quatuor
925 658 1007 690 orbis

186 702 285 739 partes
299 698 516 740 distribuerint,
534 699 584 740 qui
600 700 642 736 ﬁt,
660 706 692 731 ut
713 701 776 742 ipse
791 702 883 733 semel
899 706 1007 734 statuta

185 743 418 782 transgrediens,
435 744 509 775 velis
535 753 585 775 eas
599 744 692 775 instar
706 746 795 777 unius
817 747 919 778 haberi
935 757 1004 787 pro-

186 786 299 825 vincize,
321 797 445 829 quaeque
471 788 565 819 divisa
591 795 673 821 recte
689 795 769 827 sunt,
788 791 863 822 male
878 786 1004 822 conl‘un-

186 831 283 878 dere?
297 832 342 863 Ad
354 832 434 878 hanc
447 832 649 878 objectionem
673 835 903 874 respondemus.
919 845 1004 876 posse
1016 853 1035 878 Β

186 875 297 916 pariter
310 880 339 907 et
353 877 416 908 haec
427 877 484 908 vim
499 887 582 908 suam
593 878 739 916 obtinere,
753 875 1003 920 quemadmodum

186 931 203 952 a
213 922 324 953 sanctis
338 922 475 954 Patribus
485 923 597 954 sancita
603 924 705 961 sint,et
713 929 811 957 tamen
822 926 1005 958 idenlitatem

185 967 305 997 unionis
320 976 378 997 non
394 967 543 998 confundi.
561 968 667 1009 Opifex
688 969 738 1000 ille
763 971 851 1010 hujus
876 971 1007 1002 universi

186 1011 331 1052 Deus,qui
343 1011 493 1043 hominem
509 1022 591 1043 suam
607 1014 643 1044 ad
659 1014 818 1052 imaginem
835 1015 942 1053 ﬁxil,et
955 1026 1005 1047 re-

185 1065 251 1095 gem
265 1056 450 1087 terrestrium
467 1057 630 1096 constituit,
647 1059 696 1098 qui
711 1059 826 1090 coalitus
840 1065 1003 1099 regeretur,

186 1100 362 1145 prmilicatur
387 1101 438 1132 ille
466 1101 586 1141 quidem
617 1111 684 1132 cum
714 1108 835 1143 propter
859 1105 1004 1145 reliquam

186 1144 317 1184 ﬁgmenti
333 1145 421 1185 hujus
437 1145 575 1176 eximiam
591 1157 762 1188 compagem
777 1158 786 1185 ς
805 1152 867 1179 tum
882 1144 960 1189 quod
971 1159 1004 1180 ex

185 1189 346 1220 immortali
374 1190 492 1229 partim,
520 1191 626 1231 parlim
652 1192 767 1222 mortali
793 1193 926 1230 mistura,
956 1203 1005 1224 vas

186 1233 258 1264 illud
274 1238 343 1274 apte
357 1234 496 1265 fluxerit:
514 1235 591 1275 quod
608 1245 681 1266 sane
702 1245 769 1267 cum
794 1238 856 1268 loco
876 1238 1002 1269 circum-

186 1278 344 1316 scribatur,
362 1279 478 1309 ratione
494 1279 640 1311 crassitici
655 1280 1003 1318 carnalis,menlelamen

186 1331 221 1354 ea
234 1327 359 1363 spectat,
375 1333 440 1363 quae
454 1323 499 1354 vel
515 1323 593 1363 apud
612 1324 707 1355 Gades
723 1325 878 1356 exsistunt.
902 1326 1005 1367 Neque

187 1367 284 1398 minus
299 1367 327 1398 ei
341 1367 504 1407 majestatis
515 1377 549 1399 ex
560 1377 595 1399 eo
608 1368 838 1409 tribuitur,quod
850 1371 1004 1402 hominum

185 1412 275 1444 vitam
291 1421 345 1452 per
368 1412 499 1452 quinque
523 1421 628 1443 sensus
649 1414 711 1453 regi
727 1414 862 1451 voluerit,
879 1424 1004 1455 quorum

186 1456 310 1495 quilibet
324 1456 381 1486 vim
397 1456 452 1486 sibi
470 1456 650 1496 peculiarem
666 1457 841 1499 vindicaret,
857 1460 1005 1491 cuminte-

185 1501 243 1531 rim
259 1500 398 1531 societam
415 1505 545 1531 mutuam
572 1510 631 1532 non
655 1501 811 1542 abnegent.
829 1504 911 1535 Licet
926 1505 1005 1535 enim

185 1544 420 1585 aspectus,verbi
431 1545 648 1584 gratia,munus
663 1546 719 1577 sibi
735 1547 874 1578 divinitus
888 1548 1005 1587 injunc-

186 1593 248 1620 tum
265 1589 355 1621 etiam
371 1599 423 1629 pro
439 1599 493 1620 sua
508 1594 590 1630 parte
604 1591 746 1622 duntaxat
766 1592 863 1633 obeat,
881 1602 934 1624 ceu
950 1593 1005 1625 de-

185 1633 278 1664 bitum
294 1633 442 1674 quoddam
456 1634 670 1675 persolvens,in
689 1645 746 1676 quo
763 1636 884 1668 minime
900 1647 1004 1677 cogna-

186 1678 405 1709 tisasensibus
429 1678 601 1719 impeditur,
629 1689 816 1720 nequaquam
847 1686 942 1713 tamen
968 1682 1004 1713 ab

183 1723 290 1754 horum
315 1723 457 1754 societate
481 1723 627 1762 avellitur,
644 1725 696 1755 sed
712 1725 772 1755 vult
786 1734 839 1756 eos
854 1726 1006 1765 dignitatis

182 1777 243 1799 sua;
258 1767 418 1808 participes
442 1776 519 1806 esse,
548 1772 721 1809 mutuasque
742 1770 879 1801 conferre
899 1780 1005 1810 operas

181 1813 275 1844 instar
302 1811 428 1843 ﬁdarum
456 1812 696 1853 ancillarum,:ad
713 1814 874 1844 curandum
890 1814 919 1846 id
935 1824 1004 1846 cor-

183 1867 248 1898 pus,
263 1857 311 1888 cui
326 1866 432 1889 sensus
457 1857 487 1888 hi
512 1857 573 1889 dati
597 1862 676 1889 sunt.
705 1860 852 1890 Prmterea
873 1864 1004 1890 meretur

182 1901 419 1939 admirationem,
433 1901 511 1942 quod
527 1911 615 1942 quem
632 1902 702 1933 libet
718 1903 824 1934 horum
839 1903 1004 1942 geminave-

181 1946 222 1978 rit
237 1957 244 1985 ;
257 1950 290 1977 nt
304 1946 421 1978 tametsi
437 1946 535 1986 perire
548 1946 704 1984 contigerit
721 1956 824 1985 unum,
839 1951 936 1978 tamen
952 1957 1005 1979 re-

181 1991 315 2032 reliquus
329 1990 409 2022 illius
424 1990 513 2021 etiam
529 1990 623 2022 vicem
639 1991 771 2031 impleat,
790 2001 846 2022 nec
861 1992 1004 2024 adversus

182 2045 250 2068 eum
268 2035 452 2066 insolescant
473 2044 578 2065 sensus
592 2035 688 2066 adhuc
704 2035 823 2075 integri,
841 2036 892 2066 sed
907 2037 1004 2076 potius

182 2081 211 2111 ei
237 2080 426 2120 condoleant,
443 2089 482 2111 ne
497 2079 624 2111 ludibrio
641 2080 851 2120 paterfamilias
870 2081 1002 2120 ipsorum

182 2125 337 2156 habeatur.
359 2124 474 2164 Quippe
493 2124 519 2154 si
534 2124 691 2164 contigerit
711 2125 883 2156 alterutram
899 2135 1001 2156 aurem

182 2168 320 2199 inutilem
335 2168 432 2206 reddi,
451 2177 510 2199 non
521 2168 649 2209 amplius
663 2169 897 2209 homo,creatum
913 2169 1004 2210 longe

182 2213 428 2254 pulcherrimum,
445 2213 594 2254 perfectus
609 2217 637 2245 et
653 2213 822 2251 incolumis,
840 2218 870 2244 et
883 2214 1002 2254 qualem

182 2257 260 2288 Deus
274 2256 419 2296 condidit,
446 2266 511 2288 esse
534 2257 662 2298 dicitur;
693 2257 744 2288 sed
775 2257 868 2288 instar
882 2257 1004 2289 abortus

182 2302 393 2342 habetur,cum
408 2311 426 2333 a
439 2302 563 2343 reliquis
577 2306 708 2342 quatuor
721 2301 944 2339 sensibus,licet
955 2303 1004 2333 in-

179 2347 345 2378 incolumes
353 2346 526 2386 sint,auxilii
538 2346 611 2377 nihil
627 2345 1003 2382 habeat.Quemudmodum

182 2401 252 2431 ergo
268 2391 400 2431 quolibet
414 2400 505 2422 sensu
521 2400 628 2422 munus
652 2400 737 2421 suum
763 2391 897 2431 implete,
914 2395 1003 2422 cete-

180 2444 282 2467 rorum
305 2445 391 2466 usum
407 2445 470 2466 non
493 2435 674 2473 inliciamur,
691 2444 747 2465 nec
764 2434 939 2466 damnamus
954 2444 1005 2466 eos

182 2485 320 2520 tanquam
331 2480 426 2511 fcedos
441 2485 469 2511 et
484 2480 781 2520 inutiles,propterea
797 2479 875 2520 quod
887 2480 1005 2519 gemina

179 2525 294 2557 ratione
310 2534 370 2555 non
385 2525 444 2556 sint
472 2525 616 2563 efﬁcaces,
640 2524 889 2565 quemadmodum
919 2528 1004 2555 erant

180 2569 304 2607 conditi,
323 2569 375 2600 sed
391 2569 490 2610 potius
506 2570 549 2600 eis
563 2568 819 2610 favemuslquippe
835 2568 859 2599 si
876 2578 951 2599 unus
967 2578 1004 2600 ex

180 2613 284 2652 eis,uti
300 2613 412 2645 dictum
424 2617 479 2651 est,
497 2613 528 2644 in
544 2616 715 2645 universum
728 2613 891 2649 defecerit;
909 2616 1001 2644 totum

179 2667 287 2700 corpus
315 2658 420 2690 inutile
447 2658 593 2696 redditur,
617 2662 646 2689 et
673 2657 709 2689 ab
738 2656 909 2688 hominibus
924 2656 1001 2687 haud

179 2703 266 2735 aliter
279 2702 407 2734 habetur
425 2706 515 2744 atque
538 2703 563 2734 si
588 2712 647 2734 non
663 2701 842 2742 exsisteret),
859 2701 901 2732 sic
914 2701 1002 2732 etiam

179 2747 334 2789 quinarius
357 2747 592 2788 patriarcharum
614 2751 697 2778 recte
711 2750 799 2787 atque
815 2745 920 2776 ordine
935 2754 1002 2777 sese

177 2796 272 2834 geret.
287 2791 360 2824 Nam
375 2792 501 2834 quilibet
517 2792 623 2825 horum
638 2790 928 2824 administrationem
944 2789 1001 2821 sibi

1015 1536 1035 1561 C

1015 2194 1036 2218 D

1045 255 1150 285 σέϐειαν
1184 257 1372 297 μετακυλισθῇ,
1403 258 1485 291 οὕτως
1509 257 1565 286 οὗδὲ
1594 259 1643 292 τὴν
1670 259 1870 299 πατριαρχικῆν

1046 301 1115 330 θείαν
1144 301 1338 340 μεγαλειότητα
1365 301 1510 342 ὃιαιρετέαν
1538 302 1611 331 εἴποι
1640 315 1680 335 τις
1711 304 1796 340 εἶναι,
1826 304 1870 331 καὶ

1046 346 1110 384 πρὸς
1135 345 1239 383 μείζονα
1261 347 1304 374 καὶ
1328 346 1456 375 ἐλάττονα
1478 348 1609 386 προνόμια
1639 348 1866 386 μεταπίπτουσαν.

1046 393 1089 426 Τῷ
1103 401 1141 418 τοι
1168 391 1211 418 καὶ
1247 390 1365 419 δέδοκται
1401 391 1469 420 κατὰ
1499 395 1586 419 πᾶσαν
1615 392 1769 430 ἐκκλησίαν,
1807 392 1869 431 περῖ

1046 435 1090 461 τὸν
1112 435 1260 474 Εὐφράτην,
1277 436 1319 463 καὶ
1335 435 1462 474 Τίγρητα,
1478 436 1521 463 καὶ
1557 437 1633 464 αὖτὸν
1657 436 1811 482 ’,διήκουσαν
1826 437 1870 465 τὸν

1047 478 1175 518 ὠκεανὸν,
1191 478 1279 507 ἰλαδὸν
1310 479 1402 511 αὐτοὺς
1432 480 1614 519 ἀναφέρεσθαι.
1658 478 1768 510 Ἐλαϐον
1807 482 1868 520 γᾶρ,

1047 523 1122 562 φησὶ,
1145 523 1236 563 χώρας
1251 523 1342 561 ἐθνῶν,
1359 525 1402 552 καὶ
1416 526 1439 552 οἳ
1459 524 1546 564 θρόνοι
1577 525 1660 565 αῆτῶν
1682 526 1744 553 ὡσεὶ
1765 537 1870 565 κατηρ-

1046 567 1158 604 τισμένη
1173 567 1284 605 σελήνη,
1300 569 1343 597 καὶ
1359 569 1394 601 ὡς
1413 568 1487 602 ἥλιός
1503 570 1567 597 εἰσιν
1583 563 1696 598 ἐναντίον
1711 581 1773 608 μου.

1087 610 1162 640 Ἀλλ’
1198 612 1255 652 ἐρεῖ
1287 624 1326 646 τις
1349 621 1356 628 ⁶
1389 614 1437 642 Καὶ
1467 617 1524 645 πῶς
1545 617 1598 642 τῶν
1625 615 1699 643 θείων
1720 616 1764 642 καὶ
1793 616 1871 654 ἱερῶν

1047 656 1164 684 κανόνων
1184 658 1221 688 ὡς
1257 657 1284 685 ἐν
1318 658 1430 697 σχοινίῳ
1458 657 1629 698 κληροδοσίας
1659 659 1871 698 ἐπιμερισάντων

1047 707 1104 732 τοῖς
1119 702 1296 741 πατριάρχαις
1324 705 1373 735 τῆς
1408 702 1564 740 οἰκουμένης
1592 703 1640 736 τὴν
1668 704 1869 743 τετραμὲρειαν,

1048 746 1124 777 αὐτὸς
1144 745 1304 785 ὑπερϐαίνων
1317 747 1350 774 τὰ
1370 746 1480 779 δόξαντα
1508 746 1591 779 θέλεις
1626 748 1662 779 ὡς
1689 749 1752 785 μίαν
1764 748 1868 787 ἔνορίαν

1046 789 1140 821 ταύτας
1170 789 1326 828 λογίζεσθαι,
1358 791 1401 818 καὶ
1443 790 1567 830 συγχέειν
1595 795 1685 822 κακῶς
1710 792 1742 819 τα
1766 791 1870 831 διαιρε-

1046 833 1122 861 θέντα
1137 833 1245 874 καλῶςς
1269 834 1359 871 Φαμὲν
1375 834 1418 862 οὖν
1432 835 1496 873 πρὸς
1533 835 1582 868 τὴν
1610 836 1735 868 τοιαύτην
1763 836 1870 864 ἀντίθε-

1046 888 1099 917 σιν,
1121 878 1157 909 ὡς
1174 878 1226 906 "sort
1242 880 1284 906 καὶ
1300 881 1380 906 ταῦτα
1395 878 1504 917 κρατεῖν
1527 880 1612 911 καθὼς
1639 880 1690 907 ὑπὸ
1719 881 1770 907 τῶν
1785 881 1870 918 ἁγίων

1048 922 1168 961 Πατέρων
1187 922 1365 958 τεθέσπιστέι,
1402 923 1445 950 καὶ
1473 924 1522 956 τὴν
1549 923 1697 956 ταυτότητα
1719 926 1769 956 τῆς
1798 924 1866 952 ἒνώ·

1047 977 1112 998 σεως
1129 967 1168 1004 μὴ
1197 967 1364 1005 συγ-χέεσθαι.
1401 962 1429 995 ὐ
1454 968 1621 1006 Δημιουργὸς
1649 971 1702 995 τῶν
1717 967 1785 996 ὅλων
1804 970 1869 1000 Θεὸς

1047 1010 1104 1039 κάτ’
1134 1011 1231 1039 οἰκείαν
1259 1011 1346 1038 εἰκόνα
1386 1010 1605 1050 πλαστουργησας
1644 1013 1689 1039 τὸν
1719 1011 1867 1051 ἄνθρωπον,

1047 1056 1090 1082 καὶ
1103 1054 1213 1093 βασιλέα
1238 1056 1406 1090 καταστήσας
1429 1059 1482 1083 τῶν
1507 1056 1550 1084 ἐπὶ
1574 1059 1625 1094 γῆς
1661 1056 1868 1094 βασιλευόμενον

1047 1100 1155 1136 ἄνωθεν,
1171 1100 1292 1136 ὑμνεῖται
1308 1100 1355 1137 μὲν
1380 1100 1423 1127 καὶ
1444 1100 1522 1139 χάριν
1552 1102 1599 1133 τῆς
1621 1099 1705 1133 ἄλλης
1720 1100 1866 1141 amoeni»;

1047 1144 1171 1183 ἁρμονίας
1193 1147 1239 1172 τοῦ
1253 1143 1418 1181 πλάσματος,
1441 1145 1555 1176 καὶπῶς
1594 1143 1620 1176 ἐξ
1647 1144 1775 1174 ἀθανάτου
1799 1147 1867 1184 κρά-

1047 1199 1130 1225 ματος
1146 1190 1188 1216 καὶ
1209 1190 1305 1221 θνητοῦ
1320 1189 1349 1216 τὸ
1371 1188 1492 1228 ἐφόλκιον
1528 1188 1706 1228 διωργάνωσε,
1729 1189 1776 1217 καί
1792 1190 1867 1226 τόπῳ

1045 1234 1270 1273 περιγραφόμενον
1284 1234 1322 1269 τῷ
1337 1232 1409 1272 λόγῷ
1437 1235 1483 1267 τῆς
1513 1232 1661 1272 σαρκώδους
1690 1234 1860 1273 παχύτητος,

1045 1281 1141 1316 νοερῶς
1157 1279 1189 1305 τα
1209 1278 1279 1316 παρᾶ
1308 1276 1435 1316 Γαδείρων
1457 1278 1666 1317 περιεργάζεται,
1697 1279 1754 1317 Οὖχ
1781 1279 1866 1311 ἧττον

1045 1320 1072 1349 δὲ
1087 1321 1272 1360 μεγαλύνεται,
1299 1321 1338 1350 ὅτι
1366 1322 1416 1355 τὴν
1451 1323 1522 1357 ζωὴν
1552 1325 1605 1349 τῶν
1634 1321 1775 1361 ἀνθρώπων
1798 1322 1869 1352 εὐδό-

1046 1377 1112 1400 κησε
1147 1365 1188 1394 διὰ
1222 1366 1300 1395 πέντε
1335 1367 1480 1401 αἰσθήσεων
1513 1365 1684 1404 διεξάγεσθαι,
1720 1371 1868 1406 σρετεριζο-

1047 1411 1134 1448 μένων
1162 1412 1211 1444 τὴν
1239 1410 1384 1447 ἰδικότητα⁷
1422 1411 1465 1438 καὶ
1520 1411 1559 1448 μὴ
1586 1410 1789 1449 ἀπαρνουμένων
1819 1411 1867 1443 τὴν

1047 1455 1228 1487 ὰνακοίνωσιν,
1246 1456 1300 1485 Κᾶν
1316 1456 1365 1495 γὰρ
1380 1456 1396 1489 ἦ
1412 1455 1473 1493 ὄψις
1494 1456 1576 1494 τυχὸν
1605 1454 1699 1493 ἐνεργῇ
1726 1455 1769 1482 καὶ
1784 1466 1866 1492 μονο-

1048 1502 1134 1539 μερῶς
1161 1501 1192 1528 τὸ
1228 1500 1416 1539 ἁποκληρωθὶν
1462 1500 1544 1537 ταύτῃ
1589 1498 1767 1538 λειτούργημα
1794 1500 1866 1538 παρᾶ

1048 1548 1125 1584 Θεοῦ,
1160 1546 1226 1574 καθὰ
1260 1557 1285 1573 τι
1312 1545 1411 1574 δίκαιον
1438 1544 1557 1584 ὄφλημα,
1596 1544 1634 1582 μὴ
1671 1543 1868 1582 ἒμποδιζομένη

1046 1590 1116 1628 παρα
1137 1593 1188 1618 τῶν
1215 1590 1364 1630 συντρόφων
1392 1590 1549 1628 αἰσθήσεων,
1578 1587 1646 1616 ἄλλα
1664 1591 1713 1622 τῆς
1728 1589 1868 1621 κοινωνίας

1046 1635 1131 1662 αὐτῶν
1146 1636 1175 1663 οὗ
1202 1634 1342 1674 χωρίζεται
1360 1643 1368 1652 ·
1391 1633 1459 1662 θέλει
1487 1632 1513 1661 δὲ
1542 1634 1637 1665 ταύτας
1666 1633 1790 1672 μετέχειν
1814 1637 1866 1661 τῶν

1046 1678 1196 1716 έξιωμάτων
1213 1680 1304 1715 αὐτῆς,
1321 1679 1364 1706 καὶ
1406 1678 1561 1717 συναρήγειν
1589 1678 1624 1708 εἷς
1653 1678 1683 1705 τὸ
1720 1678 1781 1706 αὐτὸ
1798 1679 1868 1706 κατα

1045 1721 1161 1755 ὃουλίδας
1196 1724 1302 1759 πιστὰς,
1333 1724 1397 1762 πρὸς
1425 1723 1562 1762 θεραπείαν
1596 1726 1642 1752 τοῦ
1669 1723 1764 1753 ταύτας
1779 1722 1869 1751 πλου-

1045 1768 1172 1801 τήσαντος
1208 1769 1343 1806 σώματος.
1383 1763 1447 1796 “En
1475 1767 1645 1804 θαυμάζεται,
1675 1769 1732 1798 πῶς
1748 1767 1866 1800 ἑκάστην

1044 1812 1142 1840 τούτων
1176 1811 1368 1851 ἐδιπλασίασεν,
1413 1813 1457 1840 ἵνα
1485 1812 1534 1840 κᾶν
1562 1810 1650 1849 συμϐῇ
1670 1813 1868 1850 περιαιρεθῆναι

1044 1856 1091 1889 τήν
1107 1857 1180 1894 μίαν,
1196 1858 1213 1891 ἦ
1249 1857 1445 1896 περιλειφθεῒσα
1472 1856 1596 1889 κακείνης
1626 1857 1670 1883 τὸν
1698 1855 1781 1883 τόπον
1799 1856 1867 1884 ἁνα-

1044 1900 1205 1940 πληρώσειε,
1232 1902 1276 1929 καὶ
1316 1902 1370 1939 μὴν
1405 1900 1660 1935 καταλαζονεύωνςαι
1698 1900 1797 1933 ταύτης
1843 1903 1867 1928 αἱ

1045 1945 1216 1984 ἀρτιόσωμοι,
1234 1949 1386 1984 συμπονῶσι
1410 1945 1437 1973 δὲ
1465 1944 1565 1982 μᾶλλον
1594 1946 1672 1984 αὖτῃ,
1702 1945 1738 1976 ὡς
1766 1945 1798 1972 ἂν
1828 1947 1867 1982 μὴ

1045 1991 1058 2018 ὁ
1073 1989 1261 2024 οἰκοδεσπότης
1276 1990 1360 2019 αὐτῶν
1389 1988 1588 2028 Θριαμϐεὖτιτῑι-
1619 1984 1664 2020 Ὦς
1692 1988 1768 2027 εἴπερ
1783 1990 1865 2029 τύχοι

1043 2035 1087 2062 καὶ
1101 2035 1149 2068 τὴν
1171 2035 1279 2075 Θατέραν
1306 2035 1484 2075 ἀχρειωθῆναι
1505 2036 1559 2061 τῶν
1593 2033 1692 2073 ἀκοῶν,
1728 2033 1819 2061 οὺκέτι
1834 2035 1864 2062 τὸ

1043 2078 1182 2107 κάλλιστον
1212 2091 1306 2120 χρημα
1340 2081 1354 2108 ὁ
1384 2079 1531 2118 ἄνθρωπος,
1567 2077 1674 2110 ἐντελὴς
1707 2078 1750 2106 καὶ
1779 2081 1863 2118 σῶος⁷

1043 2125 1086 2152 καὶ
1099 2126 1156 2152 οἷον
1172 2125 1249 2153 αὐτὸν
1275 2125 1289 2152 ὁ
1317 2125 1381 2155 Θεὸς
1410 2123 1560 2162 εἰργάσατο,
1593 2121 1698 2161 λέγεται
1722 2130 1730 2138 ·
1753 2121 1814 2150 ἀλλ’
1831 2124 1865 2155 ὡς

1045 2167 1167 2208 ἕκτρωμά
1194 2180 1218 2197 τι
1255 2168 1397 2208 λογίζεται,
1441 2168 1491 2195 ὑπὸ
1524 2168 1577 2194 τῶν
1603 2165 1704 2195 λοιπῶν
1732 2168 1862 2206 τεττάρων

1045 2213 1201 2253 αἰσθήσεων,
1229 2214 1397 2252 ὅγιαινυῦσών
1413 2214 1455 2241 καὶ
1476 2215 1568 2248 ταῦτα,
1599 2211 1638 2248 μὴ
1673 2212 1863 2249 βοηθούμενος,

1047 2252 1092 2288 Ὠς
1121 2263 1183 2296 γοῦν
1219 2258 1333 2291 ἑκάστης
1362 2261 1414 2286 τῶν
1442 2257 1587 2291 αἰσθήσεων
1626 2255 1780 2295 πληρούσης
1816 2257 1863 2289 τήν

1045 2302 1140 2330 οἰκείαν
1163 2302 1306 2342 ἐνέργειαν,
1329 2306 1381 2331 τῶν
1400 2302 1499 2330 λοιπῶν
1530 2302 1559 2329 τὸ
1581 2301 1715 2341 χρήσιμον
1730 2301 1777 2328 οὐκ
1791 2300 1863 2328 ἀπα-

1045 2345 1196 2383 ναινόμεθα,
1225 2345 1281 2375 οὐδὲ
1316 2346 1552 2386 καταψηφιζόμεθα
1587 2345 1687 2373 τούτοιν
1703 2344 1863 2384 ἄσχημοσᾶ-

1046 2402 1093 2424 νην
1109 2392 1152 2419 καὶ
1174 2392 1348 2431 ἀχρειότητκ,
1380 2391 1420 2420 διὰ
1450 2393 1480 2420 τὸ
1501 2392 1540 2429 μὴ
1561 2389 1714 2422 διπλοειδῶς
1730 2390 1859 2429 ἐνεργεῖν,

1045 2436 1131 2467 καθὼς
1159 2436 1434 2475 πεπλαστούργηνται,
1465 2435 1566 2474 μᾶλλον
1594 2434 1643 2472 μὶν
1671 2435 1714 2463 οὖν
1742 2436 1785 2462 καὶ
1801 2446 1862 2462 συν-

1046 2480 1143 2518 άγομεν
1166 2481 1243 2520 (μιᾶς
1259 2482 1308 2521 γὰρ
1323 2482 1349 2514 ἐξ
1369 2483 1453 2510 αὖτὼν
1483 2480 1656 2521 σχολασάσης
1685 2479 1805 2516 τελείως,
1829 2481 1861 2511 ὼς

1046 2525 1162 2564 εἴρηται,
1186 2525 1249 2554 ὅλον
1270 2527 1300 2554 τὸ
1316 2530 1393 2564 σῶμα
1418 2526 1575 2567 ἦχρείωται,
1611 2526 1654 2553 καὶ
1682 2526 1718 2558 ὡς
1746 2525 1814 2563 μηδὲ
1836 2526 1862 2553 ὃν

1044 2576 1101 2601 τοῖς
1117 2570 1264 2610 ἀνθρώποις
1286 2571 1440 2610 λογίζεταψ
1472 2571 1540 2600 οὕτω
1562 2570 1606 2598 καὶ
1626 2572 1678 2598 τῶν
1693 2571 1861 2610 πατριαρχῶν

1043 2615 1060 2648 ἡ
1096 2615 1202 2653 πεντὰς,
1240 2614 1346 2648 δικαίως
1375 2617 1418 2643 καὶ
1458 2615 1584 2656 ἀσφαλῶς
1612 2614 1859 2651 οἰκονομηθήσεται.

1054 2663 1171 2692 Εκαστος
1186 2660 1236 2699 γὰρ
1270 2661 1380 2700 τούτων,
1412 2661 1460 2695 τήν
1490 2661 1539 2698 μὲν
1566 2659 1780 2696 ἀπονεμηθεῖσαν
1797 2660 1862 2695 αἰντῴ

1043 2702 1171 2737 διοίκησιν
1199 2703 1334 2744 ἐνεργήσει
1364 2703 1518 2742 μονοειδῶς,
1556 2704 1603 2732 ’ίνα
1631 2703 1671 2741 μὴ
1698 2703 1860 2743 συγχέωνται

1044 2751 1096 2775 τῶν
1108 2748 1189 2787 ἁγίων
1217 2748 1372 2783 Εκκλησιῶν
1400 2750 1433 2778 τὰ
1461 2749 1593 2789 προνόμια
1610 2756 1617 2762 ·
1649 2750 1702 2776 τῶν
1729 2747 1756 2775 δὲ
1785 2747 1860 2786 τιμῆς

1043 2796 1088 2820 τοὺ
1122 2796 1187 2823 Θεοῦ
1222 2794 1265 2821 καὶ
1292 2794 1345 2822 τῶν
1381 2793 1504 2823 ἀνέκαθεν
1536 2792 1682 2831 δεδομένων
1711 2791 1860 2830 δικαίωντῇ
