  <div class='ocr_page' id='page_1' title='image "/cluster/home/n/w/nwhite01/storage/ocr_20150623/119/njp.32101010943965/1268.png"; bbox 0 0 1917 3080; ppageno 0'>
   <div class='ocr_carea' id='block_1_1' title="bbox 89 114 171 149">
    <p class='ocr_par' dir='ltr' id='par_1_1' title="bbox 89 114 171 149">
     <span class='ocr_line' id='line_1_1' title="bbox 89 114 171 149; baseline 0.024 -2"><span class='ocrx_word' id='word_1_1' title='bbox 89 114 171 149; x_wconf 76' lang='grc'><strong>1189</strong></span> 
     </span>
    </p>
   </div>
   <div class='ocr_carea' id='block_1_2' title="bbox 88 184 943 225">
    <p class='ocr_par' dir='ltr' id='par_1_2' title="bbox 88 184 943 225">
     <span class='ocr_line' id='line_1_2' title="bbox 88 184 943 225; baseline -0.002 -12"><span class='ocrx_word' id='word_1_2' title='bbox 88 184 172 213; x_wconf 73' lang='grc' dir='ltr'>ἄλλον</span> <span class='ocrx_word' id='word_1_3' title='bbox 187 184 290 225; x_wconf 75' lang='grc' dir='ltr'>Ἀαρὼν</span> <span class='ocrx_word' id='word_1_4' title='bbox 319 189 410 214; x_wconf 78' lang='grc' dir='ltr'>τοῦτον</span> <span class='ocrx_word' id='word_1_5' title='bbox 433 184 633 224; x_wconf 77' lang='grc' dir='ltr'>ἐπιλεγόμενος,</span> <span class='ocrx_word' id='word_1_6' title='bbox 657 184 728 224; x_wconf 78' lang='grc' dir='ltr'>λέγει</span> <span class='ocrx_word' id='word_1_7' title='bbox 757 184 824 221; x_wconf 76' lang='grc' dir='ltr'>μετὰ</span> <span class='ocrx_word' id='word_1_8' title='bbox 846 184 943 211; x_wconf 81' lang='grc' dir='ltr'><strong>Μω-Α</strong></span> 
     </span>
    </p>
   </div>
   <div class='ocr_carea' id='block_1_3' title="bbox 87 228 919 269">
    <p class='ocr_par' dir='ltr' id='par_1_3' title="bbox 87 228 919 269">
     <span class='ocr_line' id='line_1_3' title="bbox 87 228 919 269; baseline -0.004 -11"><span class='ocrx_word' id='word_1_9' title='bbox 87 229 156 262; x_wconf 61' lang='lat' dir='ltr'><strong>diu:</strong></span> <span class='ocrx_word' id='word_1_10' title='bbox 188 231 253 267; x_wconf 80' lang='grc' dir='ltr'>πρὸς</span> <span class='ocrx_word' id='word_1_11' title='bbox 278 230 371 269; x_wconf 79' lang='grc' dir='ltr'>Κύριον</span> <span class='ocrx_word' id='word_1_12' title='bbox 390 251 398 259; x_wconf 90' lang='grc'><strong>.</strong></span> <span class='ocrx_word' id='word_1_13' title='bbox 425 240 435 257; x_wconf 83' lang='grc' dir='ltr'><strong>ι</strong></span> <span class='ocrx_word' id='word_1_14' title='bbox 463 228 666 266; x_wconf 71' lang='grc' dir='ltr'>Ἐπισκεψὶσθω</span> <span class='ocrx_word' id='word_1_15' title='bbox 690 229 783 268; x_wconf 79' lang='grc' dir='ltr'>Κύριος</span> <span class='ocrx_word' id='word_1_16' title='bbox 813 229 826 256; x_wconf 82' lang='grc' dir='ltr'>ὁ</span> <span class='ocrx_word' id='word_1_17' title='bbox 855 229 919 260; x_wconf 82' lang='grc' dir='ltr'>Θεὸς</span> 
     </span>
    </p>
   </div>
   <div class='ocr_carea' id='block_1_4' title="bbox 88 272 917 314">
    <p class='ocr_par' dir='ltr' id='par_1_4' title="bbox 88 272 917 314">
     <span class='ocr_line' id='line_1_4' title="bbox 88 272 917 314; baseline -0.001 -12"><span class='ocrx_word' id='word_1_18' title='bbox 88 275 143 302; x_wconf 77' lang='grc' dir='ltr'>τῶν</span> <span class='ocrx_word' id='word_1_19' title='bbox 165 273 288 314; x_wconf 57' lang='grc' dir='ltr'>πατέρων</span> <span class='ocrx_word' id='word_1_20' title='bbox 313 275 357 302; x_wconf 85' lang='grc' dir='ltr'><strong>καὶ</strong></span> <span class='ocrx_word' id='word_1_21' title='bbox 378 274 467 308; x_wconf 72' lang='grc' dir='ltr'>πάσης</span> <span class='ocrx_word' id='word_1_22' title='bbox 500 275 607 313; x_wconf 81' lang='grc' dir='ltr'>σαρκὸς,</span> <span class='ocrx_word' id='word_1_23' title='bbox 631 273 766 313; x_wconf 70' lang='grc' dir='ltr'>ἄνθρωπον</span> <span class='ocrx_word' id='word_1_24' title='bbox 800 274 844 301; x_wconf 67' lang='grc' dir='ltr'>επὶ</span> <span class='ocrx_word' id='word_1_25' title='bbox 870 272 917 306; x_wconf 83' lang='grc' dir='ltr'><strong>τῆς</strong></span> 
     </span>
    </p>
   </div>
   <div class='ocr_carea' id='block_1_5' title="bbox 89 317 919 358">
    <p class='ocr_par' dir='ltr' id='par_1_5' title="bbox 89 317 919 358">
     <span class='ocr_line' id='line_1_5' title="bbox 89 317 919 358; baseline -0.002 -11"><span class='ocrx_word' id='word_1_26' title='bbox 89 321 249 358; x_wconf 70' lang='grc' dir='ltr'><strong>συναγωγῆς</strong></span> <span class='ocrx_word' id='word_1_27' title='bbox 273 319 385 356; x_wconf 73' lang='grc' dir='ltr'>ταύτης,</span> <span class='ocrx_word' id='word_1_28' title='bbox 411 318 484 351; x_wconf 78' lang='grc' dir='ltr'>ὅστις</span> <span class='ocrx_word' id='word_1_29' title='bbox 511 318 672 351; x_wconf 71' lang='grc' dir='ltr'>ἒξελεύσεται</span> <span class='ocrx_word' id='word_1_30' title='bbox 694 318 746 346; x_wconf 72' lang='grc' dir='ltr'>ἀπὸ</span> <span class='ocrx_word' id='word_1_31' title='bbox 778 317 919 357; x_wconf 76' lang='grc' dir='ltr'><strong>προσώπου</strong></span> 
     </span>
    </p>
   </div>
   <div class='ocr_carea' id='block_1_6' title="bbox 90 361 917 401">
    <p class='ocr_par' dir='ltr' id='par_1_6' title="bbox 90 361 917 401">
     <span class='ocr_line' id='line_1_6' title="bbox 90 361 917 401; baseline -0.002 -11"><span class='ocrx_word' id='word_1_32' title='bbox 90 362 170 400; x_wconf 70' lang='grc' dir='ltr'>ἐμοῦ,</span> <span class='ocrx_word' id='word_1_33' title='bbox 189 375 202 390; x_wconf 77' lang='grc' dir='ltr'><strong>ι</strong></span> <span class='ocrx_word' id='word_1_34' title='bbox 220 364 264 391; x_wconf 81' lang='grc' dir='ltr'><strong>καὶ</strong></span> <span class='ocrx_word' id='word_1_35' title='bbox 286 362 357 394; x_wconf 71' lang='grc' dir='ltr'>ὅστις</span> <span class='ocrx_word' id='word_1_36' title='bbox 376 362 550 391; x_wconf 76' lang='grc' dir='ltr'>εἰσελεύσεται</span> <span class='ocrx_word' id='word_1_37' title='bbox 579 363 630 400; x_wconf 85' lang='grc' dir='ltr'><strong>πρὸ</strong></span> <span class='ocrx_word' id='word_1_38' title='bbox 657 362 797 401; x_wconf 77' lang='grc' dir='ltr'><strong>προσώπου</strong></span> <span class='ocrx_word' id='word_1_39' title='bbox 819 361 917 397; x_wconf 64' lang='grc' dir='ltr'>αὑτῶν,</span> 
     </span>
    </p>
   </div>
   <div class='ocr_carea' id='block_1_7' title="bbox 90 404 918 446">
    <p class='ocr_par' dir='ltr' id='par_1_7' title="bbox 90 404 918 446">
     <span class='ocr_line' id='line_1_7' title="bbox 90 404 918 446; baseline -0.004 -11"><span class='ocrx_word' id='word_1_40' title='bbox 90 408 135 435; x_wconf 85' lang='grc' dir='ltr'>καὶ</span> <span class='ocrx_word' id='word_1_41' title='bbox 159 406 230 439; x_wconf 76' lang='grc' dir='ltr'>ὅστις</span> <span class='ocrx_word' id='word_1_42' title='bbox 266 407 361 440; x_wconf 80' lang='grc' dir='ltr'><strong>εἰσάξει</strong></span> <span class='ocrx_word' id='word_1_43' title='bbox 398 407 489 438; x_wconf 66' lang='grc' dir='ltr'>αὒτοὺς</span> <span class='ocrx_word' id='word_1_44' title='bbox 514 408 551 439; x_wconf 87' lang='grc' dir='ltr'><strong>ὡς</strong></span> <span class='ocrx_word' id='word_1_45' title='bbox 578 406 637 446; x_wconf 77' lang='grc' dir='ltr'>ἐμὲ,</span> <span class='ocrx_word' id='word_1_46' title='bbox 666 407 710 434; x_wconf 85' lang='grc' dir='ltr'><strong>καὶ</strong></span> <span class='ocrx_word' id='word_1_47' title='bbox 738 405 809 438; x_wconf 78' lang='grc' dir='ltr'>ὅστις</span> <span class='ocrx_word' id='word_1_48' title='bbox 837 404 918 438; x_wconf 74' lang='grc' dir='ltr'>ἐξάξει</span> 
     </span>
    </p>
   </div>
   <div class='ocr_carea' id='block_1_8' title="bbox 92 451 917 489">
    <p class='ocr_par' dir='ltr' id='par_1_8' title="bbox 92 451 917 489">
     <span class='ocr_line' id='line_1_8' title="bbox 92 451 917 489; baseline -0.002 -10"><span class='ocrx_word' id='word_1_49' title='bbox 92 452 188 483; x_wconf 72' lang='grc' dir='ltr'>αὖτοὺς</span> <span class='ocrx_word' id='word_1_50' title='bbox 219 451 245 484; x_wconf 74' lang='grc' dir='ltr'><strong>ἐξ</strong></span> <span class='ocrx_word' id='word_1_51' title='bbox 276 451 341 489; x_wconf 73' lang='grc' dir='ltr'>ἐμοῦ</span> <span class='ocrx_word' id='word_1_52' title='bbox 358 461 364 468; x_wconf 90' lang='grc'><strong>·</strong></span> <span class='ocrx_word' id='word_1_53' title='bbox 394 452 438 480; x_wconf 82' lang='grc' dir='ltr'><strong>καὶ</strong></span> <span class='ocrx_word' id='word_1_54' title='bbox 467 451 549 483; x_wconf 63' lang='grc' dir='ltr'>οὕτως</span> <span class='ocrx_word' id='word_1_55' title='bbox 579 451 708 484; x_wconf 75' lang='grc' dir='ltr'><strong>ἐπιτίθησι</strong></span> <span class='ocrx_word' id='word_1_56' title='bbox 737 451 783 481; x_wconf 76' lang='grc' dir='ltr'><strong>τας</strong></span> <span class='ocrx_word' id='word_1_57' title='bbox 822 456 917 489; x_wconf 69' lang='grc' dir='ltr'>χεῖρας</span> 
     </span>
    </p>
   </div>
   <div class='ocr_carea' id='block_1_9' title="bbox 90 493 917 533">
    <p class='ocr_par' dir='ltr' id='par_1_9' title="bbox 90 493 917 533">
     <span class='ocr_line' id='line_1_9' title="bbox 90 493 917 533; baseline -0.002 -10"><span class='ocrx_word' id='word_1_58' title='bbox 90 497 172 525; x_wconf 54' lang='grc' dir='ltr'><strong>αἲεοῦ</strong></span> <span class='ocrx_word' id='word_1_59' title='bbox 188 495 230 524; x_wconf 81' lang='grc' dir='ltr'><strong>ἐπ’</strong></span> <span class='ocrx_word' id='word_1_60' title='bbox 246 496 335 533; x_wconf 59' lang='grc' dir='ltr'>αὐτὸν,</span> <span class='ocrx_word' id='word_1_61' title='bbox 353 497 396 524; x_wconf 80' lang='grc' dir='ltr'><strong>καὶ</strong></span> <span class='ocrx_word' id='word_1_62' title='bbox 424 495 526 524; x_wconf 76' lang='grc' dir='ltr'>δίδωσιν</span> <span class='ocrx_word' id='word_1_63' title='bbox 549 498 619 533; x_wconf 71' lang='grc' dir='ltr'><strong>αὖτῷ</strong></span> <span class='ocrx_word' id='word_1_64' title='bbox 645 496 693 529; x_wconf 67' lang='grc' dir='ltr'><strong>τὴν</strong></span> <span class='ocrx_word' id='word_1_65' title='bbox 723 493 798 527; x_wconf 73' lang='grc' dir='ltr'>δόξαν</span> <span class='ocrx_word' id='word_1_66' title='bbox 828 496 917 532; x_wconf 70' lang='grc' dir='ltr'>αὐτου,</span> 
     </span>
    </p>
   </div>
   <div class='ocr_carea' id='block_1_10' title="bbox 91 539 916 579">
    <p class='ocr_par' dir='ltr' id='par_1_10' title="bbox 91 539 916 579">
     <span class='ocr_line' id='line_1_10' title="bbox 91 539 916 579; baseline -0.002 -11"><span class='ocrx_word' id='word_1_67' title='bbox 91 540 167 573; x_wconf 70' lang='grc' dir='ltr'>ὅπως</span> <span class='ocrx_word' id='word_1_68' title='bbox 201 541 331 569; x_wconf 78' lang='grc' dir='ltr'><strong>ἀκούωσιν</strong></span> <span class='ocrx_word' id='word_1_69' title='bbox 365 541 445 569; x_wconf 74' lang='grc' dir='ltr'><strong>αὖτοῦ</strong></span> <span class='ocrx_word' id='word_1_70' title='bbox 478 542 500 568; x_wconf 83' lang='grc' dir='ltr'>οἱ</span> <span class='ocrx_word' id='word_1_71' title='bbox 529 542 578 569; x_wconf 69' lang='grc' dir='ltr'>υἱοὶ</span> <span class='ocrx_word' id='word_1_72' title='bbox 613 539 732 579; x_wconf 71' lang='grc' dir='ltr'>Ἰσραήλ.</span> <span class='ocrx_word' id='word_1_73' title='bbox 760 539 916 579; x_wconf 76' lang='grc' dir='ltr'>Ἐγχειρίζει</span> 
     </span>
    </p>
   </div>
   <div class='ocr_carea' id='block_1_11' title="bbox 91 583 916 625">
    <p class='ocr_par' dir='ltr' id='par_1_11' title="bbox 91 583 916 625">
     <span class='ocr_line' id='line_1_11' title="bbox 91 583 916 625; baseline -0.006 -9"><span class='ocrx_word' id='word_1_74' title='bbox 91 585 179 623; x_wconf 70' lang='grc' dir='ltr'>τούτῳ</span> <span class='ocrx_word' id='word_1_75' title='bbox 200 586 244 614; x_wconf 78' lang='grc' dir='ltr'><strong>καὶ</strong></span> <span class='ocrx_word' id='word_1_76' title='bbox 270 590 384 625; x_wconf 70' lang='grc' dir='ltr'>χρυσοῦν</span> <span class='ocrx_word' id='word_1_77' title='bbox 413 586 449 617; x_wconf 82' lang='grc' dir='ltr'><strong>ὡς</strong></span> <span class='ocrx_word' id='word_1_78' title='bbox 478 584 508 613; x_wconf 76' lang='grc' dir='ltr'>ἄν</span> <span class='ocrx_word' id='word_1_79' title='bbox 537 597 576 617; x_wconf 91' lang='grc' dir='ltr'><strong>τις</strong></span> <span class='ocrx_word' id='word_1_80' title='bbox 599 584 670 613; x_wconf 62' lang='grc' dir='ltr'><strong>εἷκε-,ι</strong></span> <span class='ocrx_word' id='word_1_81' title='bbox 693 583 840 620; x_wconf 77' lang='grc' dir='ltr'>δακτύλιον,</span> <span class='ocrx_word' id='word_1_82' title='bbox 864 594 916 611; x_wconf 89' lang='grc' dir='ltr'>κα-</span> 
     </span>
    </p>
   </div>
   <div class='ocr_carea' id='block_1_12' title="bbox 92 628 917 670">
    <p class='ocr_par' dir='ltr' id='par_1_12' title="bbox 92 628 917 670">
     <span class='ocr_line' id='line_1_12' title="bbox 92 628 917 670; baseline -0.004 -12"><span class='ocrx_word' id='word_1_83' title='bbox 92 630 146 662; x_wconf 86' lang='grc' dir='ltr'>θὼς</span> <span class='ocrx_word' id='word_1_84' title='bbox 175 630 237 658; x_wconf 80' lang='grc' dir='ltr'>εἶπε</span> <span class='ocrx_word' id='word_1_85' title='bbox 266 631 359 670; x_wconf 82' lang='grc' dir='ltr'>Κύριος</span> <span class='ocrx_word' id='word_1_86' title='bbox 386 631 451 669; x_wconf 80' lang='grc' dir='ltr'>πρὸς</span> <span class='ocrx_word' id='word_1_87' title='bbox 481 632 581 663; x_wconf 79' lang='grc' dir='ltr'>Μωσῆν</span> <span class='ocrx_word' id='word_1_88' title='bbox 598 639 604 646; x_wconf 81' lang='lat'>&#39;</span> <span class='ocrx_word' id='word_1_89' title='bbox 642 630 686 657; x_wconf 87' lang='grc' dir='ltr'><strong>καὶ</strong></span> <span class='ocrx_word' id='word_1_90' title='bbox 721 628 854 663; x_wconf 73' lang='grc' dir='ltr'>ἐπιθήσεις</span> <span class='ocrx_word' id='word_1_91' title='bbox 886 628 917 655; x_wconf 80' lang='grc' dir='ltr'>τὸ</span> 
     </span>
    </p>
   </div>
   <div class='ocr_carea' id='block_1_13' title="bbox 91 671 913 714">
    <p class='ocr_par' dir='ltr' id='par_1_13' title="bbox 91 671 913 714">
     <span class='ocr_line' id='line_1_13' title="bbox 91 671 913 714; baseline -0.005 -11"><span class='ocrx_word' id='word_1_92' title='bbox 91 674 201 714; x_wconf 76' lang='grc' dir='ltr'>λογεῖον</span> <span class='ocrx_word' id='word_1_93' title='bbox 223 674 265 703; x_wconf 77' lang='grc' dir='ltr'><strong>ἐπὶ</strong></span> <span class='ocrx_word' id='word_1_94' title='bbox 282 676 312 702; x_wconf 73' lang='grc' dir='ltr'>τὸ</span> <span class='ocrx_word' id='word_1_95' title='bbox 333 676 429 709; x_wconf 75' lang='grc' dir='ltr'>στῆθος</span> <span class='ocrx_word' id='word_1_96' title='bbox 456 678 502 702; x_wconf 73' lang='grc' dir='ltr'>τοῦ</span> <span class='ocrx_word' id='word_1_97' title='bbox 522 673 633 713; x_wconf 77' lang='grc' dir='ltr'>Ἀαρὼν,</span> <span class='ocrx_word' id='word_1_98' title='bbox 659 674 702 701; x_wconf 80' lang='grc' dir='ltr'><strong>καὶ</strong></span> <span class='ocrx_word' id='word_1_99' title='bbox 730 674 850 707; x_wconf 77' lang='grc' dir='ltr'>ποιήσεις</span> <span class='ocrx_word' id='word_1_100' title='bbox 872 671 913 700; x_wconf 84' lang='grc' dir='ltr'>δα-</span> 
     </span>
    </p>
   </div>
   <div class='ocr_carea' id='block_1_14' title="bbox 91 718 917 759">
    <p class='ocr_par' dir='ltr' id='par_1_14' title="bbox 91 718 917 759">
     <span class='ocr_line' id='line_1_14' title="bbox 91 718 917 759; baseline 0 -13"><span class='ocrx_word' id='word_1_101' title='bbox 91 718 199 747; x_wconf 82' lang='grc' dir='ltr'>κτύλιον</span> <span class='ocrx_word' id='word_1_102' title='bbox 240 722 365 759; x_wconf 76' lang='grc' dir='ltr'>χρυσοῦν,</span> <span class='ocrx_word' id='word_1_103' title='bbox 405 719 449 746; x_wconf 76' lang='grc' dir='ltr'><strong>καὶ</strong></span> <span class='ocrx_word' id='word_1_104' title='bbox 484 718 724 759; x_wconf 70' lang='grc' dir='ltr'>συναρμολογήσεις</span> <span class='ocrx_word' id='word_1_105' title='bbox 760 718 836 746; x_wconf 73' lang='grc' dir='ltr'>αὑτὸν</span> <span class='ocrx_word' id='word_1_106' title='bbox 871 721 917 746; x_wconf 78' lang='grc' dir='ltr'>τοῦ</span> 
     </span>
    </p>
   </div>
   <div class='ocr_carea' id='block_1_15' title="bbox 93 763 443 803">
    <p class='ocr_par' dir='ltr' id='par_1_15' title="bbox 93 763 443 803">
     <span class='ocr_line' id='line_1_15' title="bbox 93 763 443 803; baseline -0.003 -12"><span class='ocrx_word' id='word_1_107' title='bbox 93 764 203 802; x_wconf 84' lang='grc' dir='ltr'>Λογείου</span> <span class='ocrx_word' id='word_1_108' title='bbox 237 771 296 796; x_wconf 70' lang='grc' dir='ltr'>τοῖς</span> <span class='ocrx_word' id='word_1_109' title='bbox 325 763 443 803; x_wconf 73' lang='grc' dir='ltr'>χείλεσιν</span> 
     </span>
    </p>
   </div>
   <div class='ocr_carea' id='block_1_16' title="bbox 447 762 916 803">
    <p class='ocr_par' dir='ltr' id='par_1_16' title="bbox 447 762 916 803">
     <span class='ocr_line' id='line_1_16' title="bbox 447 762 916 803; baseline -0.004 -12"><span class='ocrx_word' id='word_1_110' title='bbox 447 787 454 803; x_wconf 87' lang='grc'><strong>,</strong></span> <span class='ocrx_word' id='word_1_111' title='bbox 485 762 525 802; x_wconf 82' lang='grc' dir='ltr'><strong>ἐφ’</strong></span> <span class='ocrx_word' id='word_1_112' title='bbox 560 765 582 800; x_wconf 88' lang='grc' dir='ltr'>ᾧ</span> <span class='ocrx_word' id='word_1_113' title='bbox 608 762 641 791; x_wconf 77' lang='grc' dir='ltr'>δι’</span> <span class='ocrx_word' id='word_1_114' title='bbox 671 765 748 792; x_wconf 71' lang='grc' dir='ltr'><strong>αὖτοῦ</strong></span> <span class='ocrx_word' id='word_1_115' title='bbox 775 765 828 790; x_wconf 83' lang='grc' dir='ltr'>τῶν</span> <span class='ocrx_word' id='word_1_116' title='bbox 855 763 916 791; x_wconf 74' lang='grc' dir='ltr'>υἱῶν</span> 
     </span>
    </p>
   </div>
   <div class='ocr_carea' id='block_1_17' title="bbox 93 806 946 852">
    <p class='ocr_par' dir='ltr' id='par_1_17' title="bbox 93 806 946 852">
     <span class='ocr_line' id='line_1_17' title="bbox 93 806 946 852; baseline -0.002 -16"><span class='ocrx_word' id='word_1_117' title='bbox 93 807 202 847; x_wconf 75' lang='grc' dir='ltr'>Ἰσραὴλ</span> <span class='ocrx_word' id='word_1_118' title='bbox 221 808 416 848; x_wconf 70' lang='grc' dir='ltr'>ἀπογράφεσθαι</span> <span class='ocrx_word' id='word_1_119' title='bbox 451 809 481 836; x_wconf 82' lang='grc' dir='ltr'>τὸ</span> <span class='ocrx_word' id='word_1_120' title='bbox 504 808 631 845; x_wconf 81' lang='grc' dir='ltr'>ὀνόματα.</span> <span class='ocrx_word' id='word_1_121' title='bbox 666 811 747 838; x_wconf 71' lang='grc' dir='ltr'>Ποῒος</span> <span class='ocrx_word' id='word_1_122' title='bbox 777 807 804 834; x_wconf 75' lang='grc' dir='ltr'>δὲ</span> <span class='ocrx_word' id='word_1_123' title='bbox 841 806 946 852; x_wconf 75' lang='grc' dir='ltr'><strong>οὗτόςΒ</strong></span> 
     </span>
    </p>
   </div>
   <div class='ocr_carea' id='block_1_18' title="bbox 93 851 916 892">
    <p class='ocr_par' dir='ltr' id='par_1_18' title="bbox 93 851 916 892">
     <span class='ocr_line' id='line_1_18' title="bbox 93 851 916 892; baseline -0.002 -12"><span class='ocrx_word' id='word_1_124' title='bbox 93 851 173 892; x_wconf 60' lang='lat' dir='ltr'><strong>int;</strong></span> <span class='ocrx_word' id='word_1_125' title='bbox 203 853 238 881; x_wconf 78' lang='grc' dir='ltr'><strong>Τὸ</strong></span> <span class='ocrx_word' id='word_1_126' title='bbox 265 853 458 892; x_wconf 74' lang='grc' dir='ltr'>πατριαρχικὸν</span> <span class='ocrx_word' id='word_1_127' title='bbox 486 852 692 892; x_wconf 77' lang='grc' dir='ltr'>βουλλωτήριον,</span> <span class='ocrx_word' id='word_1_128' title='bbox 720 853 751 880; x_wconf 80' lang='grc' dir='ltr'>τὸ</span> <span class='ocrx_word' id='word_1_129' title='bbox 779 852 849 890; x_wconf 78' lang='grc' dir='ltr'>παρᾶ</span> <span class='ocrx_word' id='word_1_130' title='bbox 877 855 916 888; x_wconf 86' lang='grc' dir='ltr'>τῷ</span> 
     </span>
    </p>
   </div>
   <div class='ocr_carea' id='block_1_19' title="bbox 92 895 914 937">
    <p class='ocr_par' dir='ltr' id='par_1_19' title="bbox 92 895 914 937">
     <span class='ocr_line' id='line_1_19' title="bbox 92 895 914 937; baseline -0.001 -13"><span class='ocrx_word' id='word_1_131' title='bbox 92 897 185 931; x_wconf 73' lang='grc' dir='ltr'>στήθει</span> <span class='ocrx_word' id='word_1_132' title='bbox 209 900 255 925; x_wconf 82' lang='grc' dir='ltr'>τοῦ</span> <span class='ocrx_word' id='word_1_133' title='bbox 286 897 486 937; x_wconf 76' lang='grc' dir='ltr'>χαρτοφύλακος</span> <span class='ocrx_word' id='word_1_134' title='bbox 516 897 720 937; x_wconf 76' lang='grc' dir='ltr'>ἀπῃωρημένον,</span> <span class='ocrx_word' id='word_1_135' title='bbox 759 898 795 928; x_wconf 82' lang='grc' dir='ltr'><strong>ὼς</strong></span> <span class='ocrx_word' id='word_1_136' title='bbox 826 895 914 935; x_wconf 77' lang='grc' dir='ltr'>εἴωθε,</span> 
     </span>
    </p>
   </div>
   <div class='ocr_carea' id='block_1_20' title="bbox 91 939 915 981">
    <p class='ocr_par' dir='ltr' id='par_1_20' title="bbox 91 939 915 981">
     <span class='ocr_line' id='line_1_20' title="bbox 91 939 915 981; baseline -0.001 -12"><span class='ocrx_word' id='word_1_137' title='bbox 91 939 192 980; x_wconf 75' lang='grc' dir='ltr'>δοχείῳ</span> <span class='ocrx_word' id='word_1_138' title='bbox 225 941 399 974; x_wconf 78' lang='grc' dir='ltr'>καθεστηκό-ι</span> <span class='ocrx_word' id='word_1_139' title='bbox 429 941 536 981; x_wconf 78' lang='grc' dir='ltr'>λογικοῦ</span> <span class='ocrx_word' id='word_1_140' title='bbox 564 941 688 970; x_wconf 79' lang='grc' dir='ltr'>παντοίου</span> <span class='ocrx_word' id='word_1_141' title='bbox 717 940 915 977; x_wconf 66' lang='grc' dir='ltr'>πουὲάσματος</span> 
     </span>
    </p>
   </div>
   <div class='ocr_carea' id='block_1_21' title="bbox 90 983 916 1025">
    <p class='ocr_par' dir='ltr' id='par_1_21' title="bbox 90 983 916 1025">
     <span class='ocr_line' id='line_1_21' title="bbox 90 983 916 1025; baseline -0.001 -12"><span class='ocrx_word' id='word_1_142' title='bbox 90 988 167 1022; x_wconf 70' lang='grc' dir='ltr'>(Τοῖς</span> <span class='ocrx_word' id='word_1_143' title='bbox 196 986 245 1024; x_wconf 74' lang='grc' dir='ltr'><strong>γὰρ</strong></span> <span class='ocrx_word' id='word_1_144' title='bbox 280 985 372 1022; x_wconf 76' lang='grc' dir='ltr'>ἀξίοις,</span> <span class='ocrx_word' id='word_1_145' title='bbox 401 986 477 1025; x_wconf 72' lang='grc' dir='ltr'>φησὶ,</span> <span class='ocrx_word' id='word_1_146' title='bbox 514 984 602 1014; x_wconf 80' lang='grc' dir='ltr'>δοτέον</span> <span class='ocrx_word' id='word_1_147' title='bbox 636 986 668 1013; x_wconf 70' lang='grc' dir='ltr'><strong>τὰ</strong></span> <span class='ocrx_word' id='word_1_148' title='bbox 696 985 842 1022; x_wconf 70' lang='grc' dir='ltr'>ἀξιώμαται</span> <span class='ocrx_word' id='word_1_149' title='bbox 881 983 916 1012; x_wconf 72' lang='grc' dir='ltr'>δι’</span> 
     </span>
    </p>
   </div>
   <div class='ocr_carea' id='block_1_22' title="bbox 91 1029 917 1070">
    <p class='ocr_par' dir='ltr' id='par_1_22' title="bbox 91 1029 917 1070">
     <span class='ocr_line' id='line_1_22' title="bbox 91 1029 917 1070; baseline 0 -13"><span class='ocrx_word' id='word_1_150' title='bbox 91 1031 122 1057; x_wconf 75' lang='lat'><strong>03</strong></span> <span class='ocrx_word' id='word_1_151' title='bbox 156 1030 218 1061; x_wconf 76' lang='grc' dir='ltr'>τοὺς</span> <span class='ocrx_word' id='word_1_152' title='bbox 253 1029 408 1069; x_wconf 80' lang='grc' dir='ltr'>ὀλοθρευτὰς</span> <span class='ocrx_word' id='word_1_153' title='bbox 442 1029 609 1070; x_wconf 73' lang='grc' dir='ltr'>ὰσφαλίζεται</span> <span class='ocrx_word' id='word_1_154' title='bbox 649 1031 695 1058; x_wconf 79' lang='grc' dir='ltr'><strong>σὺν</strong></span> <span class='ocrx_word' id='word_1_155' title='bbox 723 1029 844 1069; x_wconf 71' lang='grc' dir='ltr'>σφραγῖδι</span> <span class='ocrx_word' id='word_1_156' title='bbox 873 1030 917 1057; x_wconf 84' lang='grc' dir='ltr'><strong>καὶ</strong></span> 
     </span>
    </p>
   </div>
   <div class='ocr_carea' id='block_1_23' title="bbox 92 1072 916 1114">
    <p class='ocr_par' dir='ltr' id='par_1_23' title="bbox 92 1072 916 1114">
     <span class='ocr_line' id='line_1_23' title="bbox 92 1072 916 1114; baseline -0.002 -12"><span class='ocrx_word' id='word_1_157' title='bbox 92 1074 195 1113; x_wconf 74' lang='grc' dir='ltr'>χάριτι,</span> <span class='ocrx_word' id='word_1_158' title='bbox 211 1074 271 1106; x_wconf 75' lang='grc' dir='ltr'>τοὺς</span> <span class='ocrx_word' id='word_1_159' title='bbox 300 1074 472 1114; x_wconf 71' lang='grc' dir='ltr'>ἁμαρτωλοὺς</span> <span class='ocrx_word' id='word_1_160' title='bbox 501 1075 649 1114; x_wconf 68' lang='grc' dir='ltr'>ἐπιστρέφει</span> <span class='ocrx_word' id='word_1_161' title='bbox 677 1075 721 1102; x_wconf 78' lang='grc' dir='ltr'>σὺν</span> <span class='ocrx_word' id='word_1_162' title='bbox 743 1072 844 1113; x_wconf 66' lang='grc' dir='ltr'>γραφίδι</span> <span class='ocrx_word' id='word_1_163' title='bbox 873 1074 916 1101; x_wconf 79' lang='grc' dir='ltr'><strong>καὶ</strong></span> 
     </span>
    </p>
   </div>
   <div class='ocr_carea' id='block_1_24' title="bbox 92 1118 915 1156">
    <p class='ocr_par' dir='ltr' id='par_1_24' title="bbox 92 1118 915 1156">
     <span class='ocr_line' id='line_1_24' title="bbox 92 1118 915 1156; baseline -0.002 -10"><span class='ocrx_word' id='word_1_164' title='bbox 92 1118 199 1155; x_wconf 72' lang='grc' dir='ltr'>μέλανι,</span> <span class='ocrx_word' id='word_1_165' title='bbox 236 1119 296 1151; x_wconf 80' lang='grc' dir='ltr'>τοὺς</span> <span class='ocrx_word' id='word_1_166' title='bbox 321 1119 566 1156; x_wconf 67' lang='grc' dir='ltr'>καταπονουμένους</span> <span class='ocrx_word' id='word_1_167' title='bbox 595 1118 721 1146; x_wconf 72' lang='grc' dir='ltr'>διεκδικετ</span> <span class='ocrx_word' id='word_1_168' title='bbox 744 1119 789 1146; x_wconf 66' lang='grc' dir='ltr'>σὺν</span> <span class='ocrx_word' id='word_1_169' title='bbox 811 1118 915 1155; x_wconf 71' lang='grc' dir='ltr'>βακτη-</span> 
     </span>
    </p>
   </div>
   <div class='ocr_carea' id='block_1_25' title="bbox 91 1162 916 1203">
    <p class='ocr_par' dir='ltr' id='par_1_25' title="bbox 91 1162 916 1203">
     <span class='ocr_line' id='line_1_25' title="bbox 91 1162 916 1203; baseline -0.005 -11"><span class='ocrx_word' id='word_1_170' title='bbox 91 1163 134 1201; x_wconf 80' lang='grc' dir='ltr'><strong>ρίᾳ</strong></span> <span class='ocrx_word' id='word_1_171' title='bbox 163 1163 205 1191; x_wconf 80' lang='grc' dir='ltr'><strong>καὶ</strong></span> <span class='ocrx_word' id='word_1_172' title='bbox 235 1164 349 1203; x_wconf 69' lang='grc' dir='ltr'>σύριγγι,</span> <span class='ocrx_word' id='word_1_173' title='bbox 379 1164 422 1192; x_wconf 77' lang='grc' dir='ltr'><strong>καὶ</strong></span> <span class='ocrx_word' id='word_1_174' title='bbox 448 1165 508 1195; x_wconf 73' lang='grc' dir='ltr'>τοὺς</span> <span class='ocrx_word' id='word_1_175' title='bbox 536 1163 620 1196; x_wconf 79' lang='grc' dir='ltr'>ἀξίους</span> <span class='ocrx_word' id='word_1_176' title='bbox 647 1166 685 1200; x_wconf 82' lang='grc' dir='ltr'>τῷ</span> <span class='ocrx_word' id='word_1_177' title='bbox 708 1162 835 1199; x_wconf 78' lang='grc' dir='ltr'>πνεύματι</span> <span class='ocrx_word' id='word_1_178' title='bbox 865 1173 916 1201; x_wconf 70' lang='grc' dir='ltr'><strong>χα-</strong></span> 
     </span>
    </p>
   </div>
   <div class='ocr_carea' id='block_1_26' title="bbox 91 1207 918 1247">
    <p class='ocr_par' dir='ltr' id='par_1_26' title="bbox 91 1207 918 1247">
     <span class='ocr_line' id='line_1_26' title="bbox 91 1207 918 1247; baseline 0.001 -13"><span class='ocrx_word' id='word_1_179' title='bbox 91 1207 229 1245; x_wconf 73' lang='grc' dir='ltr'>ρισμάτων</span> <span class='ocrx_word' id='word_1_180' title='bbox 263 1209 400 1247; x_wconf 79' lang='grc' dir='ltr'>ἱερατικῶν</span> <span class='ocrx_word' id='word_1_181' title='bbox 432 1208 502 1240; x_wconf 72' lang='grc' dir='ltr'><strong>ἁξιοῖ</strong></span> <span class='ocrx_word' id='word_1_182' title='bbox 521 1217 528 1224; x_wconf 91' lang='grc'><strong>·</strong></span> <span class='ocrx_word' id='word_1_183' title='bbox 565 1209 625 1239; x_wconf 67' lang='grc' dir='ltr'>τοὺς</span> <span class='ocrx_word' id='word_1_184' title='bbox 664 1209 712 1245; x_wconf 61' lang='grc' dir='ltr'>μὶν</span> <span class='ocrx_word' id='word_1_185' title='bbox 755 1207 830 1238; x_wconf 74' lang='grc' dir='ltr'>ἐκτὸς</span> <span class='ocrx_word' id='word_1_186' title='bbox 871 1211 918 1235; x_wconf 77' lang='grc' dir='ltr'>τοῦ</span> 
     </span>
    </p>
   </div>
   <div class='ocr_carea' id='block_1_27' title="bbox 90 1250 917 1292">
    <p class='ocr_par' dir='ltr' id='par_1_27' title="bbox 90 1250 917 1292">
     <span class='ocr_line' id='line_1_27' title="bbox 90 1250 917 1292; baseline -0.002 -12"><span class='ocrx_word' id='word_1_187' title='bbox 90 1251 225 1289; x_wconf 74' lang='grc' dir='ltr'>βήματος,</span> <span class='ocrx_word' id='word_1_188' title='bbox 262 1252 482 1292; x_wconf 82' lang='grc' dir='ltr'>κληρικοποιῶν·</span> <span class='ocrx_word' id='word_1_189' title='bbox 521 1252 580 1284; x_wconf 75' lang='grc' dir='ltr'>τοὺς</span> <span class='ocrx_word' id='word_1_190' title='bbox 621 1251 648 1279; x_wconf 68' lang='grc' dir='ltr'>δὲ</span> <span class='ocrx_word' id='word_1_191' title='bbox 692 1252 777 1285; x_wconf 72' lang='grc' dir='ltr'>ἐντὸς,</span> <span class='ocrx_word' id='word_1_192' title='bbox 814 1250 917 1278; x_wconf 80' lang='grc' dir='ltr'>τελειο-</span> 
     </span>
    </p>
   </div>
   <div class='ocr_carea' id='block_1_28' title="bbox 90 1294 914 1332">
    <p class='ocr_par' dir='ltr' id='par_1_28' title="bbox 90 1294 914 1332">
     <span class='ocr_line' id='line_1_28' title="bbox 90 1294 914 1332; baseline -0.001 -9"><span class='ocrx_word' id='word_1_193' title='bbox 90 1300 188 1327; x_wconf 78' lang='grc' dir='ltr'>ποιῶν.</span> <span class='ocrx_word' id='word_1_194' title='bbox 214 1297 263 1325; x_wconf 75' lang='grc' dir='ltr'>Διὰ</span> <span class='ocrx_word' id='word_1_195' title='bbox 284 1297 377 1326; x_wconf 76' lang='grc' dir='ltr'>τούτου</span> <span class='ocrx_word' id='word_1_196' title='bbox 401 1297 444 1325; x_wconf 78' lang='grc' dir='ltr'><strong>καὶ</strong></span> <span class='ocrx_word' id='word_1_197' title='bbox 472 1297 539 1325; x_wconf 73' lang='grc' dir='ltr'>κατὰ</span> <span class='ocrx_word' id='word_1_198' title='bbox 567 1299 652 1324; x_wconf 73' lang='grc' dir='ltr'>πᾶσαν</span> <span class='ocrx_word' id='word_1_199' title='bbox 682 1296 731 1329; x_wconf 80' lang='grc' dir='ltr'><strong>τὴν</strong></span> <span class='ocrx_word' id='word_1_200' title='bbox 760 1294 914 1332; x_wconf 72' lang='grc' dir='ltr'>οἰκουμένην</span> 
     </span>
    </p>
   </div>
   <div class='ocr_carea' id='block_1_29' title="bbox 91 1339 912 1382">
    <p class='ocr_par' dir='ltr' id='par_1_29' title="bbox 91 1339 912 1382">
     <span class='ocr_line' id='line_1_29' title="bbox 91 1339 912 1382; baseline -0.001 -15"><span class='ocrx_word' id='word_1_201' title='bbox 91 1339 191 1380; x_wconf 77' lang='grc' dir='ltr'>σχεδὸν</span> <span class='ocrx_word' id='word_1_202' title='bbox 213 1342 394 1382; x_wconf 81' lang='grc' dir='ltr'>πατριαρχικά</span> <span class='ocrx_word' id='word_1_203' title='bbox 423 1342 616 1381; x_wconf 71' lang='grc' dir='ltr'>καταγράφεται</span> <span class='ocrx_word' id='word_1_204' title='bbox 651 1341 694 1368; x_wconf 83' lang='grc' dir='ltr'><strong>καὶ</strong></span> <span class='ocrx_word' id='word_1_205' title='bbox 716 1339 802 1368; x_wconf 80' lang='grc' dir='ltr'>δίδωσι</span> <span class='ocrx_word' id='word_1_206' title='bbox 833 1350 912 1367; x_wconf 78' lang='grc' dir='ltr'>τταυ-</span> 
     </span>
    </p>
   </div>
   <div class='ocr_carea' id='block_1_30' title="bbox 90 1385 913 1425">
    <p class='ocr_par' dir='ltr' id='par_1_30' title="bbox 90 1385 913 1425">
     <span class='ocr_line' id='line_1_30' title="bbox 90 1385 913 1425; baseline -0.001 -12"><span class='ocrx_word' id='word_1_207' title='bbox 90 1386 221 1425; x_wconf 71' lang='grc' dir='ltr'>ροπήγια,</span> <span class='ocrx_word' id='word_1_208' title='bbox 255 1387 299 1414; x_wconf 82' lang='grc' dir='ltr'><strong>καὶ</strong></span> <span class='ocrx_word' id='word_1_209' title='bbox 326 1385 434 1414; x_wconf 80' lang='grc' dir='ltr'>πολλῶν</span> <span class='ocrx_word' id='word_1_210' title='bbox 461 1385 565 1414; x_wconf 77' lang='grc' dir='ltr'>πόλεων</span> <span class='ocrx_word' id='word_1_211' title='bbox 588 1385 794 1418; x_wconf 71' lang='grc' dir='ltr'>ἐκκλησιαστικὲι</span> <span class='ocrx_word' id='word_1_212' title='bbox 828 1395 913 1421; x_wconf 83' lang='grc' dir='ltr'>μετα-</span> 
     </span>
    </p>
   </div>
   <div class='ocr_carea' id='block_1_31' title="bbox 89 1429 913 1470">
    <p class='ocr_par' dir='ltr' id='par_1_31' title="bbox 89 1429 913 1470">
     <span class='ocr_line' id='line_1_31' title="bbox 89 1429 913 1470; baseline -0.001 -13"><span class='ocrx_word' id='word_1_213' title='bbox 89 1430 178 1462; x_wconf 82' lang='grc' dir='ltr'>τίθησι</span> <span class='ocrx_word' id='word_1_214' title='bbox 203 1430 318 1469; x_wconf 81' lang='grc' dir='ltr'>κάρηνα,</span> <span class='ocrx_word' id='word_1_215' title='bbox 335 1431 372 1462; x_wconf 78' lang='grc' dir='ltr'>εἷς</span> <span class='ocrx_word' id='word_1_216' title='bbox 386 1433 436 1464; x_wconf 83' lang='grc' dir='ltr'><strong>τῆς</strong></span> <span class='ocrx_word' id='word_1_217' title='bbox 463 1430 571 1470; x_wconf 82' lang='grc' dir='ltr'>πρώτης</span> <span class='ocrx_word' id='word_1_218' title='bbox 601 1429 719 1469; x_wconf 70' lang='grc' dir='ltr'>κεφαλῆς</span> <span class='ocrx_word' id='word_1_219' title='bbox 744 1430 774 1457; x_wconf 78' lang='grc' dir='ltr'>τὸ</span> <span class='ocrx_word' id='word_1_220' title='bbox 798 1429 913 1456; x_wconf 79' lang='grc' dir='ltr'>ἀνακτο-</span> 
     </span>
    </p>
   </div>
   <div class='ocr_carea' id='block_1_32' title="bbox 89 1472 944 1517">
    <p class='ocr_par' dir='ltr' id='par_1_32' title="bbox 89 1472 944 1517">
     <span class='ocr_line' id='line_1_32' title="bbox 89 1472 944 1517; baseline -0.001 -16"><span class='ocrx_word' id='word_1_221' title='bbox 89 1484 148 1512; x_wconf 84' lang='grc' dir='ltr'>ρον.</span> <span class='ocrx_word' id='word_1_222' title='bbox 166 1472 285 1503; x_wconf 77' lang='grc' dir='ltr'>Δίδονται</span> <span class='ocrx_word' id='word_1_223' title='bbox 298 1473 340 1504; x_wconf 75' lang='grc' dir='ltr'><strong>διὰ</strong></span> <span class='ocrx_word' id='word_1_224' title='bbox 353 1475 445 1504; x_wconf 78' lang='grc' dir='ltr'>τούτου</span> <span class='ocrx_word' id='word_1_225' title='bbox 465 1478 503 1512; x_wconf 85' lang='grc' dir='ltr'>τῷ</span> <span class='ocrx_word' id='word_1_226' title='bbox 519 1473 700 1514; x_wconf 74' lang='grc' dir='ltr'>χαρτοφύλακι</span> <span class='ocrx_word' id='word_1_227' title='bbox 716 1473 758 1502; x_wconf 86' lang='grc' dir='ltr'><strong>καὶ</strong></span> <span class='ocrx_word' id='word_1_228' title='bbox 786 1474 812 1501; x_wconf 76' lang='grc' dir='ltr'>αἱ</span> <span class='ocrx_word' id='word_1_229' title='bbox 840 1472 915 1505; x_wconf 72' lang='grc' dir='ltr'>κλεῖς</span> <span class='ocrx_word' id='word_1_230' title='bbox 924 1493 944 1517; x_wconf 80' lang='lat' dir='ltr'><strong>C</strong></span> 
     </span>
    </p>
   </div>
   <div class='ocr_carea' id='block_1_33' title="bbox 88 1517 916 1557">
    <p class='ocr_par' dir='ltr' id='par_1_33' title="bbox 88 1517 916 1557">
     <span class='ocr_line' id='line_1_33' title="bbox 88 1517 916 1557; baseline -0.001 -11"><span class='ocrx_word' id='word_1_231' title='bbox 88 1521 140 1552; x_wconf 77' lang='grc' dir='ltr'>τῆς</span> <span class='ocrx_word' id='word_1_232' title='bbox 155 1517 289 1556; x_wconf 80' lang='grc' dir='ltr'>βασιλείας</span> <span class='ocrx_word' id='word_1_233' title='bbox 318 1520 370 1547; x_wconf 76' lang='grc' dir='ltr'>τῶν</span> <span class='ocrx_word' id='word_1_234' title='bbox 393 1521 520 1557; x_wconf 70' lang='grc' dir='ltr'>οὐρανῶν,</span> <span class='ocrx_word' id='word_1_235' title='bbox 552 1519 588 1550; x_wconf 85' lang='grc' dir='ltr'><strong>ὡς</strong></span> <span class='ocrx_word' id='word_1_236' title='bbox 609 1518 660 1546; x_wconf 75' lang='grc' dir='ltr'>ὑπὸ</span> <span class='ocrx_word' id='word_1_237' title='bbox 688 1522 734 1547; x_wconf 75' lang='grc' dir='ltr'>τοῦ</span> <span class='ocrx_word' id='word_1_238' title='bbox 757 1518 850 1557; x_wconf 80' lang='grc' dir='ltr'>Κυρίου</span> <span class='ocrx_word' id='word_1_239' title='bbox 877 1520 916 1554; x_wconf 84' lang='grc' dir='ltr'>τῷ</span> 
     </span>
    </p>
   </div>
   <div class='ocr_carea' id='block_1_34' title="bbox 89 1562 914 1602">
    <p class='ocr_par' dir='ltr' id='par_1_34' title="bbox 89 1562 914 1602">
     <span class='ocr_line' id='line_1_34' title="bbox 89 1562 914 1602; baseline -0.002 -12"><span class='ocrx_word' id='word_1_240' title='bbox 89 1562 161 1602; x_wconf 74' lang='grc' dir='ltr'>φίλῳ</span> <span class='ocrx_word' id='word_1_241' title='bbox 176 1563 266 1602; x_wconf 79' lang='grc' dir='ltr'>Πέτρῳ</span> <span class='ocrx_word' id='word_1_242' title='bbox 291 1564 335 1591; x_wconf 85' lang='grc' dir='ltr'><strong>καὶ</strong></span> <span class='ocrx_word' id='word_1_243' title='bbox 350 1565 471 1602; x_wconf 77' lang='grc' dir='ltr'>μαθητῇ.</span> <span class='ocrx_word' id='word_1_244' title='bbox 487 1563 556 1596; x_wconf 82' lang='grc' dir='ltr'>Φησὶ</span> <span class='ocrx_word' id='word_1_245' title='bbox 571 1563 620 1602; x_wconf 79' lang='grc' dir='ltr'><strong>γὰρ</strong></span> <span class='ocrx_word' id='word_1_246' title='bbox 647 1564 704 1590; x_wconf 76' lang='grc' dir='ltr'>οἷον</span> <span class='ocrx_word' id='word_1_247' title='bbox 731 1563 796 1601; x_wconf 84' lang='grc' dir='ltr'>πρὸς</span> <span class='ocrx_word' id='word_1_248' title='bbox 825 1562 914 1601; x_wconf 64' lang='grc' dir='ltr'>αὐτὸν,</span> 
     </span>
    </p>
   </div>
   <div class='ocr_carea' id='block_1_35' title="bbox 89 1600 915 1647">
    <p class='ocr_par' dir='ltr' id='par_1_35' title="bbox 89 1600 915 1647">
     <span class='ocr_line' id='line_1_35' title="bbox 89 1600 915 1647; baseline -0.001 -13"><span class='ocrx_word' id='word_1_249' title='bbox 89 1600 103 1635; x_wconf 68' lang='grc' dir='ltr'><strong>ό</strong></span> <span class='ocrx_word' id='word_1_250' title='bbox 127 1607 211 1646; x_wconf 80' lang='grc' dir='ltr'>μέγας</span> <span class='ocrx_word' id='word_1_251' title='bbox 227 1600 365 1647; x_wconf 69' lang='grc' dir='ltr'>ἆρχιερεύς</span> <span class='ocrx_word' id='word_1_252' title='bbox 383 1615 390 1622; x_wconf 92' lang='grc'><strong><em>“</em></strong></span> <span class='ocrx_word' id='word_1_253' title='bbox 413 1600 451 1636; x_wconf 17' lang='lat'><strong>&quot;07</strong></span> <span class='ocrx_word' id='word_1_254' title='bbox 466 1607 510 1635; x_wconf 74' lang='grc' dir='ltr'><strong>ἐὰν</strong></span> <span class='ocrx_word' id='word_1_255' title='bbox 531 1600 614 1645; x_wconf 76' lang='grc' dir='ltr'>λύσῃς</span> <span class='ocrx_word' id='word_1_256' title='bbox 642 1606 685 1635; x_wconf 73' lang='grc' dir='ltr'>ἐπὶ</span> <span class='ocrx_word' id='word_1_257' title='bbox 699 1600 827 1645; x_wconf 20' lang='grc' dir='ltr'>τῆςνγῆς,</span> <span class='ocrx_word' id='word_1_258' title='bbox 843 1600 915 1634; x_wconf 71' lang='grc' dir='ltr'>ἔσται</span> 
     </span>
    </p>
   </div>
   <div class='ocr_carea' id='block_1_36' title="bbox 87 1650 915 1690">
    <p class='ocr_par' dir='ltr' id='par_1_36' title="bbox 87 1650 915 1690">
     <span class='ocr_line' id='line_1_36' title="bbox 87 1650 915 1690; baseline -0.001 -11"><span class='ocrx_word' id='word_1_259' title='bbox 87 1650 234 1689; x_wconf 79' lang='grc' dir='ltr'>λελυμένον</span> <span class='ocrx_word' id='word_1_260' title='bbox 256 1651 284 1678; x_wconf 79' lang='grc' dir='ltr'>ἐν</span> <span class='ocrx_word' id='word_1_261' title='bbox 303 1658 362 1684; x_wconf 77' lang='grc' dir='ltr'>τοῖς</span> <span class='ocrx_word' id='word_1_262' title='bbox 392 1652 512 1690; x_wconf 72' lang='grc' dir='ltr'>οὐρανοῖς</span> <span class='ocrx_word' id='word_1_263' title='bbox 530 1659 537 1666; x_wconf 88' lang='grc'><strong>⁹</strong></span> <span class='ocrx_word' id='word_1_264' title='bbox 567 1651 612 1680; x_wconf 83' lang='grc' dir='ltr'><strong>καὶ</strong></span> <span class='ocrx_word' id='word_1_265' title='bbox 627 1652 641 1680; x_wconf 84' lang='grc' dir='ltr'>ὃ</span> <span class='ocrx_word' id='word_1_266' title='bbox 655 1651 700 1679; x_wconf 74' lang='grc' dir='ltr'>ἐὰν</span> <span class='ocrx_word' id='word_1_267' title='bbox 713 1650 797 1689; x_wconf 74' lang='grc' dir='ltr'>δήσῃς</span> <span class='ocrx_word' id='word_1_268' title='bbox 813 1650 854 1678; x_wconf 73' lang='grc' dir='ltr'>ἐπὶ</span> <span class='ocrx_word' id='word_1_269' title='bbox 867 1653 915 1684; x_wconf 78' lang='grc' dir='ltr'>τῆς</span> 
     </span>
    </p>
   </div>
   <div class='ocr_carea' id='block_1_37' title="bbox 87 1695 918 1735">
    <p class='ocr_par' dir='ltr' id='par_1_37' title="bbox 87 1695 918 1735">
     <span class='ocr_line' id='line_1_37' title="bbox 87 1695 918 1735; baseline -0.004 -10"><span class='ocrx_word' id='word_1_270' title='bbox 87 1698 153 1735; x_wconf 73' lang='grc' dir='ltr'>γῆς,</span> <span class='ocrx_word' id='word_1_271' title='bbox 184 1695 256 1724; x_wconf 76' lang='grc' dir='ltr'>ἔσται</span> <span class='ocrx_word' id='word_1_272' title='bbox 278 1695 413 1734; x_wconf 74' lang='grc' dir='ltr'>δεδεμένον</span> <span class='ocrx_word' id='word_1_273' title='bbox 439 1696 483 1724; x_wconf 84' lang='grc' dir='ltr'><strong>καὶ</strong></span> <span class='ocrx_word' id='word_1_274' title='bbox 504 1695 531 1723; x_wconf 78' lang='grc' dir='ltr'>ἐν</span> <span class='ocrx_word' id='word_1_275' title='bbox 558 1703 617 1728; x_wconf 68' lang='grc' dir='ltr'>τοῖς</span> <span class='ocrx_word' id='word_1_276' title='bbox 646 1695 779 1735; x_wconf 63' lang='grc' dir='ltr'>οιὸρανοῖς.</span> <span class='ocrx_word' id='word_1_277' title='bbox 819 1696 866 1724; x_wconf 82' lang='grc' dir='ltr'>Καὶ</span> <span class='ocrx_word' id='word_1_278' title='bbox 887 1696 918 1722; x_wconf 71' lang='grc' dir='ltr'>τὸ</span> 
     </span>
    </p>
   </div>
   <div class='ocr_carea' id='block_1_38' title="bbox 88 1739 917 1780">
    <p class='ocr_par' dir='ltr' id='par_1_38' title="bbox 88 1739 917 1780">
     <span class='ocr_line' id='line_1_38' title="bbox 88 1739 917 1780; baseline -0.001 -12"><span class='ocrx_word' id='word_1_279' title='bbox 88 1741 198 1768; x_wconf 72' lang='grc' dir='ltr'>πάντων</span> <span class='ocrx_word' id='word_1_280' title='bbox 226 1741 391 1780; x_wconf 78' lang='grc' dir='ltr'>καινότερον,</span> <span class='ocrx_word' id='word_1_281' title='bbox 420 1740 450 1769; x_wconf 68' lang='grc' dir='ltr'>οὗ</span> <span class='ocrx_word' id='word_1_282' title='bbox 476 1740 558 1778; x_wconf 83' lang='grc' dir='ltr'>μόνον</span> <span class='ocrx_word' id='word_1_283' title='bbox 586 1742 661 1773; x_wconf 66' lang='grc' dir='ltr'>οὗτος</span> <span class='ocrx_word' id='word_1_284' title='bbox 692 1740 820 1773; x_wconf 66' lang='grc' dir='ltr'>τοσαύτης</span> <span class='ocrx_word' id='word_1_285' title='bbox 842 1739 917 1772; x_wconf 71' lang='grc' dir='ltr'>ἔξου-</span> 
     </span>
    </p>
   </div>
   <div class='ocr_carea' id='block_1_39' title="bbox 89 1783 918 1825">
    <p class='ocr_par' dir='ltr' id='par_1_39' title="bbox 89 1783 918 1825">
     <span class='ocr_line' id='line_1_39' title="bbox 89 1783 918 1825; baseline 0 -13"><span class='ocrx_word' id='word_1_286' title='bbox 89 1785 149 1816; x_wconf 78' lang='grc' dir='ltr'>σίας</span> <span class='ocrx_word' id='word_1_287' title='bbox 165 1783 312 1818; x_wconf 75' lang='grc' dir='ltr'>ἐπλούτησε</span> <span class='ocrx_word' id='word_1_288' title='bbox 340 1785 472 1825; x_wconf 80' lang='grc' dir='ltr'>χάρισμα,</span> <span class='ocrx_word' id='word_1_289' title='bbox 504 1784 573 1813; x_wconf 75' lang='grc' dir='ltr'>ἀλλὰ</span> <span class='ocrx_word' id='word_1_290' title='bbox 602 1785 644 1812; x_wconf 79' lang='grc' dir='ltr'><strong>καὶ</strong></span> <span class='ocrx_word' id='word_1_291' title='bbox 673 1786 695 1812; x_wconf 79' lang='grc' dir='ltr'>οἱ</span> <span class='ocrx_word' id='word_1_292' title='bbox 724 1783 750 1817; x_wconf 76' lang='grc' dir='ltr'><strong>ἐξ</strong></span> <span class='ocrx_word' id='word_1_293' title='bbox 778 1786 857 1813; x_wconf 70' lang='grc' dir='ltr'>αὖτοῡ</span> <span class='ocrx_word' id='word_1_294' title='bbox 868 1784 918 1818; x_wconf 74' lang='grc' dir='ltr'><strong>τὴν</strong></span> 
     </span>
    </p>
   </div>
   <div class='ocr_carea' id='block_1_40' title="bbox 88 1827 918 1869">
    <p class='ocr_par' dir='ltr' id='par_1_40' title="bbox 88 1827 918 1869">
     <span class='ocr_line' id='line_1_40' title="bbox 88 1827 918 1869; baseline 0 -13"><span class='ocrx_word' id='word_1_295' title='bbox 88 1829 172 1869; x_wconf 74' lang='grc' dir='ltr'>χάριν</span> <span class='ocrx_word' id='word_1_296' title='bbox 205 1829 304 1862; x_wconf 76' lang='grc' dir='ltr'>ταύτην</span> <span class='ocrx_word' id='word_1_297' title='bbox 340 1828 528 1867; x_wconf 75' lang='grc' dir='ltr'>λαμϐάνοντες.</span> <span class='ocrx_word' id='word_1_298' title='bbox 577 1827 726 1868; x_wconf 79' lang='grc' dir='ltr'>Ἐπιτρέπει</span> <span class='ocrx_word' id='word_1_299' title='bbox 768 1829 818 1868; x_wconf 78' lang='grc' dir='ltr'><strong>γὰρ</strong></span> <span class='ocrx_word' id='word_1_300' title='bbox 844 1830 918 1868; x_wconf 76' lang='grc' dir='ltr'>ἱερα-</span> 
     </span>
    </p>
   </div>
   <div class='ocr_carea' id='block_1_41' title="bbox 87 1872 916 1913">
    <p class='ocr_par' dir='ltr' id='par_1_41' title="bbox 87 1872 916 1913">
     <span class='ocr_line' id='line_1_41' title="bbox 87 1872 916 1913; baseline 0 -13"><span class='ocrx_word' id='word_1_301' title='bbox 87 1874 194 1901; x_wconf 76' lang='grc' dir='ltr'>τεύουσι</span> <span class='ocrx_word' id='word_1_302' title='bbox 231 1879 380 1913; x_wconf 70' lang='grc' dir='ltr'>μοναχοῖς,</span> <span class='ocrx_word' id='word_1_303' title='bbox 419 1873 563 1913; x_wconf 79' lang='grc' dir='ltr'>ἀνθρώπων</span> <span class='ocrx_word' id='word_1_304' title='bbox 597 1872 720 1913; x_wconf 73' lang='grc' dir='ltr'>δέχεσθαι</span> <span class='ocrx_word' id='word_1_305' title='bbox 762 1872 916 1913; x_wconf 72' lang='grc' dir='ltr'>λογισμοὺς,</span> 
     </span>
    </p>
   </div>
   <div class='ocr_carea' id='block_1_42' title="bbox 88 1916 918 1958">
    <p class='ocr_par' dir='ltr' id='par_1_42' title="bbox 88 1916 918 1958">
     <span class='ocr_line' id='line_1_42' title="bbox 88 1916 918 1958; baseline 0 -13"><span class='ocrx_word' id='word_1_306' title='bbox 88 1919 132 1945; x_wconf 87' lang='grc' dir='ltr'><strong>καὶ</strong></span> <span class='ocrx_word' id='word_1_307' title='bbox 177 1916 342 1956; x_wconf 76' lang='grc' dir='ltr'>διαρῥησσειν</span> <span class='ocrx_word' id='word_1_308' title='bbox 386 1918 586 1957; x_wconf 70' lang='grc' dir='ltr'>ἁμαρτημάτων</span> <span class='ocrx_word' id='word_1_309' title='bbox 628 1917 793 1958; x_wconf 70' lang='grc' dir='ltr'>χειρόγραφα</span> <span class='ocrx_word' id='word_1_310' title='bbox 808 1926 815 1933; x_wconf 80' lang='grc'><strong>⁸</strong></span> <span class='ocrx_word' id='word_1_311' title='bbox 854 1916 918 1957; x_wconf 82' lang='grc' dir='ltr'>ὅπερ</span> 
     </span>
    </p>
   </div>
   <div class='ocr_carea' id='block_1_43' title="bbox 87 1961 918 2001">
    <p class='ocr_par' dir='ltr' id='par_1_43' title="bbox 87 1961 918 2001">
     <span class='ocr_line' id='line_1_43' title="bbox 87 1961 918 2001; baseline -0.001 -10"><span class='ocrx_word' id='word_1_312' title='bbox 87 1962 183 2000; x_wconf 83' lang='grc' dir='ltr'>μόνοις</span> <span class='ocrx_word' id='word_1_313' title='bbox 205 1962 360 2001; x_wconf 67' lang='grc' dir='ltr'>ἐπισκόποις</span> <span class='ocrx_word' id='word_1_314' title='bbox 387 1962 440 1991; x_wconf 76' lang='grc' dir='ltr'>ἀπὸ</span> <span class='ocrx_word' id='word_1_315' title='bbox 475 1967 521 1992; x_wconf 84' lang='grc' dir='ltr'>τοῦ</span> <span class='ocrx_word' id='word_1_316' title='bbox 548 1962 675 2001; x_wconf 72' lang='grc' dir='ltr'>παναγίω</span> <span class='ocrx_word' id='word_1_317' title='bbox 709 1961 809 1990; x_wconf 76' lang='grc' dir='ltr'>δέδοται</span> <span class='ocrx_word' id='word_1_318' title='bbox 839 1962 918 1990; x_wconf 75' lang='grc' dir='ltr'>Πνεύ-</span> 
     </span>
    </p>
   </div>
   <div class='ocr_carea' id='block_1_44' title="bbox 86 1996 916 2047">
    <p class='ocr_par' dir='ltr' id='par_1_44' title="bbox 86 1996 916 2047">
     <span class='ocr_line' id='line_1_44' title="bbox 86 1996 916 2047; baseline -0.001 -12"><span class='ocrx_word' id='word_1_319' title='bbox 86 2018 189 2045; x_wconf 80' lang='grc' dir='ltr'>ματος.</span> <span class='ocrx_word' id='word_1_320' title='bbox 223 1996 265 2036; x_wconf 55' lang='grc' dir='ltr'>Ἂν</span> <span class='ocrx_word' id='word_1_321' title='bbox 291 2005 352 2045; x_wconf 74' lang='grc' dir='ltr'>ἴδῃς</span> <span class='ocrx_word' id='word_1_322' title='bbox 380 2006 408 2035; x_wconf 79' lang='grc' dir='ltr'><strong>δὲ</strong></span> <span class='ocrx_word' id='word_1_323' title='bbox 436 2012 527 2037; x_wconf 84' lang='grc' dir='ltr'>τοῦτον</span> <span class='ocrx_word' id='word_1_324' title='bbox 568 2005 709 2039; x_wconf 76' lang='grc' dir='ltr'>συνοδικῶς</span> <span class='ocrx_word' id='word_1_325' title='bbox 745 2005 916 2047; x_wconf 77' lang='grc' dir='ltr'>σχεδιάζοντα</span> 
     </span>
    </p>
   </div>
   <div class='ocr_carea' id='block_1_45' title="bbox 88 2050 915 2090">
    <p class='ocr_par' dir='ltr' id='par_1_45' title="bbox 88 2050 915 2090">
     <span class='ocr_line' id='line_1_45' title="bbox 88 2050 915 2090; baseline 0 -10"><span class='ocrx_word' id='word_1_326' title='bbox 88 2051 137 2080; x_wconf 70' lang='grc' dir='ltr'>ὅσα</span> <span class='ocrx_word' id='word_1_327' title='bbox 163 2050 253 2080; x_wconf 84' lang='grc' dir='ltr'>λαλῶν</span> <span class='ocrx_word' id='word_1_328' title='bbox 279 2051 395 2087; x_wconf 75' lang='grc' dir='ltr'>λαλήσαι</span> <span class='ocrx_word' id='word_1_329' title='bbox 418 2055 529 2087; x_wconf 82' lang='grc' dir='ltr'><strong>Μωσῆς,</strong></span> <span class='ocrx_word' id='word_1_330' title='bbox 555 2051 667 2080; x_wconf 75' lang='grc' dir='ltr'>κάκεῖνα</span> <span class='ocrx_word' id='word_1_331' title='bbox 689 2050 829 2090; x_wconf 83' lang='grc' dir='ltr'>κρουνηδὸν</span> <span class='ocrx_word' id='word_1_332' title='bbox 844 2051 915 2080; x_wconf 81' lang='grc' dir='ltr'>ἀπο-</span> 
     </span>
    </p>
   </div>
   <div class='ocr_carea' id='block_1_46' title="bbox 89 2096 914 2135">
    <p class='ocr_par' dir='ltr' id='par_1_46' title="bbox 89 2096 914 2135">
     <span class='ocr_line' id='line_1_46' title="bbox 89 2096 914 2135; baseline -0.002 -9"><span class='ocrx_word' id='word_1_333' title='bbox 89 2097 297 2135; x_wconf 80' lang='grc' dir='ltr'>στοματίζοντα,</span> <span class='ocrx_word' id='word_1_334' title='bbox 319 2097 369 2125; x_wconf 79' lang='grc' dir='ltr'><strong>ὅσα</strong></span> <span class='ocrx_word' id='word_1_335' title='bbox 397 2097 534 2126; x_wconf 84' lang='grc' dir='ltr'>νενελώσει</span> <span class='ocrx_word' id='word_1_336' title='bbox 562 2098 606 2126; x_wconf 77' lang='grc' dir='ltr'>καὶ</span> <span class='ocrx_word' id='word_1_337' title='bbox 633 2096 758 2125; x_wconf 79' lang='grc' dir='ltr'>ὑδατώσει</span> <span class='ocrx_word' id='word_1_338' title='bbox 782 2099 831 2130; x_wconf 77' lang='grc' dir='ltr'>τῆς</span> <span class='ocrx_word' id='word_1_339' title='bbox 867 2108 914 2124; x_wconf 88' lang='grc' dir='ltr'>κε-</span> 
     </span>
    </p>
   </div>
   <div class='ocr_carea' id='block_1_47' title="bbox 692 1252 777 1285">
    <p class='ocr_par' dir='ltr' id='par_1_47' title="bbox 692 1252 777 1285">
     <span class='ocr_line' id='line_1_47' title="bbox 692 1252 777 1285; baseline 0 -6"><span class='ocrx_word' id='word_1_340' title='bbox 692 1252 777 1285; x_wconf 74' lang='grc' dir='ltr'>ἐντὸς,</span> 
     </span>
    </p>
   </div>
   <div class='ocr_carea' id='block_1_48' title="bbox 752 110 1106 148">
    <p class='ocr_par' dir='ltr' id='par_1_48' title="bbox 752 110 1106 148">
     <span class='ocr_line' id='line_1_48' title="bbox 752 110 1106 148; baseline -0.017 0"><span class='ocrx_word' id='word_1_341' title='bbox 752 110 1106 148; x_wconf 75' lang='lat' dir='ltr'><strong>GR/ECO—ROMANUM.</strong></span> 
     </span>
    </p>
   </div>
   <div class='ocr_carea' id='block_1_49' title="bbox 1707 112 1786 145">
    <p class='ocr_par' dir='ltr' id='par_1_49' title="bbox 1707 112 1786 145">
     <span class='ocr_line' id='line_1_49' title="bbox 1707 112 1786 145; baseline 0.013 -1"><span class='ocrx_word' id='word_1_342' title='bbox 1707 112 1786 145; x_wconf 75' lang='grc'><strong>1190</strong></span> 
     </span>
    </p>
   </div>
   <div class='ocr_carea' id='block_1_50' title="bbox 954 177 1783 221">
    <p class='ocr_par' dir='ltr' id='par_1_50' title="bbox 954 177 1783 221">
     <span class='ocr_line' id='line_1_50' title="bbox 954 177 1783 221; baseline 0.002 -11"><span class='ocrx_word' id='word_1_343' title='bbox 954 177 1100 210; x_wconf 85' lang='lat' dir='ltr'><strong>Dominus</strong></span> <span class='ocrx_word' id='word_1_344' title='bbox 1122 177 1202 209; x_wconf 88' lang='lat' dir='ltr'><strong>Deus</strong></span> <span class='ocrx_word' id='word_1_345' title='bbox 1230 181 1345 218; x_wconf 85' lang='lat' dir='ltr'><strong>patrum</strong></span> <span class='ocrx_word' id='word_1_346' title='bbox 1373 183 1555 221; x_wconf 90' lang='lat' dir='ltr'><strong>nostrorum,</strong></span> <span class='ocrx_word' id='word_1_347' title='bbox 1587 183 1617 212; x_wconf 88' lang='lat' dir='ltr'><strong>et</strong></span> <span class='ocrx_word' id='word_1_348' title='bbox 1638 180 1783 212; x_wconf 76' lang='lat' dir='ltr'><strong>universae</strong></span> 
     </span>
    </p>
   </div>
   <div class='ocr_carea' id='block_1_51' title="bbox 960 221 1782 264">
    <p class='ocr_par' dir='ltr' id='par_1_51' title="bbox 960 221 1782 264">
     <span class='ocr_line' id='line_1_51' title="bbox 960 221 1782 264; baseline 0.006 -13"><span class='ocrx_word' id='word_1_349' title='bbox 960 223 1069 262; x_wconf 84' lang='lat' dir='ltr'><strong>carnis,</strong></span> <span class='ocrx_word' id='word_1_350' title='bbox 1085 221 1237 253; x_wconf 86' lang='lat' dir='ltr'><strong>hominem</strong></span> <span class='ocrx_word' id='word_1_351' title='bbox 1251 221 1282 253; x_wconf 95' lang='lat' dir='ltr'><strong>in</strong></span> <span class='ocrx_word' id='word_1_352' title='bbox 1298 223 1353 254; x_wconf 89' lang='lat' dir='ltr'><strong>hoc</strong></span> <span class='ocrx_word' id='word_1_353' title='bbox 1379 227 1468 264; x_wconf 86' lang='lat' dir='ltr'><strong>coetu,</strong></span> <span class='ocrx_word' id='word_1_354' title='bbox 1495 224 1546 263; x_wconf 85' lang='lat' dir='ltr'><strong>qui</strong></span> <span class='ocrx_word' id='word_1_355' title='bbox 1571 225 1738 264; x_wconf 79' lang='lat' dir='ltr'><strong>egrediatur</strong></span> <span class='ocrx_word' id='word_1_356' title='bbox 1765 235 1782 256; x_wconf 94' lang='lat' dir='ltr'><strong>a</strong></span> 
     </span>
    </p>
   </div>
   <div class='ocr_carea' id='block_1_52' title="bbox 960 265 1780 310">
    <p class='ocr_par' dir='ltr' id='par_1_52' title="bbox 960 265 1780 310">
     <span class='ocr_line' id='line_1_52' title="bbox 960 265 1780 310; baseline 0.006 -14"><span class='ocrx_word' id='word_1_357' title='bbox 960 265 1035 296; x_wconf 88' lang='lat' dir='ltr'><strong>facie</strong></span> <span class='ocrx_word' id='word_1_358' title='bbox 1051 275 1128 303; x_wconf 87' lang='lat' dir='ltr'><strong>mea,</strong></span> <span class='ocrx_word' id='word_1_359' title='bbox 1148 279 1160 293; x_wconf 72' lang='grc' dir='ltr'><strong>η</strong></span> <span class='ocrx_word' id='word_1_360' title='bbox 1179 271 1208 297; x_wconf 89' lang='lat' dir='ltr'><strong>et</strong></span> <span class='ocrx_word' id='word_1_361' title='bbox 1222 267 1405 307; x_wconf 76' lang='lat' dir='ltr'><strong>ingrediatur</strong></span> <span class='ocrx_word' id='word_1_362' title='bbox 1420 273 1488 299; x_wconf 87' lang='lat' dir='ltr'><strong>ante</strong></span> <span class='ocrx_word' id='word_1_363' title='bbox 1500 269 1605 300; x_wconf 82' lang='lat' dir='ltr'><strong>faciem</strong></span> <span class='ocrx_word' id='word_1_364' title='bbox 1621 278 1736 310; x_wconf 87' lang='lat' dir='ltr'><strong>eorum,</strong></span> <span class='ocrx_word' id='word_1_365' title='bbox 1752 274 1780 301; x_wconf 93' lang='lat' dir='ltr'><strong>et</strong></span> 
     </span>
    </p>
   </div>
   <div class='ocr_carea' id='block_1_53' title="bbox 960 310 1781 354">
    <p class='ocr_par' dir='ltr' id='par_1_53' title="bbox 960 310 1781 354">
     <span class='ocr_line' id='line_1_53' title="bbox 960 310 1781 354; baseline 0.006 -14"><span class='ocrx_word' id='word_1_366' title='bbox 960 310 1128 342; x_wconf 86' lang='lat' dir='ltr'><strong>introducat</strong></span> <span class='ocrx_word' id='word_1_367' title='bbox 1137 321 1188 342; x_wconf 86' lang='lat' dir='ltr'><strong>eos</strong></span> <span class='ocrx_word' id='word_1_368' title='bbox 1197 311 1234 342; x_wconf 85' lang='lat' dir='ltr'><strong>ad</strong></span> <span class='ocrx_word' id='word_1_369' title='bbox 1247 321 1306 349; x_wconf 89' lang='lat' dir='ltr'><strong>me,</strong></span> <span class='ocrx_word' id='word_1_370' title='bbox 1319 313 1483 344; x_wconf 89' lang='lat' dir='ltr'><strong>etabducat</strong></span> <span class='ocrx_word' id='word_1_371' title='bbox 1494 322 1545 344; x_wconf 86' lang='lat' dir='ltr'><strong>eos</strong></span> <span class='ocrx_word' id='word_1_372' title='bbox 1557 323 1574 344; x_wconf 88' lang='lat' dir='ltr'><strong>a</strong></span> <span class='ocrx_word' id='word_1_373' title='bbox 1586 323 1650 344; x_wconf 93' lang='lat' dir='ltr'><strong>me:</strong></span> <span class='ocrx_word' id='word_1_374' title='bbox 1674 314 1781 354; x_wconf 82' lang='lat' dir='ltr'><strong>quibus</strong></span> 
     </span>
    </p>
   </div>
   <div class='ocr_carea' id='block_1_54' title="bbox 960 355 1780 398">
    <p class='ocr_par' dir='ltr' id='par_1_54' title="bbox 960 355 1780 398">
     <span class='ocr_line' id='line_1_54' title="bbox 960 355 1780 398; baseline 0.006 -14"><span class='ocrx_word' id='word_1_375' title='bbox 960 355 1057 392; x_wconf 84' lang='lat' dir='ltr'><strong>dictis,</strong></span> <span class='ocrx_word' id='word_1_376' title='bbox 1075 365 1179 386; x_wconf 91' lang='lat' dir='ltr'><strong>manus</strong></span> <span class='ocrx_word' id='word_1_377' title='bbox 1194 356 1221 386; x_wconf 89' lang='lat' dir='ltr'><strong>ei</strong></span> <span class='ocrx_word' id='word_1_378' title='bbox 1236 365 1304 387; x_wconf 89' lang='lat' dir='ltr'><strong>suas</strong></span> <span class='ocrx_word' id='word_1_379' title='bbox 1321 358 1457 397; x_wconf 87' lang='lat' dir='ltr'><strong>imponit,</strong></span> <span class='ocrx_word' id='word_1_380' title='bbox 1475 361 1504 388; x_wconf 90' lang='lat' dir='ltr'><strong>et</strong></span> <span class='ocrx_word' id='word_1_381' title='bbox 1526 358 1576 388; x_wconf 89' lang='lat' dir='ltr'><strong>dat</strong></span> <span class='ocrx_word' id='word_1_382' title='bbox 1601 358 1629 388; x_wconf 90' lang='lat' dir='ltr'><strong>ei</strong></span> <span class='ocrx_word' id='word_1_383' title='bbox 1657 358 1780 398; x_wconf 80' lang='lat' dir='ltr'><strong>gloriam</strong></span> 
     </span>
    </p>
   </div>
   <div class='ocr_carea' id='block_1_55' title="bbox 960 400 1781 443">
    <p class='ocr_par' dir='ltr' id='par_1_55' title="bbox 960 400 1781 443">
     <span class='ocr_line' id='line_1_55' title="bbox 960 400 1781 443; baseline 0.006 -15"><span class='ocrx_word' id='word_1_384' title='bbox 960 408 1056 439; x_wconf 87' lang='lat' dir='ltr'><strong>suam,</strong></span> <span class='ocrx_word' id='word_1_385' title='bbox 1070 403 1101 429; x_wconf 91' lang='lat' dir='ltr'><strong>ut</strong></span> <span class='ocrx_word' id='word_1_386' title='bbox 1110 400 1230 430; x_wconf 80' lang='lat' dir='ltr'><strong>audiant</strong></span> <span class='ocrx_word' id='word_1_387' title='bbox 1241 410 1309 431; x_wconf 87' lang='lat' dir='ltr'><strong>eum</strong></span> <span class='ocrx_word' id='word_1_388' title='bbox 1321 401 1374 431; x_wconf 83' lang='lat' dir='ltr'><strong>ﬁlii</strong></span> <span class='ocrx_word' id='word_1_389' title='bbox 1397 401 1526 433; x_wconf 87' lang='lat' dir='ltr'><strong>Israelis.</strong></span> <span class='ocrx_word' id='word_1_390' title='bbox 1540 401 1633 433; x_wconf 81' lang='lat' dir='ltr'><strong>Etiam</strong></span> <span class='ocrx_word' id='word_1_391' title='bbox 1647 402 1674 433; x_wconf 89' lang='lat' dir='ltr'><strong>ei</strong></span> <span class='ocrx_word' id='word_1_392' title='bbox 1685 403 1781 443; x_wconf 89' lang='lat' dir='ltr'><strong>porri-</strong></span> 
     </span>
    </p>
   </div>
   <div class='ocr_carea' id='block_1_56' title="bbox 960 443 1781 483">
    <p class='ocr_par' dir='ltr' id='par_1_56' title="bbox 960 443 1781 483">
     <span class='ocr_line' id='line_1_56' title="bbox 960 443 1781 483; baseline 0.006 -11"><span class='ocrx_word' id='word_1_393' title='bbox 960 443 1002 481; x_wconf 83' lang='lat' dir='ltr'><strong>git</strong></span> <span class='ocrx_word' id='word_1_394' title='bbox 1015 443 1045 473; x_wconf 91' lang='lat' dir='ltr'><strong>in</strong></span> <span class='ocrx_word' id='word_1_395' title='bbox 1063 453 1182 474; x_wconf 89' lang='lat' dir='ltr'><strong>manum</strong></span> <span class='ocrx_word' id='word_1_396' title='bbox 1197 445 1340 476; x_wconf 81' lang='lat' dir='ltr'><strong>annulum</strong></span> <span class='ocrx_word' id='word_1_397' title='bbox 1355 455 1488 483; x_wconf 87' lang='lat' dir='ltr'><strong>aureum,</strong></span> <span class='ocrx_word' id='word_1_398' title='bbox 1506 447 1582 477; x_wconf 83' lang='lat' dir='ltr'><strong>sicut</strong></span> <span class='ocrx_word' id='word_1_399' title='bbox 1597 450 1626 477; x_wconf 90' lang='lat' dir='ltr'><strong>et</strong></span> <span class='ocrx_word' id='word_1_400' title='bbox 1639 445 1781 478; x_wconf 86' lang='lat' dir='ltr'><strong>Dominus</strong></span> 
     </span>
    </p>
   </div>
   <div class='ocr_carea' id='block_1_57' title="bbox 960 487 1779 531">
    <p class='ocr_par' dir='ltr' id='par_1_57' title="bbox 960 487 1779 531">
     <span class='ocr_line' id='line_1_57' title="bbox 960 487 1779 531; baseline 0.006 -14"><span class='ocrx_word' id='word_1_401' title='bbox 960 488 995 517; x_wconf 92' lang='lat' dir='ltr'><strong>ad</strong></span> <span class='ocrx_word' id='word_1_402' title='bbox 1003 489 1114 518; x_wconf 77' lang='lat' dir='ltr'><strong>Mosem</strong></span> <span class='ocrx_word' id='word_1_403' title='bbox 1128 487 1201 518; x_wconf 83' lang='lat' dir='ltr'><strong>dixit</strong></span> <span class='ocrx_word' id='word_1_404' title='bbox 1214 499 1220 520; x_wconf 86' lang='lat'>:</span> <span class='ocrx_word' id='word_1_405' title='bbox 1233 489 1267 519; x_wconf 89' lang='lat' dir='ltr'><strong>Et</strong></span> <span class='ocrx_word' id='word_1_406' title='bbox 1278 489 1413 530; x_wconf 90' lang='lat' dir='ltr'><strong>impones</strong></span> <span class='ocrx_word' id='word_1_407' title='bbox 1426 490 1579 522; x_wconf 83' lang='lat' dir='ltr'><strong>Rationale</strong></span> <span class='ocrx_word' id='word_1_408' title='bbox 1587 499 1677 531; x_wconf 83' lang='lat' dir='ltr'><strong>super</strong></span> <span class='ocrx_word' id='word_1_409' title='bbox 1684 490 1779 522; x_wconf 86' lang='lat' dir='ltr'><strong>Aaro-</strong></span> 
     </span>
    </p>
   </div>
   <div class='ocr_carea' id='block_1_58' title="bbox 960 532 1780 571">
    <p class='ocr_par' dir='ltr' id='par_1_58' title="bbox 960 532 1780 571">
     <span class='ocr_line' id='line_1_58' title="bbox 960 532 1780 571; baseline 0.005 -9"><span class='ocrx_word' id='word_1_410' title='bbox 960 532 1006 562; x_wconf 90' lang='lat' dir='ltr'><strong>nis</strong></span> <span class='ocrx_word' id='word_1_411' title='bbox 1023 536 1135 571; x_wconf 86' lang='lat' dir='ltr'><strong>pectus.</strong></span> <span class='ocrx_word' id='word_1_412' title='bbox 1155 537 1183 563; x_wconf 87' lang='lat' dir='ltr'><strong>et</strong></span> <span class='ocrx_word' id='word_1_413' title='bbox 1195 534 1336 564; x_wconf 91' lang='lat' dir='ltr'><strong>annulum</strong></span> <span class='ocrx_word' id='word_1_414' title='bbox 1366 534 1457 565; x_wconf 81' lang='lat' dir='ltr'><strong>facies</strong></span> <span class='ocrx_word' id='word_1_415' title='bbox 1481 544 1603 565; x_wconf 89' lang='lat' dir='ltr'><strong>aureum</strong></span> <span class='ocrx_word' id='word_1_416' title='bbox 1620 540 1649 566; x_wconf 92' lang='lat' dir='ltr'><strong>et</strong></span> <span class='ocrx_word' id='word_1_417' title='bbox 1663 545 1780 566; x_wconf 88' lang='lat' dir='ltr'><strong>accom-</strong></span> 
     </span>
    </p>
   </div>
   <div class='ocr_carea' id='block_1_59' title="bbox 959 576 1778 620">
    <p class='ocr_par' dir='ltr' id='par_1_59' title="bbox 959 576 1778 620">
     <span class='ocr_line' id='line_1_59' title="bbox 959 576 1778 620; baseline 0.005 -14"><span class='ocrx_word' id='word_1_418' title='bbox 959 576 1093 606; x_wconf 90' lang='lat' dir='ltr'><strong>modabis</strong></span> <span class='ocrx_word' id='word_1_419' title='bbox 1109 586 1176 607; x_wconf 89' lang='lat' dir='ltr'><strong>eum</strong></span> <span class='ocrx_word' id='word_1_420' title='bbox 1194 577 1283 608; x_wconf 83' lang='lat' dir='ltr'><strong>labris</strong></span> <span class='ocrx_word' id='word_1_421' title='bbox 1299 578 1392 618; x_wconf 86' lang='lat' dir='ltr'><strong>ipsius</strong></span> <span class='ocrx_word' id='word_1_422' title='bbox 1407 579 1582 617; x_wconf 71' lang='lat' dir='ltr'><strong>ltationalis,</strong></span> <span class='ocrx_word' id='word_1_423' title='bbox 1599 584 1629 609; x_wconf 91' lang='lat' dir='ltr'><strong>ut</strong></span> <span class='ocrx_word' id='word_1_424' title='bbox 1645 589 1697 620; x_wconf 87' lang='lat' dir='ltr'><strong>per</strong></span> <span class='ocrx_word' id='word_1_425' title='bbox 1712 589 1778 610; x_wconf 86' lang='lat' dir='ltr'><strong>eum</strong></span> 
     </span>
    </p>
   </div>
   <div class='ocr_carea' id='block_1_60' title="bbox 958 620 1778 664">
    <p class='ocr_par' dir='ltr' id='par_1_60' title="bbox 958 620 1778 664">
     <span class='ocr_line' id='line_1_60' title="bbox 958 620 1778 664; baseline 0.005 -14"><span class='ocrx_word' id='word_1_426' title='bbox 958 620 1080 651; x_wconf 85' lang='lat' dir='ltr'><strong>nomina</strong></span> <span class='ocrx_word' id='word_1_427' title='bbox 1095 621 1222 652; x_wconf 82' lang='lat' dir='ltr'><strong>ﬁliorqu</strong></span> <span class='ocrx_word' id='word_1_428' title='bbox 1239 621 1358 653; x_wconf 85' lang='lat' dir='ltr'><strong>Israelis</strong></span> <span class='ocrx_word' id='word_1_429' title='bbox 1374 623 1591 654; x_wconf 86' lang='lat' dir='ltr'><strong>describantur.</strong></span> <span class='ocrx_word' id='word_1_430' title='bbox 1606 623 1641 654; x_wconf 85' lang='lat' dir='ltr'><strong>Et</strong></span> <span class='ocrx_word' id='word_1_431' title='bbox 1657 624 1778 664; x_wconf 90' lang='lat' dir='ltr'><strong>quinam</strong></span> 
     </span>
    </p>
   </div>
   <div class='ocr_carea' id='block_1_61' title="bbox 957 664 1778 708">
    <p class='ocr_par' dir='ltr' id='par_1_61' title="bbox 957 664 1778 708">
     <span class='ocr_line' id='line_1_61' title="bbox 957 664 1778 708; baseline 0.005 -13"><span class='ocrx_word' id='word_1_432' title='bbox 957 664 986 695; x_wconf 90' lang='lat' dir='ltr'><strong>id</strong></span> <span class='ocrx_word' id='word_1_433' title='bbox 994 665 1064 695; x_wconf 80' lang='lat' dir='ltr'><strong>est?</strong></span> <span class='ocrx_word' id='word_1_434' title='bbox 1074 665 1274 697; x_wconf 85' lang='lat' dir='ltr'><strong>Patriarchale</strong></span> <span class='ocrx_word' id='word_1_435' title='bbox 1284 666 1483 705; x_wconf 90' lang='lat' dir='ltr'><strong>bulloterium,</strong></span> <span class='ocrx_word' id='word_1_436' title='bbox 1494 677 1547 707; x_wconf 89' lang='lat' dir='ltr'><strong>pro</strong></span> <span class='ocrx_word' id='word_1_437' title='bbox 1559 677 1640 699; x_wconf 92' lang='lat' dir='ltr'><strong>more</strong></span> <span class='ocrx_word' id='word_1_438' title='bbox 1651 677 1778 708; x_wconf 90' lang='lat' dir='ltr'><strong>suspen-</strong></span> 
     </span>
    </p>
   </div>
   <div class='ocr_carea' id='block_1_62' title="bbox 958 711 1778 752">
    <p class='ocr_par' dir='ltr' id='par_1_62' title="bbox 958 711 1778 752">
     <span class='ocr_line' id='line_1_62' title="bbox 958 711 1778 752; baseline 0.005 -13"><span class='ocrx_word' id='word_1_439' title='bbox 958 719 1022 739; x_wconf 91' lang='lat' dir='ltr'><strong>sum</strong></span> <span class='ocrx_word' id='word_1_440' title='bbox 1035 711 1070 740; x_wconf 83' lang='lat' dir='ltr'><strong>ad</strong></span> <span class='ocrx_word' id='word_1_441' title='bbox 1082 711 1253 741; x_wconf 90' lang='lat' dir='ltr'><strong>chartularii</strong></span> <span class='ocrx_word' id='word_1_442' title='bbox 1269 715 1381 750; x_wconf 87' lang='lat' dir='ltr'><strong>pectus,</strong></span> <span class='ocrx_word' id='word_1_443' title='bbox 1395 713 1613 752; x_wconf 87' lang='lat' dir='ltr'><strong>receptaculum</strong></span> <span class='ocrx_word' id='word_1_444' title='bbox 1627 712 1716 743; x_wconf 88' lang='lat' dir='ltr'><strong>studii</strong></span> <span class='ocrx_word' id='word_1_445' title='bbox 1726 713 1778 743; x_wconf 90' lang='lat' dir='ltr'><strong>do-</strong></span> 
     </span>
    </p>
   </div>
   <div class='ocr_carea' id='block_1_63' title="bbox 958 754 1778 796">
    <p class='ocr_par' dir='ltr' id='par_1_63' title="bbox 958 754 1778 796">
     <span class='ocr_line' id='line_1_63' title="bbox 958 754 1778 796; baseline 0.004 -13"><span class='ocrx_word' id='word_1_446' title='bbox 958 754 1118 784; x_wconf 89' lang='lat' dir='ltr'><strong>ctrinarum</strong></span> <span class='ocrx_word' id='word_1_447' title='bbox 1129 756 1359 795; x_wconf 85' lang='lat' dir='ltr'><strong>omnisgeneris,</strong></span> <span class='ocrx_word' id='word_1_448' title='bbox 1375 756 1484 796; x_wconf 78' lang='lat' dir='ltr'><strong>(dignis</strong></span> <span class='ocrx_word' id='word_1_449' title='bbox 1492 755 1583 794; x_wconf 90' lang='lat' dir='ltr'><strong>enim,</strong></span> <span class='ocrx_word' id='word_1_450' title='bbox 1596 757 1673 796; x_wconf 91' lang='lat' dir='ltr'><strong>quod</strong></span> <span class='ocrx_word' id='word_1_451' title='bbox 1685 757 1778 796; x_wconf 82' lang='lat' dir='ltr'><strong>aiunt,</strong></span> 
     </span>
    </p>
   </div>
   <div class='ocr_carea' id='block_1_64' title="bbox 958 799 1780 840">
    <p class='ocr_par' dir='ltr' id='par_1_64' title="bbox 958 799 1780 840">
     <span class='ocr_line' id='line_1_64' title="bbox 958 799 1780 840; baseline 0.004 -12"><span class='ocrx_word' id='word_1_452' title='bbox 958 799 1149 829; x_wconf 82' lang='lat' dir='ltr'><strong>concedenda</strong></span> <span class='ocrx_word' id='word_1_453' title='bbox 1157 800 1780 840; x_wconf 74' lang='lat' dir='ltr'><strong>suntdignitates),quointernecivosmunit</strong></span> 
     </span>
    </p>
   </div>
   <div class='ocr_carea' id='block_1_65' title="bbox 958 843 1778 885">
    <p class='ocr_par' dir='ltr' id='par_1_65' title="bbox 958 843 1778 885">
     <span class='ocr_line' id='line_1_65' title="bbox 958 843 1778 885; baseline 0.004 -12"><span class='ocrx_word' id='word_1_454' title='bbox 958 852 1026 873; x_wconf 89' lang='lat' dir='ltr'><strong>cum</strong></span> <span class='ocrx_word' id='word_1_455' title='bbox 1038 843 1134 882; x_wconf 81' lang='lat' dir='ltr'><strong>sigillo</strong></span> <span class='ocrx_word' id='word_1_456' title='bbox 1147 848 1174 874; x_wconf 89' lang='lat' dir='ltr'><strong>et</strong></span> <span class='ocrx_word' id='word_1_457' title='bbox 1184 845 1289 884; x_wconf 78' lang='lat' dir='ltr'><strong>gratia,</strong></span> <span class='ocrx_word' id='word_1_458' title='bbox 1303 849 1473 885; x_wconf 87' lang='lat' dir='ltr'><strong>peccatores</strong></span> <span class='ocrx_word' id='word_1_459' title='bbox 1483 845 1699 877; x_wconf 89' lang='lat' dir='ltr'><strong>convertilcum</strong></span> <span class='ocrx_word' id='word_1_460' title='bbox 1711 845 1778 876; x_wconf 86' lang='lat' dir='ltr'><strong>stilo</strong></span> 
     </span>
    </p>
   </div>
   <div class='ocr_carea' id='block_1_66' title="bbox 957 889 1778 928">
    <p class='ocr_par' dir='ltr' id='par_1_66' title="bbox 957 889 1778 928">
     <span class='ocr_line' id='line_1_66' title="bbox 957 889 1778 928; baseline 0.002 -10"><span class='ocrx_word' id='word_1_461' title='bbox 957 892 1174 925; x_wconf 88' lang='lat' dir='ltr'><strong>etatramento,</strong></span> <span class='ocrx_word' id='word_1_462' title='bbox 1187 894 1319 928; x_wconf 85' lang='lat' dir='ltr'><strong>gravatos</strong></span> <span class='ocrx_word' id='word_1_463' title='bbox 1334 889 1545 920; x_wconf 84' lang='lat' dir='ltr'><strong>afﬂictionibus</strong></span> <span class='ocrx_word' id='word_1_464' title='bbox 1564 890 1696 921; x_wconf 84' lang='lat' dir='ltr'><strong>defendit</strong></span> <span class='ocrx_word' id='word_1_465' title='bbox 1711 899 1778 920; x_wconf 91' lang='lat' dir='ltr'><strong>cum</strong></span> 
     </span>
    </p>
   </div>
   <div class='ocr_carea' id='block_1_67' title="bbox 957 931 1778 974">
    <p class='ocr_par' dir='ltr' id='par_1_67' title="bbox 957 931 1778 974">
     <span class='ocr_line' id='line_1_67' title="bbox 957 931 1778 974; baseline 0.004 -12"><span class='ocrx_word' id='word_1_466' title='bbox 957 931 1062 962; x_wconf 83' lang='lat' dir='ltr'><strong>baculo</strong></span> <span class='ocrx_word' id='word_1_467' title='bbox 1075 937 1102 962; x_wconf 89' lang='lat' dir='ltr'><strong>et</strong></span> <span class='ocrx_word' id='word_1_468' title='bbox 1116 933 1222 970; x_wconf 81' lang='lat' dir='ltr'><strong>fistula,</strong></span> <span class='ocrx_word' id='word_1_469' title='bbox 1235 933 1340 973; x_wconf 79' lang='lat' dir='ltr'><strong>dignos</strong></span> <span class='ocrx_word' id='word_1_470' title='bbox 1351 934 1483 973; x_wconf 88' lang='lat' dir='ltr'><strong>denique</strong></span> <span class='ocrx_word' id='word_1_471' title='bbox 1494 934 1617 974; x_wconf 87' lang='lat' dir='ltr'><strong>spiritus</strong></span> <span class='ocrx_word' id='word_1_472' title='bbox 1627 934 1714 965; x_wconf 86' lang='lat' dir='ltr'><strong>donis</strong></span> <span class='ocrx_word' id='word_1_473' title='bbox 1728 943 1778 965; x_wconf 88' lang='lat' dir='ltr'><strong>sa-</strong></span> 
     </span>
    </p>
   </div>
   <div class='ocr_carea' id='block_1_68' title="bbox 956 977 1778 1019">
    <p class='ocr_par' dir='ltr' id='par_1_68' title="bbox 956 977 1778 1019">
     <span class='ocr_line' id='line_1_68' title="bbox 956 977 1778 1019; baseline 0.002 -12"><span class='ocrx_word' id='word_1_474' title='bbox 956 977 1155 1008; x_wconf 87' lang='lat' dir='ltr'><strong>cerdotalibus</strong></span> <span class='ocrx_word' id='word_1_475' title='bbox 1170 978 1284 1009; x_wconf 82' lang='lat' dir='ltr'><strong>afficit:</strong></span> <span class='ocrx_word' id='word_1_476' title='bbox 1316 979 1385 1009; x_wconf 83' lang='lat' dir='ltr'><strong>dum</strong></span> <span class='ocrx_word' id='word_1_477' title='bbox 1415 988 1466 1009; x_wconf 90' lang='lat' dir='ltr'><strong>eos</strong></span> <span class='ocrx_word' id='word_1_478' title='bbox 1495 979 1547 1019; x_wconf 90' lang='lat' dir='ltr'><strong>qui</strong></span> <span class='ocrx_word' id='word_1_479' title='bbox 1562 983 1643 1010; x_wconf 81' lang='lat' dir='ltr'><strong>extra</strong></span> <span class='ocrx_word' id='word_1_480' title='bbox 1654 979 1778 1019; x_wconf 80' lang='lat' dir='ltr'><strong>gradum</strong></span> 
     </span>
    </p>
   </div>
   <div class='ocr_carea' id='block_1_69' title="bbox 958 1022 1779 1063">
    <p class='ocr_par' dir='ltr' id='par_1_69' title="bbox 958 1022 1779 1063">
     <span class='ocr_line' id='line_1_69' title="bbox 958 1022 1779 1063; baseline 0.004 -12"><span class='ocrx_word' id='word_1_481' title='bbox 958 1022 1107 1052; x_wconf 89' lang='lat' dir='ltr'><strong>constituti</strong></span> <span class='ocrx_word' id='word_1_482' title='bbox 1123 1026 1200 1059; x_wconf 86' lang='lat' dir='ltr'><strong>sunt,</strong></span> <span class='ocrx_word' id='word_1_483' title='bbox 1217 1022 1342 1053; x_wconf 85' lang='lat' dir='ltr'><strong>clericos</strong></span> <span class='ocrx_word' id='word_1_484' title='bbox 1357 1022 1425 1054; x_wconf 84' lang='lat' dir='ltr'><strong>facit</strong></span> <span class='ocrx_word' id='word_1_485' title='bbox 1439 1033 1446 1063; x_wconf 82' lang='lat'><strong>;</strong></span> <span class='ocrx_word' id='word_1_486' title='bbox 1465 1023 1558 1062; x_wconf 88' lang='lat' dir='ltr'><strong>gradu</strong></span> <span class='ocrx_word' id='word_1_487' title='bbox 1572 1024 1779 1063; x_wconf 60' lang='lat' dir='ltr'><strong>comprehen-</strong></span> 
     </span>
    </p>
   </div>
   <div class='ocr_carea' id='block_1_70' title="bbox 958 1066 1780 1107">
    <p class='ocr_par' dir='ltr' id='par_1_70' title="bbox 958 1066 1780 1107">
     <span class='ocr_line' id='line_1_70' title="bbox 958 1066 1780 1107; baseline 0.004 -12"><span class='ocrx_word' id='word_1_488' title='bbox 958 1074 1017 1106; x_wconf 87' lang='lat' dir='ltr'><strong>sos,</strong></span> <span class='ocrx_word' id='word_1_489' title='bbox 1045 1067 1171 1106; x_wconf 87' lang='lat' dir='ltr'><strong>perlicit.</strong></span> <span class='ocrx_word' id='word_1_490' title='bbox 1201 1066 1264 1097; x_wconf 84' lang='lat' dir='ltr'><strong>Hoc</strong></span> <span class='ocrx_word' id='word_1_491' title='bbox 1292 1066 1499 1107; x_wconf 83' lang='lat' dir='ltr'><strong>patriarchalia</strong></span> <span class='ocrx_word' id='word_1_492' title='bbox 1526 1067 1669 1098; x_wconf 90' lang='lat' dir='ltr'><strong>describit</strong></span> <span class='ocrx_word' id='word_1_493' title='bbox 1683 1072 1713 1098; x_wconf 90' lang='lat' dir='ltr'><strong>et</strong></span> <span class='ocrx_word' id='word_1_494' title='bbox 1728 1068 1780 1098; x_wconf 87' lang='lat' dir='ltr'><strong>dat</strong></span> 
     </span>
    </p>
   </div>
   <div class='ocr_carea' id='block_1_71' title="bbox 957 1111 1775 1152">
    <p class='ocr_par' dir='ltr' id='par_1_71' title="bbox 957 1111 1775 1152">
     <span class='ocr_line' id='line_1_71' title="bbox 957 1111 1775 1152; baseline 0.002 -12"><span class='ocrx_word' id='word_1_495' title='bbox 957 1111 1143 1150; x_wconf 82' lang='lat' dir='ltr'><strong>stauropegia</strong></span> <span class='ocrx_word' id='word_1_496' title='bbox 1151 1120 1203 1150; x_wconf 88' lang='lat' dir='ltr'><strong>per</strong></span> <span class='ocrx_word' id='word_1_497' title='bbox 1213 1111 1383 1142; x_wconf 86' lang='lat' dir='ltr'><strong>universum</strong></span> <span class='ocrx_word' id='word_1_498' title='bbox 1394 1121 1485 1152; x_wconf 88' lang='lat' dir='ltr'><strong>prope</strong></span> <span class='ocrx_word' id='word_1_499' title='bbox 1498 1115 1643 1142; x_wconf 87' lang='lat' dir='ltr'><strong>terrarum</strong></span> <span class='ocrx_word' id='word_1_500' title='bbox 1660 1111 1775 1150; x_wconf 82' lang='lat' dir='ltr'><strong>orbem,</strong></span> 
     </span>
    </p>
   </div>
   <div class='ocr_carea' id='block_1_72' title="bbox 957 1155 1775 1196">
    <p class='ocr_par' dir='ltr' id='par_1_72' title="bbox 957 1155 1775 1196">
     <span class='ocr_line' id='line_1_72' title="bbox 957 1155 1775 1196; baseline 0.004 -12"><span class='ocrx_word' id='word_1_501' title='bbox 957 1163 991 1185; x_wconf 88' lang='lat' dir='ltr'><strong>ac</strong></span> <span class='ocrx_word' id='word_1_502' title='bbox 1008 1155 1166 1186; x_wconf 86' lang='lat' dir='ltr'><strong>multarum</strong></span> <span class='ocrx_word' id='word_1_503' title='bbox 1184 1155 1300 1186; x_wconf 87' lang='lat' dir='ltr'><strong>urbium</strong></span> <span class='ocrx_word' id='word_1_504' title='bbox 1320 1156 1521 1187; x_wconf 88' lang='lat' dir='ltr'><strong>ecclesiastica</strong></span> <span class='ocrx_word' id='word_1_505' title='bbox 1531 1156 1627 1196; x_wconf 78' lang='lat' dir='ltr'><strong>capita</strong></span> <span class='ocrx_word' id='word_1_506' title='bbox 1637 1157 1775 1188; x_wconf 83' lang='lat' dir='ltr'><strong>transfert</strong></span> 
     </span>
    </p>
   </div>
   <div class='ocr_carea' id='block_1_73' title="bbox 957 1199 1776 1240">
    <p class='ocr_par' dir='ltr' id='par_1_73' title="bbox 957 1199 1776 1240">
     <span class='ocr_line' id='line_1_73' title="bbox 957 1199 1776 1240; baseline 0.005 -12"><span class='ocrx_word' id='word_1_507' title='bbox 957 1199 993 1228; x_wconf 86' lang='lat' dir='ltr'><strong>ad</strong></span> <span class='ocrx_word' id='word_1_508' title='bbox 1011 1199 1097 1238; x_wconf 92' lang='lat' dir='ltr'><strong>primi</strong></span> <span class='ocrx_word' id='word_1_509' title='bbox 1126 1201 1230 1240; x_wconf 84' lang='lat' dir='ltr'><strong>capitis</strong></span> <span class='ocrx_word' id='word_1_510' title='bbox 1257 1201 1378 1240; x_wconf 86' lang='lat' dir='ltr'><strong>regiam.</strong></span> <span class='ocrx_word' id='word_1_511' title='bbox 1414 1201 1465 1232; x_wconf 82' lang='lat' dir='ltr'><strong>Dat</strong></span> <span class='ocrx_word' id='word_1_512' title='bbox 1495 1201 1581 1232; x_wconf 87' lang='lat' dir='ltr'><strong>etiam</strong></span> <span class='ocrx_word' id='word_1_513' title='bbox 1596 1202 1776 1233; x_wconf 87' lang='lat' dir='ltr'><strong>chartulario</strong></span> 
     </span>
    </p>
   </div>
   <div class='ocr_carea' id='block_1_74' title="bbox 958 1244 1776 1285">
    <p class='ocr_par' dir='ltr' id='par_1_74' title="bbox 958 1244 1776 1285">
     <span class='ocr_line' id='line_1_74' title="bbox 958 1244 1776 1285; baseline 0.005 -12"><span class='ocrx_word' id='word_1_514' title='bbox 958 1244 1124 1283; x_wconf 85' lang='lat' dir='ltr'><strong>patriarcha</strong></span> <span class='ocrx_word' id='word_1_515' title='bbox 1136 1245 1232 1275; x_wconf 78' lang='lat' dir='ltr'><strong>claves</strong></span> <span class='ocrx_word' id='word_1_516' title='bbox 1261 1246 1345 1285; x_wconf 81' lang='lat' dir='ltr'><strong>regni</strong></span> <span class='ocrx_word' id='word_1_517' title='bbox 1371 1246 1526 1284; x_wconf 60' lang='lat' dir='ltr'><strong>caelorum,</strong></span> <span class='ocrx_word' id='word_1_518' title='bbox 1542 1245 1629 1276; x_wconf 91' lang='lat' dir='ltr'><strong>sicuti</strong></span> <span class='ocrx_word' id='word_1_519' title='bbox 1645 1255 1714 1277; x_wconf 91' lang='lat' dir='ltr'><strong>caro</strong></span> <span class='ocrx_word' id='word_1_520' title='bbox 1731 1247 1776 1277; x_wconf 90' lang='lat' dir='ltr'><strong>illi</strong></span> 
     </span>
    </p>
   </div>
   <div class='ocr_carea' id='block_1_75' title="bbox 959 1287 1775 1330">
    <p class='ocr_par' dir='ltr' id='par_1_75' title="bbox 959 1287 1775 1330">
     <span class='ocr_line' id='line_1_75' title="bbox 959 1287 1775 1330; baseline 0.006 -13"><span class='ocrx_word' id='word_1_521' title='bbox 959 1287 1055 1326; x_wconf 84' lang='lat' dir='ltr'><strong>Petro,</strong></span> <span class='ocrx_word' id='word_1_522' title='bbox 1072 1288 1098 1318; x_wconf 88' lang='lat' dir='ltr'><strong>ei</strong></span> <span class='ocrx_word' id='word_1_523' title='bbox 1114 1292 1229 1328; x_wconf 72' lang='lat' dir='ltr'><strong>lemque</strong></span> <span class='ocrx_word' id='word_1_524' title='bbox 1245 1289 1392 1330; x_wconf 78' lang='lat' dir='ltr'><strong>discipulo</strong></span> <span class='ocrx_word' id='word_1_525' title='bbox 1408 1290 1482 1321; x_wconf 69' lang='lat' dir='ltr'><strong>datae</strong></span> <span class='ocrx_word' id='word_1_526' title='bbox 1510 1294 1579 1320; x_wconf 89' lang='lat' dir='ltr'><strong>sunt</strong></span> <span class='ocrx_word' id='word_1_527' title='bbox 1605 1299 1622 1320; x_wconf 88' lang='lat' dir='ltr'><strong>a</strong></span> <span class='ocrx_word' id='word_1_528' title='bbox 1637 1291 1775 1322; x_wconf 87' lang='lat' dir='ltr'><strong>Domino.</strong></span> 
     </span>
    </p>
   </div>
   <div class='ocr_carea' id='block_1_76' title="bbox 955 1331 1774 1376">
    <p class='ocr_par' dir='ltr' id='par_1_76' title="bbox 955 1331 1774 1376">
     <span class='ocr_line' id='line_1_76' title="bbox 955 1331 1774 1376; baseline 0.005 -14"><span class='ocrx_word' id='word_1_529' title='bbox 955 1331 1070 1372; x_wconf 86' lang='lat' dir='ltr'><strong>Quippe</strong></span> <span class='ocrx_word' id='word_1_530' title='bbox 1084 1334 1161 1364; x_wconf 87' lang='lat' dir='ltr'><strong>sicut</strong></span> <span class='ocrx_word' id='word_1_531' title='bbox 1177 1333 1320 1364; x_wconf 87' lang='lat' dir='ltr'><strong>Dominus</strong></span> <span class='ocrx_word' id='word_1_532' title='bbox 1334 1335 1370 1365; x_wconf 81' lang='lat' dir='ltr'><strong>ad</strong></span> <span class='ocrx_word' id='word_1_533' title='bbox 1387 1335 1477 1373; x_wconf 87' lang='lat' dir='ltr'><strong>hunc,</strong></span> <span class='ocrx_word' id='word_1_534' title='bbox 1494 1334 1664 1374; x_wconf 86' lang='lat' dir='ltr'><strong>itamagnus</strong></span> <span class='ocrx_word' id='word_1_535' title='bbox 1676 1336 1774 1376; x_wconf 90' lang='lat' dir='ltr'><strong>ponti-</strong></span> 
     </span>
    </p>
   </div>
   <div class='ocr_carea' id='block_1_77' title="bbox 955 1376 1776 1419">
    <p class='ocr_par' dir='ltr' id='par_1_77' title="bbox 955 1376 1776 1419">
     <span class='ocr_line' id='line_1_77' title="bbox 955 1376 1776 1419; baseline 0.006 -13"><span class='ocrx_word' id='word_1_536' title='bbox 955 1376 1001 1407; x_wconf 87' lang='lat' dir='ltr'><strong>fex</strong></span> <span class='ocrx_word' id='word_1_537' title='bbox 1017 1378 1051 1407; x_wconf 88' lang='lat' dir='ltr'><strong>ad</strong></span> <span class='ocrx_word' id='word_1_538' title='bbox 1068 1377 1152 1408; x_wconf 91' lang='lat' dir='ltr'><strong>illum</strong></span> <span class='ocrx_word' id='word_1_539' title='bbox 1168 1388 1175 1408; x_wconf 90' lang='lat'><strong>:</strong></span> <span class='ocrx_word' id='word_1_540' title='bbox 1192 1379 1339 1419; x_wconf 83' lang='lat' dir='ltr'><strong>Quidquid</strong></span> <span class='ocrx_word' id='word_1_541' title='bbox 1355 1379 1490 1419; x_wconf 89' lang='lat' dir='ltr'><strong>solveris,</strong></span> <span class='ocrx_word' id='word_1_542' title='bbox 1513 1379 1620 1419; x_wconf 83' lang='lat' dir='ltr'><strong>inquit,</strong></span> <span class='ocrx_word' id='word_1_543' title='bbox 1638 1380 1666 1410; x_wconf 91' lang='lat' dir='ltr'><strong>in</strong></span> <span class='ocrx_word' id='word_1_544' title='bbox 1684 1385 1776 1419; x_wconf 87' lang='lat' dir='ltr'><strong>terra,</strong></span> 
     </span>
    </p>
   </div>
   <div class='ocr_carea' id='block_1_78' title="bbox 956 1420 1775 1464">
    <p class='ocr_par' dir='ltr' id='par_1_78' title="bbox 956 1420 1775 1464">
     <span class='ocr_line' id='line_1_78' title="bbox 956 1420 1775 1464; baseline 0.004 -12"><span class='ocrx_word' id='word_1_545' title='bbox 956 1420 1083 1452; x_wconf 89' lang='lat' dir='ltr'><strong>solutum</strong></span> <span class='ocrx_word' id='word_1_546' title='bbox 1096 1423 1151 1453; x_wconf 91' lang='lat' dir='ltr'><strong>erit</strong></span> <span class='ocrx_word' id='word_1_547' title='bbox 1162 1423 1190 1453; x_wconf 93' lang='lat' dir='ltr'><strong>in</strong></span> <span class='ocrx_word' id='word_1_548' title='bbox 1206 1423 1302 1454; x_wconf 75' lang='lat' dir='ltr'><strong>caelis:</strong></span> <span class='ocrx_word' id='word_1_549' title='bbox 1319 1423 1775 1464; x_wconf 82' lang='lat' dir='ltr'><strong>etquidquidligaverisintorra.</strong></span> 
     </span>
    </p>
   </div>
   <div class='ocr_carea' id='block_1_79' title="bbox 957 1466 1777 1509">
    <p class='ocr_par' dir='ltr' id='par_1_79' title="bbox 957 1466 1777 1509">
     <span class='ocr_line' id='line_1_79' title="bbox 957 1466 1777 1509; baseline 0.006 -13"><span class='ocrx_word' id='word_1_550' title='bbox 957 1466 1076 1506; x_wconf 87' lang='lat' dir='ltr'><strong>ligatum</strong></span> <span class='ocrx_word' id='word_1_551' title='bbox 1090 1472 1177 1498; x_wconf 80' lang='lat' dir='ltr'><strong>etiam</strong></span> <span class='ocrx_word' id='word_1_552' title='bbox 1193 1467 1222 1498; x_wconf 92' lang='lat' dir='ltr'><strong>in</strong></span> <span class='ocrx_word' id='word_1_553' title='bbox 1241 1468 1325 1499; x_wconf 67' lang='lat' dir='ltr'><strong>cmlis</strong></span> <span class='ocrx_word' id='word_1_554' title='bbox 1336 1468 1404 1499; x_wconf 76' lang='lat' dir='ltr'><strong>erit.</strong></span> <span class='ocrx_word' id='word_1_555' title='bbox 1431 1469 1551 1509; x_wconf 84' lang='lat' dir='ltr'><strong>thuod</strong></span> <span class='ocrx_word' id='word_1_556' title='bbox 1571 1468 1717 1509; x_wconf 90' lang='lat' dir='ltr'><strong>imprimis</strong></span> <span class='ocrx_word' id='word_1_557' title='bbox 1731 1475 1777 1501; x_wconf 88' lang='lat' dir='ltr'><strong>est</strong></span> 
     </span>
    </p>
   </div>
   <div class='ocr_carea' id='block_1_80' title="bbox 958 1512 1776 1554">
    <p class='ocr_par' dir='ltr' id='par_1_80' title="bbox 958 1512 1776 1554">
     <span class='ocr_line' id='line_1_80' title="bbox 958 1512 1776 1554; baseline 0.005 -13"><span class='ocrx_word' id='word_1_558' title='bbox 958 1520 1075 1552; x_wconf 87' lang='lat' dir='ltr'><strong>novum,</strong></span> <span class='ocrx_word' id='word_1_559' title='bbox 1085 1521 1144 1542; x_wconf 84' lang='lat' dir='ltr'><strong>non</strong></span> <span class='ocrx_word' id='word_1_560' title='bbox 1151 1514 1244 1543; x_wconf 66' lang='lat' dir='ltr'><strong>solum</strong></span> <span class='ocrx_word' id='word_1_561' title='bbox 1256 1512 1302 1543; x_wconf 93' lang='lat' dir='ltr'><strong>hic</strong></span> <span class='ocrx_word' id='word_1_562' title='bbox 1315 1516 1401 1543; x_wconf 69' lang='lat' dir='ltr'><strong>tanta:</strong></span> <span class='ocrx_word' id='word_1_563' title='bbox 1414 1513 1566 1554; x_wconf 87' lang='lat' dir='ltr'><strong>potestatis</strong></span> <span class='ocrx_word' id='word_1_564' title='bbox 1575 1513 1686 1553; x_wconf 81' lang='lat' dir='ltr'><strong>largam</strong></span> <span class='ocrx_word' id='word_1_565' title='bbox 1702 1524 1776 1546; x_wconf 83' lang='lat' dir='ltr'><strong>con-</strong></span> 
     </span>
    </p>
   </div>
   <div class='ocr_carea' id='block_1_81' title="bbox 958 1557 1778 1598">
    <p class='ocr_par' dir='ltr' id='par_1_81' title="bbox 958 1557 1778 1598">
     <span class='ocr_line' id='line_1_81' title="bbox 958 1557 1778 1598; baseline 0.004 -12"><span class='ocrx_word' id='word_1_566' title='bbox 958 1560 1076 1586; x_wconf 82' lang='lat' dir='ltr'><strong>secutus</strong></span> <span class='ocrx_word' id='word_1_567' title='bbox 1092 1560 1136 1586; x_wconf 87' lang='lat' dir='ltr'><strong>est</strong></span> <span class='ocrx_word' id='word_1_568' title='bbox 1151 1557 1292 1596; x_wconf 81' lang='lat' dir='ltr'><strong>gratiam:</strong></span> <span class='ocrx_word' id='word_1_569' title='bbox 1310 1566 1410 1588; x_wconf 88' lang='lat' dir='ltr'><strong>verum</strong></span> <span class='ocrx_word' id='word_1_570' title='bbox 1420 1557 1508 1588; x_wconf 89' lang='lat' dir='ltr'><strong>etiam</strong></span> <span class='ocrx_word' id='word_1_571' title='bbox 1525 1557 1573 1598; x_wconf 90' lang='lat' dir='ltr'><strong>iis,</strong></span> <span class='ocrx_word' id='word_1_572' title='bbox 1589 1558 1640 1597; x_wconf 91' lang='lat' dir='ltr'><strong>qui</strong></span> <span class='ocrx_word' id='word_1_573' title='bbox 1654 1558 1778 1596; x_wconf 82' lang='lat' dir='ltr'><strong>gratiam</strong></span> 
     </span>
    </p>
   </div>
   <div class='ocr_carea' id='block_1_82' title="bbox 958 1600 1777 1642">
    <p class='ocr_par' dir='ltr' id='par_1_82' title="bbox 958 1600 1777 1642">
     <span class='ocr_line' id='line_1_82' title="bbox 958 1600 1777 1642; baseline 0.004 -12"><span class='ocrx_word' id='word_1_574' title='bbox 958 1600 1034 1630; x_wconf 87' lang='lat' dir='ltr'><strong>hanc</strong></span> <span class='ocrx_word' id='word_1_575' title='bbox 1043 1600 1078 1630; x_wconf 89' lang='lat' dir='ltr'><strong>ab</strong></span> <span class='ocrx_word' id='word_1_576' title='bbox 1092 1601 1156 1641; x_wconf 88' lang='lat' dir='ltr'><strong>ipso</strong></span> <span class='ocrx_word' id='word_1_577' title='bbox 1169 1601 1421 1641; x_wconf 80' lang='lat' dir='ltr'><strong>accipiunt.Facit</strong></span> <span class='ocrx_word' id='word_1_578' title='bbox 1434 1602 1513 1632; x_wconf 90' lang='lat' dir='ltr'><strong>enim</strong></span> <span class='ocrx_word' id='word_1_579' title='bbox 1526 1606 1698 1642; x_wconf 88' lang='lat' dir='ltr'><strong>potestatem</strong></span> <span class='ocrx_word' id='word_1_580' title='bbox 1711 1613 1777 1634; x_wconf 90' lang='lat' dir='ltr'><strong>mo-</strong></span> 
     </span>
    </p>
   </div>
   <div class='ocr_carea' id='block_1_83' title="bbox 959 1644 1778 1686">
    <p class='ocr_par' dir='ltr' id='par_1_83' title="bbox 959 1644 1778 1686">
     <span class='ocr_line' id='line_1_83' title="bbox 959 1644 1778 1686; baseline 0.006 -12"><span class='ocrx_word' id='word_1_581' title='bbox 959 1644 1060 1675; x_wconf 86' lang='lat' dir='ltr'><strong>nachis</strong></span> <span class='ocrx_word' id='word_1_582' title='bbox 1066 1645 1253 1676; x_wconf 86' lang='lat' dir='ltr'><strong>sacerdotum</strong></span> <span class='ocrx_word' id='word_1_583' title='bbox 1267 1655 1373 1676; x_wconf 91' lang='lat' dir='ltr'><strong>munus</strong></span> <span class='ocrx_word' id='word_1_584' title='bbox 1384 1646 1626 1686; x_wconf 80' lang='lat' dir='ltr'><strong>suscipientibus,</strong></span> <span class='ocrx_word' id='word_1_585' title='bbox 1637 1647 1778 1679; x_wconf 87' lang='lat' dir='ltr'><strong>audiendi</strong></span> 
     </span>
    </p>
   </div>
   <div class='ocr_carea' id='block_1_84' title="bbox 958 1689 1778 1732">
    <p class='ocr_par' dir='ltr' id='par_1_84' title="bbox 958 1689 1778 1732">
     <span class='ocr_line' id='line_1_84' title="bbox 958 1689 1778 1732; baseline 0.005 -12"><span class='ocrx_word' id='word_1_586' title='bbox 958 1689 1086 1720; x_wconf 81' lang='lat' dir='ltr'><strong>rationes</strong></span> <span class='ocrx_word' id='word_1_587' title='bbox 1100 1690 1265 1729; x_wconf 87' lang='lat' dir='ltr'><strong>hominum,</strong></span> <span class='ocrx_word' id='word_1_588' title='bbox 1283 1696 1313 1722; x_wconf 88' lang='lat' dir='ltr'><strong>et</strong></span> <span class='ocrx_word' id='word_1_589' title='bbox 1327 1695 1515 1731; x_wconf 84' lang='lat' dir='ltr'><strong>peccatorum</strong></span> <span class='ocrx_word' id='word_1_590' title='bbox 1527 1691 1722 1732; x_wconf 79' lang='lat' dir='ltr'><strong>chirographa</strong></span> <span class='ocrx_word' id='word_1_591' title='bbox 1733 1693 1778 1724; x_wconf 85' lang='lat' dir='ltr'><strong>di-</strong></span> 
     </span>
    </p>
   </div>
   <div class='ocr_carea' id='block_1_85' title="bbox 959 1735 1777 1778">
    <p class='ocr_par' dir='ltr' id='par_1_85' title="bbox 959 1735 1777 1778">
     <span class='ocr_line' id='line_1_85' title="bbox 959 1735 1777 1778; baseline 0.005 -14"><span class='ocrx_word' id='word_1_592' title='bbox 959 1735 1115 1778; x_wconf 83' lang='lat' dir='ltr'><strong>scerpendi</strong></span> <span class='ocrx_word' id='word_1_593' title='bbox 1134 1745 1140 1764; x_wconf 89' lang='lat'><strong>:</strong></span> <span class='ocrx_word' id='word_1_594' title='bbox 1158 1735 1235 1775; x_wconf 90' lang='lat' dir='ltr'><strong>quod</strong></span> <span class='ocrx_word' id='word_1_595' title='bbox 1252 1735 1363 1776; x_wconf 89' lang='lat' dir='ltr'><strong>alioqui</strong></span> <span class='ocrx_word' id='word_1_596' title='bbox 1378 1736 1449 1767; x_wconf 84' lang='lat' dir='ltr'><strong>solis</strong></span> <span class='ocrx_word' id='word_1_597' title='bbox 1464 1736 1612 1777; x_wconf 90' lang='lat' dir='ltr'><strong>episcopis</strong></span> <span class='ocrx_word' id='word_1_598' title='bbox 1633 1745 1651 1766; x_wconf 86' lang='lat' dir='ltr'><strong>a</strong></span> <span class='ocrx_word' id='word_1_599' title='bbox 1665 1737 1777 1778; x_wconf 91' lang='lat' dir='ltr'><strong>Spiritu</strong></span> 
     </span>
    </p>
   </div>
   <div class='ocr_carea' id='block_1_86' title="bbox 959 1776 1778 1816">
    <p class='ocr_par' dir='ltr' id='par_1_86' title="bbox 959 1776 1778 1816">
     <span class='ocr_line' id='line_1_86' title="bbox 959 1776 1778 1816; baseline 0.005 -7"><span class='ocrx_word' id='word_1_600' title='bbox 959 1776 1060 1810; x_wconf 81' lang='lat' dir='ltr'><strong>sancto</strong></span> <span class='ocrx_word' id='word_1_601' title='bbox 1076 1789 1249 1810; x_wconf 89' lang='lat' dir='ltr'><strong>concessum</strong></span> <span class='ocrx_word' id='word_1_602' title='bbox 1282 1785 1335 1811; x_wconf 89' lang='lat' dir='ltr'><strong>est.</strong></span> <span class='ocrx_word' id='word_1_603' title='bbox 1368 1779 1452 1816; x_wconf 89' lang='lat' dir='ltr'><strong>Quod</strong></span> <span class='ocrx_word' id='word_1_604' title='bbox 1477 1781 1502 1811; x_wconf 92' lang='lat' dir='ltr'><strong>si</strong></span> <span class='ocrx_word' id='word_1_605' title='bbox 1532 1776 1630 1813; x_wconf 82' lang='lat' dir='ltr'><strong>videas</strong></span> <span class='ocrx_word' id='word_1_606' title='bbox 1645 1776 1729 1813; x_wconf 82' lang='lat' dir='ltr'><strong>illum</strong></span> <span class='ocrx_word' id='word_1_607' title='bbox 1746 1783 1778 1813; x_wconf 93' lang='lat' dir='ltr'><strong>in</strong></span> 
     </span>
    </p>
   </div>
   <div class='ocr_carea' id='block_1_87' title="bbox 960 1824 1777 1867">
    <p class='ocr_par' dir='ltr' id='par_1_87' title="bbox 960 1824 1777 1867">
     <span class='ocr_line' id='line_1_87' title="bbox 960 1824 1777 1867; baseline 0.006 -14"><span class='ocrx_word' id='word_1_608' title='bbox 960 1824 1071 1864; x_wconf 76' lang='lat' dir='ltr'><strong>synodo</strong></span> <span class='ocrx_word' id='word_1_609' title='bbox 1087 1824 1160 1854; x_wconf 88' lang='lat' dir='ltr'><strong>citra</strong></span> <span class='ocrx_word' id='word_1_610' title='bbox 1174 1825 1394 1855; x_wconf 77' lang='lat' dir='ltr'><strong>meditationem</strong></span> <span class='ocrx_word' id='word_1_611' title='bbox 1405 1834 1439 1856; x_wconf 91' lang='lat' dir='ltr'><strong>ea</strong></span> <span class='ocrx_word' id='word_1_612' title='bbox 1446 1825 1777 1867; x_wconf 69' lang='lat' dir='ltr'><strong>proferentem,quaevel</strong></span> 
     </span>
    </p>
   </div>
   <div class='ocr_carea' id='block_1_88' title="bbox 960 1867 1779 1908">
    <p class='ocr_par' dir='ltr' id='par_1_88' title="bbox 960 1867 1779 1908">
     <span class='ocr_line' id='line_1_88' title="bbox 960 1867 1779 1908; baseline 0.006 -10"><span class='ocrx_word' id='word_1_613' title='bbox 960 1867 1035 1908; x_wconf 89' lang='lat' dir='ltr'><strong>ipse,</strong></span> <span class='ocrx_word' id='word_1_614' title='bbox 1053 1868 1078 1898; x_wconf 90' lang='lat' dir='ltr'><strong>si</strong></span> <span class='ocrx_word' id='word_1_615' title='bbox 1093 1868 1251 1899; x_wconf 89' lang='lat' dir='ltr'><strong>dicendum</strong></span> <span class='ocrx_word' id='word_1_616' title='bbox 1281 1869 1308 1900; x_wconf 86' lang='lat' dir='ltr'><strong>ei</strong></span> <span class='ocrx_word' id='word_1_617' title='bbox 1338 1869 1424 1907; x_wconf 87' lang='lat' dir='ltr'><strong>foret,</strong></span> <span class='ocrx_word' id='word_1_618' title='bbox 1454 1871 1484 1900; x_wconf 89' lang='lat' dir='ltr'><strong>in</strong></span> <span class='ocrx_word' id='word_1_619' title='bbox 1511 1870 1642 1902; x_wconf 88' lang='lat' dir='ltr'><strong>medium</strong></span> <span class='ocrx_word' id='word_1_620' title='bbox 1659 1872 1779 1904; x_wconf 75' lang='lat' dir='ltr'><strong>afferret</strong></span> 
     </span>
    </p>
   </div>
   <div class='ocr_carea' id='block_1_89' title="bbox 959 1912 1778 1955">
    <p class='ocr_par' dir='ltr' id='par_1_89' title="bbox 959 1912 1778 1955">
     <span class='ocr_line' id='line_1_89' title="bbox 959 1912 1778 1955; baseline 0.005 -12"><span class='ocrx_word' id='word_1_621' title='bbox 959 1912 1057 1944; x_wconf 85' lang='lat' dir='ltr'><strong>Moses</strong></span> <span class='ocrx_word' id='word_1_622' title='bbox 1070 1922 1076 1944; x_wconf 90' lang='lat'>:</span> <span class='ocrx_word' id='word_1_623' title='bbox 1094 1913 1256 1952; x_wconf 83' lang='lat' dir='ltr'><strong>itidemque</strong></span> <span class='ocrx_word' id='word_1_624' title='bbox 1271 1913 1358 1944; x_wconf 86' lang='lat' dir='ltr'><strong>silani</strong></span> <span class='ocrx_word' id='word_1_625' title='bbox 1368 1914 1398 1944; x_wconf 92' lang='lat' dir='ltr'><strong>in</strong></span> <span class='ocrx_word' id='word_1_626' title='bbox 1415 1923 1526 1945; x_wconf 91' lang='lat' dir='ltr'><strong>morem</strong></span> <span class='ocrx_word' id='word_1_627' title='bbox 1541 1923 1576 1945; x_wconf 86' lang='lat' dir='ltr'><strong>ea</strong></span> <span class='ocrx_word' id='word_1_628' title='bbox 1586 1916 1778 1955; x_wconf 84' lang='lat' dir='ltr'><strong>pronuntian-</strong></span> 
     </span>
    </p>
   </div>
   <div class='ocr_carea' id='block_1_90' title="bbox 959 1957 1779 2002">
    <p class='ocr_par' dir='ltr' id='par_1_90' title="bbox 959 1957 1779 2002">
     <span class='ocr_line' id='line_1_90' title="bbox 959 1957 1779 2002; baseline 0.007 -16"><span class='ocrx_word' id='word_1_629' title='bbox 959 1961 1030 1997; x_wconf 85' lang='lat' dir='ltr'><strong>tem,</strong></span> <span class='ocrx_word' id='word_1_630' title='bbox 1046 1966 1111 1997; x_wconf 73' lang='lat' dir='ltr'><strong>quze</strong></span> <span class='ocrx_word' id='word_1_631' title='bbox 1126 1957 1229 1998; x_wconf 84' lang='lat' dir='ltr'><strong>capitis</strong></span> <span class='ocrx_word' id='word_1_632' title='bbox 1244 1958 1300 1998; x_wconf 87' lang='lat' dir='ltr'><strong>ipsi</strong></span> <span class='ocrx_word' id='word_1_633' title='bbox 1316 1962 1416 1989; x_wconf 85' lang='lat' dir='ltr'><strong>vertex</strong></span> <span class='ocrx_word' id='word_1_634' title='bbox 1431 1958 1524 1989; x_wconf 88' lang='lat' dir='ltr'><strong>instar</strong></span> <span class='ocrx_word' id='word_1_635' title='bbox 1538 1959 1625 1990; x_wconf 89' lang='lat' dir='ltr'><strong>nubis</strong></span> <span class='ocrx_word' id='word_1_636' title='bbox 1646 1964 1674 1991; x_wconf 90' lang='lat' dir='ltr'><strong>et</strong></span> <span class='ocrx_word' id='word_1_637' title='bbox 1695 1970 1779 2002; x_wconf 70' lang='lat' dir='ltr'><strong>aqum</strong></span> 
     </span>
    </p>
   </div>
   <div class='ocr_carea' id='block_1_91' title="bbox 959 2001 1778 2045">
    <p class='ocr_par' dir='ltr' id='par_1_91' title="bbox 959 2001 1778 2045">
     <span class='ocr_line' id='line_1_91' title="bbox 959 2001 1778 2045; baseline 0.006 -14"><span class='ocrx_word' id='word_1_638' title='bbox 959 2001 1143 2041; x_wconf 87' lang='lat' dir='ltr'><strong>suppeditat:</strong></span> <span class='ocrx_word' id='word_1_639' title='bbox 1155 2002 1302 2033; x_wconf 84' lang='lat' dir='ltr'><strong>Aaronem</strong></span> <span class='ocrx_word' id='word_1_640' title='bbox 1317 2003 1417 2034; x_wconf 89' lang='lat' dir='ltr'><strong>videre</strong></span> <span class='ocrx_word' id='word_1_641' title='bbox 1428 2012 1486 2033; x_wconf 88' lang='lat' dir='ltr'><strong>non</strong></span> <span class='ocrx_word' id='word_1_642' title='bbox 1495 2003 1691 2045; x_wconf 84' lang='lat' dir='ltr'><strong>desiderabis,</strong></span> <span class='ocrx_word' id='word_1_643' title='bbox 1703 2001 1778 2036; x_wconf 85' lang='lat' dir='ltr'><strong>scri-</strong></span> 
     </span>
    </p>
   </div>
   <div class='ocr_carea' id='block_1_92' title="bbox 958 2045 1775 2088">
    <p class='ocr_par' dir='ltr' id='par_1_92' title="bbox 958 2045 1775 2088">
     <span class='ocr_line' id='line_1_92' title="bbox 958 2045 1775 2088; baseline 0.006 -13"><span class='ocrx_word' id='word_1_644' title='bbox 958 2050 1074 2086; x_wconf 90' lang='lat' dir='ltr'><strong>ptarum</strong></span> <span class='ocrx_word' id='word_1_645' title='bbox 1085 2045 1224 2077; x_wconf 82' lang='lat' dir='ltr'><strong>divinitus</strong></span> <span class='ocrx_word' id='word_1_646' title='bbox 1235 2046 1399 2078; x_wconf 89' lang='lat' dir='ltr'><strong>tabularum</strong></span> <span class='ocrx_word' id='word_1_647' title='bbox 1413 2047 1502 2078; x_wconf 85' lang='lat' dir='ltr'><strong>verba</strong></span> <span class='ocrx_word' id='word_1_648' title='bbox 1512 2048 1705 2088; x_wconf 77' lang='lat' dir='ltr'><strong>recitantem;</strong></span> <span class='ocrx_word' id='word_1_649' title='bbox 1720 2059 1775 2080; x_wconf 93' lang='lat' dir='ltr'><strong>ne-</strong></span> 
     </span>
    </p>
   </div>
   <div class='ocr_carea' id='block_1_93' title="bbox 957 2091 1775 2132">
    <p class='ocr_par' dir='ltr' id='par_1_93' title="bbox 957 2091 1775 2132">
     <span class='ocr_line' id='line_1_93' title="bbox 957 2091 1775 2132; baseline 0.005 -11"><span class='ocrx_word' id='word_1_650' title='bbox 957 2100 1014 2131; x_wconf 90' lang='lat' dir='ltr'><strong>que</strong></span> <span class='ocrx_word' id='word_1_651' title='bbox 1029 2091 1208 2128; x_wconf 90' lang='lat' dir='ltr'><strong>Baruchum,</strong></span> <span class='ocrx_word' id='word_1_652' title='bbox 1218 2091 1320 2122; x_wconf 82' lang='lat' dir='ltr'><strong>dextre</strong></span> <span class='ocrx_word' id='word_1_653' title='bbox 1331 2091 1532 2132; x_wconf 79' lang='lat' dir='ltr'><strong>captivitatem</strong></span> <span class='ocrx_word' id='word_1_654' title='bbox 1543 2091 1651 2123; x_wconf 64' lang='lat' dir='ltr'><strong>Judaaaa</strong></span> <span class='ocrx_word' id='word_1_655' title='bbox 1659 2094 1775 2125; x_wconf 90' lang='lat' dir='ltr'><strong>descri-</strong></span> 
     </span>
    </p>
   </div>
   <div class='ocr_carea' id='block_1_94' title="bbox 88 2134 845 2182">
    <p class='ocr_par' dir='ltr' id='par_1_94' title="bbox 88 2134 819 2182">
     <span class='ocr_line' id='line_1_94' title="bbox 88 2134 819 2182; baseline -0.003 -12"><span class='ocrx_word' id='word_1_656' title='bbox 88 2134 178 2182; x_wconf 55' lang='lat' dir='ltr'><strong>tpakiu</strong></span> <span class='ocrx_word' id='word_1_657' title='bbox 207 2143 225 2176; x_wconf 79' lang='grc' dir='ltr'><strong>ἡ</strong></span> <span class='ocrx_word' id='word_1_658' title='bbox 248 2141 389 2181; x_wconf 71' lang='grc' dir='ltr'>ἇκρώρεια,</span> <span class='ocrx_word' id='word_1_659' title='bbox 413 2144 443 2172; x_wconf 82' lang='grc' dir='ltr'>οὺ</span> <span class='ocrx_word' id='word_1_660' title='bbox 470 2142 594 2177; x_wconf 80' lang='grc' dir='ltr'>ζηνήσεις</span> <span class='ocrx_word' id='word_1_661' title='bbox 623 2140 689 2170; x_wconf 74' lang='grc' dir='ltr'>ἰδεῖν</span> <span class='ocrx_word' id='word_1_662' title='bbox 718 2140 819 2180; x_wconf 79' lang='grc' dir='ltr'>Ἀαρὼν</span> 
     </span>
    </p>
   </div>
   <div class='ocr_carea' id='block_1_95' title="bbox 1019 2134 1776 2182">
    <p class='ocr_par' dir='ltr' id='par_1_95' title="bbox 1019 2134 1776 2176">
     <span class='ocr_line' id='line_1_95' title="bbox 1019 2134 1776 2176; baseline 0.005 -11"><span class='ocrx_word' id='word_1_663' title='bbox 1019 2138 1076 2166; x_wconf 88' lang='lat' dir='ltr'><strong>tem</strong></span> <span class='ocrx_word' id='word_1_664' title='bbox 1094 2144 1101 2166; x_wconf 86' lang='lat'>:</span> <span class='ocrx_word' id='word_1_665' title='bbox 1119 2134 1170 2165; x_wconf 87' lang='lat' dir='ltr'><strong>sed</strong></span> <span class='ocrx_word' id='word_1_666' title='bbox 1186 2139 1344 2166; x_wconf 88' lang='lat' dir='ltr'><strong>contentus</strong></span> <span class='ocrx_word' id='word_1_667' title='bbox 1359 2135 1395 2166; x_wconf 91' lang='lat' dir='ltr'><strong>iis</strong></span> <span class='ocrx_word' id='word_1_668' title='bbox 1418 2136 1488 2176; x_wconf 87' lang='lat' dir='ltr'><strong>eris,</strong></span> <span class='ocrx_word' id='word_1_669' title='bbox 1503 2145 1568 2176; x_wconf 64' lang='lat' dir='ltr'><strong>quae</strong></span> <span class='ocrx_word' id='word_1_670' title='bbox 1583 2136 1776 2169; x_wconf 87' lang='lat' dir='ltr'><strong>chartularius</strong></span> 
     </span>
    </p>
   </div>
   <div class='ocr_carea' id='block_1_96' title="bbox 89 2184 914 2226">
    <p class='ocr_par' dir='ltr' id='par_1_96' title="bbox 89 2184 914 2226">
     <span class='ocr_line' id='line_1_96' title="bbox 89 2184 914 2226; baseline 0 -12"><span class='ocrx_word' id='word_1_671' title='bbox 89 2187 198 2226; x_wconf 72' lang='grc' dir='ltr'>γράφων</span> <span class='ocrx_word' id='word_1_672' title='bbox 233 2185 342 2214; x_wconf 84' lang='grc' dir='ltr'>πλακῶν</span> <span class='ocrx_word' id='word_1_673' title='bbox 380 2185 578 2225; x_wconf 70' lang='grc' dir='ltr'>ἓπαγγέλλοντα</span> <span class='ocrx_word' id='word_1_674' title='bbox 614 2185 730 2225; x_wconf 83' lang='grc' dir='ltr'>ῥήματα,</span> <span class='ocrx_word' id='word_1_675' title='bbox 768 2184 826 2213; x_wconf 74' lang='grc' dir='ltr'>οὐδὲ</span> <span class='ocrx_word' id='word_1_676' title='bbox 859 2189 914 2215; x_wconf 83' lang='grc' dir='ltr'><strong>Βα-</strong></span> 
     </span>
    </p>
   </div>
   <div class='ocr_carea' id='block_1_97' title="bbox 89 2229 914 2271">
    <p class='ocr_par' dir='ltr' id='par_1_97' title="bbox 89 2229 914 2271">
     <span class='ocr_line' id='line_1_97' title="bbox 89 2229 914 2271; baseline 0 -13"><span class='ocrx_word' id='word_1_677' title='bbox 89 2232 157 2271; x_wconf 75' lang='grc' dir='ltr'>ροὺχ</span> <span class='ocrx_word' id='word_1_678' title='bbox 187 2229 337 2270; x_wconf 74' lang='grc' dir='ltr'>περιδεξίως</span> <span class='ocrx_word' id='word_1_679' title='bbox 372 2230 591 2270; x_wconf 73' lang='grc' dir='ltr'>ἀπογραφόμενον</span> <span class='ocrx_word' id='word_1_680' title='bbox 629 2232 678 2263; x_wconf 81' lang='grc' dir='ltr'>τῆς</span> <span class='ocrx_word' id='word_1_681' title='bbox 706 2229 831 2262; x_wconf 75' lang='grc' dir='ltr'>Ἰουδαίας</span> <span class='ocrx_word' id='word_1_682' title='bbox 866 2230 914 2264; x_wconf 79' lang='grc' dir='ltr'>τὴν</span> 
     </span>
    </p>
   </div>
   <div class='ocr_carea' id='block_1_98' title="bbox 89 2273 914 2314">
    <p class='ocr_par' dir='ltr' id='par_1_98' title="bbox 89 2273 914 2314">
     <span class='ocr_line' id='line_1_98' title="bbox 89 2273 914 2314; baseline -0.001 -11"><span class='ocrx_word' id='word_1_683' title='bbox 89 2275 190 2304; x_wconf 75' lang='grc' dir='ltr'>ἅλωσιν</span> <span class='ocrx_word' id='word_1_684' title='bbox 207 2283 215 2291; x_wconf 86' lang='grc'><strong><em>⁸</em></strong></span> <span class='ocrx_word' id='word_1_685' title='bbox 244 2275 396 2314; x_wconf 82' lang='grc' dir='ltr'>ὰρκεσθήσῃ</span> <span class='ocrx_word' id='word_1_686' title='bbox 423 2273 450 2302; x_wconf 75' lang='grc' dir='ltr'><strong>δέ</strong></span> <span class='ocrx_word' id='word_1_687' title='bbox 477 2282 536 2306; x_wconf 71' lang='grc' dir='ltr'>τοῖς</span> <span class='ocrx_word' id='word_1_688' title='bbox 564 2274 633 2302; x_wconf 67' lang='grc' dir='ltr'>οὕτω</span> <span class='ocrx_word' id='word_1_689' title='bbox 653 2274 844 2313; x_wconf 80' lang='grc' dir='ltr'>πραττομένοις</span> <span class='ocrx_word' id='word_1_690' title='bbox 865 2275 914 2303; x_wconf 81' lang='grc' dir='ltr'><strong>ὑπὸ</strong></span> 
     </span>
    </p>
   </div>
   <div class='ocr_carea' id='block_1_99' title="bbox 89 2319 913 2359">
    <p class='ocr_par' dir='ltr' id='par_1_99' title="bbox 89 2319 913 2359">
     <span class='ocr_line' id='line_1_99' title="bbox 89 2319 913 2359; baseline 0 -12"><span class='ocrx_word' id='word_1_691' title='bbox 89 2324 135 2349; x_wconf 76' lang='grc' dir='ltr'>τοῦ</span> <span class='ocrx_word' id='word_1_692' title='bbox 176 2319 390 2359; x_wconf 72' lang='grc' dir='ltr'>χαρτοφύλακος,</span> <span class='ocrx_word' id='word_1_693' title='bbox 437 2320 482 2347; x_wconf 85' lang='grc' dir='ltr'><strong>καὶ</strong></span> <span class='ocrx_word' id='word_1_694' title='bbox 524 2319 725 2358; x_wconf 76' lang='grc' dir='ltr'>Δευτερονόμιον</span> <span class='ocrx_word' id='word_1_695' title='bbox 767 2320 913 2359; x_wconf 77' lang='grc' dir='ltr'>συμπεραί-</span> 
     </span>
    </p>
   </div>
   <div class='ocr_carea' id='block_1_100' title="bbox 91 2364 914 2401">
    <p class='ocr_par' dir='ltr' id='par_1_100' title="bbox 91 2364 914 2401">
     <span class='ocr_line' id='line_1_100' title="bbox 91 2364 914 2401; baseline -0.001 -9"><span class='ocrx_word' id='word_1_696' title='bbox 91 2375 175 2394; x_wconf 85' lang='grc' dir='ltr'>νουσι.</span> <span class='ocrx_word' id='word_1_697' title='bbox 192 2365 265 2396; x_wconf 83' lang='grc' dir='ltr'>Παὸς</span> <span class='ocrx_word' id='word_1_698' title='bbox 285 2364 388 2396; x_wconf 84' lang='grc' dir='ltr'>τούτοις</span> <span class='ocrx_word' id='word_1_699' title='bbox 411 2364 556 2401; x_wconf 77' lang='grc' dir='ltr'>θαύμασον,</span> <span class='ocrx_word' id='word_1_700' title='bbox 581 2367 638 2396; x_wconf 83' lang='grc' dir='ltr'>πῶς</span> <span class='ocrx_word' id='word_1_701' title='bbox 664 2367 716 2391; x_wconf 79' lang='grc' dir='ltr'><strong>των</strong></span> <span class='ocrx_word' id='word_1_702' title='bbox 737 2364 812 2391; x_wconf 82' lang='grc' dir='ltr'>θείων</span> <span class='ocrx_word' id='word_1_703' title='bbox 833 2364 914 2392; x_wconf 87' lang='grc' dir='ltr'>κανό-</span> 
     </span>
    </p>
   </div>
   <div class='ocr_carea' id='block_1_101' title="bbox 91 2407 914 2449">
    <p class='ocr_par' dir='ltr' id='par_1_101' title="bbox 91 2407 914 2449">
     <span class='ocr_line' id='line_1_101' title="bbox 91 2407 914 2449; baseline 0 -13"><span class='ocrx_word' id='word_1_704' title='bbox 91 2419 142 2436; x_wconf 86' lang='grc' dir='ltr'><strong>νων</strong></span> <span class='ocrx_word' id='word_1_705' title='bbox 164 2409 255 2442; x_wconf 83' lang='grc' dir='ltr'>μόνοις</span> <span class='ocrx_word' id='word_1_706' title='bbox 271 2407 484 2449; x_wconf 79' lang='grc' dir='ltr'>ὲκχωρησάντων</span> <span class='ocrx_word' id='word_1_707' title='bbox 508 2416 567 2440; x_wconf 73' lang='grc' dir='ltr'>τοῖς</span> <span class='ocrx_word' id='word_1_708' title='bbox 594 2408 621 2436; x_wconf 81' lang='grc' dir='ltr'>ἐν</span> <span class='ocrx_word' id='word_1_709' title='bbox 649 2408 757 2436; x_wconf 82' lang='grc' dir='ltr'>πόλεσιν</span> <span class='ocrx_word' id='word_1_710' title='bbox 786 2409 914 2448; x_wconf 70' lang='grc' dir='ltr'>ἀρχιερα-</span> 
     </span>
    </p>
   </div>
   <div class='ocr_carea' id='block_1_102' title="bbox 91 2452 913 2493">
    <p class='ocr_par' dir='ltr' id='par_1_102' title="bbox 91 2452 913 2493">
     <span class='ocr_line' id='line_1_102' title="bbox 91 2452 913 2493; baseline 0 -12"><span class='ocrx_word' id='word_1_711' title='bbox 91 2454 192 2482; x_wconf 81' lang='grc' dir='ltr'>τεύουσι</span> <span class='ocrx_word' id='word_1_712' title='bbox 221 2453 271 2487; x_wconf 80' lang='grc' dir='ltr'><strong>τὴν</strong></span> <span class='ocrx_word' id='word_1_713' title='bbox 300 2458 346 2483; x_wconf 77' lang='grc' dir='ltr'>τοῦ</span> <span class='ocrx_word' id='word_1_714' title='bbox 366 2452 497 2482; x_wconf 72' lang='grc' dir='ltr'>διδάσκειν</span> <span class='ocrx_word' id='word_1_715' title='bbox 525 2455 570 2482; x_wconf 77' lang='grc' dir='ltr'><strong>τὸν</strong></span> <span class='ocrx_word' id='word_1_716' title='bbox 599 2453 661 2483; x_wconf 77' lang='grc' dir='ltr'>λαὸν</span> <span class='ocrx_word' id='word_1_717' title='bbox 693 2453 913 2493; x_wconf 64' lang='grc' dir='ltr'>σεμνοπρέπειαν,</span> 
     </span>
    </p>
   </div>
   <div class='ocr_carea' id='block_1_103' title="bbox 92 2497 914 2539">
    <p class='ocr_par' dir='ltr' id='par_1_103' title="bbox 92 2497 914 2539">
     <span class='ocr_line' id='line_1_103' title="bbox 92 2497 914 2539; baseline 0 -13"><span class='ocrx_word' id='word_1_718' title='bbox 92 2499 105 2526; x_wconf 80' lang='grc' dir='ltr'><strong>ό</strong></span> <span class='ocrx_word' id='word_1_719' title='bbox 119 2497 290 2539; x_wconf 77' lang='grc' dir='ltr'>χαρτοφύλαξ</span> <span class='ocrx_word' id='word_1_720' title='bbox 324 2499 368 2526; x_wconf 84' lang='grc' dir='ltr'><strong>καὶ</strong></span> <span class='ocrx_word' id='word_1_721' title='bbox 397 2498 477 2536; x_wconf 87' lang='grc' dir='ltr'>μόνος</span> <span class='ocrx_word' id='word_1_722' title='bbox 498 2499 530 2526; x_wconf 72' lang='grc' dir='ltr'><strong>τὸ</strong></span> <span class='ocrx_word' id='word_1_723' title='bbox 557 2497 686 2526; x_wconf 78' lang='grc' dir='ltr'>διδάσκειν</span> <span class='ocrx_word' id='word_1_724' title='bbox 721 2501 914 2538; x_wconf 77' lang='grc' dir='ltr'>κατηχητικῶς</span> 
     </span>
    </p>
   </div>
   <div class='ocr_carea' id='block_1_104' title="bbox 91 2541 913 2582">
    <p class='ocr_par' dir='ltr' id='par_1_104' title="bbox 91 2541 913 2582">
     <span class='ocr_line' id='line_1_104' title="bbox 91 2541 913 2582; baseline -0.001 -12"><span class='ocrx_word' id='word_1_725' title='bbox 91 2543 135 2571; x_wconf 78' lang='grc' dir='ltr'>τὸν</span> <span class='ocrx_word' id='word_1_726' title='bbox 152 2542 218 2571; x_wconf 82' lang='grc' dir='ltr'>λαὸν</span> <span class='ocrx_word' id='word_1_727' title='bbox 245 2541 287 2571; x_wconf 72' lang='grc' dir='ltr'><strong>ἐπ’</strong></span> <span class='ocrx_word' id='word_1_728' title='bbox 323 2542 466 2576; x_wconf 72' lang='grc' dir='ltr'>ἐκκλησίας</span> <span class='ocrx_word' id='word_1_729' title='bbox 507 2542 712 2582; x_wconf 76' lang='grc' dir='ltr'>ἐπεκληρώσατο</span> <span class='ocrx_word' id='word_1_730' title='bbox 730 2551 736 2558; x_wconf 84' lang='grc'><strong><em>⁸</em></strong></span> <span class='ocrx_word' id='word_1_731' title='bbox 782 2544 838 2574; x_wconf 80' lang='grc' dir='ltr'>πῶς</span> <span class='ocrx_word' id='word_1_732' title='bbox 866 2542 913 2573; x_wconf 75' lang='grc' dir='ltr'><strong>τὰς</strong></span> 
     </span>
    </p>
   </div>
   <div class='ocr_carea' id='block_1_105' title="bbox 93 2587 913 2627">
    <p class='ocr_par' dir='ltr' id='par_1_105' title="bbox 93 2587 913 2627">
     <span class='ocr_line' id='line_1_105' title="bbox 93 2587 913 2627; baseline 0 -13"><span class='ocrx_word' id='word_1_733' title='bbox 93 2588 289 2627; x_wconf 71' lang='grc' dir='ltr'>παπριαρχικὰς</span> <span class='ocrx_word' id='word_1_734' title='bbox 325 2587 480 2626; x_wconf 79' lang='grc' dir='ltr'>διαγνώσεις</span> <span class='ocrx_word' id='word_1_735' title='bbox 506 2587 693 2626; x_wconf 71' lang='grc' dir='ltr'>καλλιγραφεϊ,</span> <span class='ocrx_word' id='word_1_736' title='bbox 720 2588 764 2615; x_wconf 85' lang='grc' dir='ltr'><strong>καὶ</strong></span> <span class='ocrx_word' id='word_1_737' title='bbox 795 2588 913 2626; x_wconf 74' lang='grc' dir='ltr'>ὑπογρα-</span> 
     </span>
    </p>
   </div>
   <div class='ocr_carea' id='block_1_106' title="bbox 94 2630 914 2673">
    <p class='ocr_par' dir='ltr' id='par_1_106' title="bbox 94 2630 914 2673">
     <span class='ocr_line' id='line_1_106' title="bbox 94 2630 914 2673; baseline -0.001 -13"><span class='ocrx_word' id='word_1_738' title='bbox 94 2639 156 2671; x_wconf 71' lang='grc' dir='ltr'>φατς</span> <span class='ocrx_word' id='word_1_739' title='bbox 185 2633 293 2664; x_wconf 76' lang='grc' dir='ltr'>οἰκείαις</span> <span class='ocrx_word' id='word_1_740' title='bbox 323 2633 367 2660; x_wconf 85' lang='grc' dir='ltr'><strong>καὶ</strong></span> <span class='ocrx_word' id='word_1_741' title='bbox 394 2639 522 2673; x_wconf 70' lang='grc' dir='ltr'>σφραγῖσι</span> <span class='ocrx_word' id='word_1_742' title='bbox 550 2630 713 2669; x_wconf 78' lang='grc' dir='ltr'>κατεμπεδοϊ</span> <span class='ocrx_word' id='word_1_743' title='bbox 730 2639 736 2646; x_wconf 93' lang='grc'><strong>·</strong></span> <span class='ocrx_word' id='word_1_744' title='bbox 779 2631 824 2659; x_wconf 88' lang='grc' dir='ltr'><strong>καὶ</strong></span> <span class='ocrx_word' id='word_1_745' title='bbox 857 2634 914 2663; x_wconf 86' lang='grc' dir='ltr'>πῶς</span> 
     </span>
    </p>
   </div>
   <div class='ocr_carea' id='block_1_107' title="bbox 95 2674 915 2717">
    <p class='ocr_par' dir='ltr' id='par_1_107' title="bbox 95 2674 915 2717">
     <span class='ocr_line' id='line_1_107' title="bbox 95 2674 915 2717; baseline 0.001 -14"><span class='ocrx_word' id='word_1_746' title='bbox 95 2674 260 2717; x_wconf 60' lang='grc' dir='ltr'>δικαστηρίου</span> <span class='ocrx_word' id='word_1_747' title='bbox 302 2677 419 2717; x_wconf 76' lang='grc' dir='ltr'>μεγάλου</span> <span class='ocrx_word' id='word_1_748' title='bbox 459 2677 622 2716; x_wconf 75' lang='grc' dir='ltr'>προκάθῆται</span> <span class='ocrx_word' id='word_1_749' title='bbox 671 2677 714 2704; x_wconf 83' lang='grc' dir='ltr'><strong>καὶ</strong></span> <span class='ocrx_word' id='word_1_750' title='bbox 757 2675 915 2705; x_wconf 83' lang='grc' dir='ltr'>δικαιοδοτεῖ</span> 
     </span>
    </p>
   </div>
   <div class='ocr_carea' id='block_1_108' title="bbox 96 2719 915 2761">
    <p class='ocr_par' dir='ltr' id='par_1_108' title="bbox 96 2719 915 2761">
     <span class='ocr_line' id='line_1_108' title="bbox 96 2719 915 2761; baseline 0.001 -13"><span class='ocrx_word' id='word_1_751' title='bbox 96 2721 161 2748; x_wconf 78' lang='grc' dir='ltr'>κατὰ</span> <span class='ocrx_word' id='word_1_752' title='bbox 184 2721 235 2758; x_wconf 76' lang='grc' dir='ltr'>μὲν</span> <span class='ocrx_word' id='word_1_753' title='bbox 264 2721 363 2753; x_wconf 75' lang='grc' dir='ltr'>πάντὸς</span> <span class='ocrx_word' id='word_1_754' title='bbox 393 2721 541 2760; x_wconf 73' lang='grc' dir='ltr'>ἅνθρώπου,</span> <span class='ocrx_word' id='word_1_755' title='bbox 564 2719 612 2748; x_wconf 80' lang='grc' dir='ltr'><strong>κᾶν</strong></span> <span class='ocrx_word' id='word_1_756' title='bbox 642 2720 702 2752; x_wconf 70' lang='grc' dir='ltr'>οἵας</span> <span class='ocrx_word' id='word_1_757' title='bbox 717 2720 747 2748; x_wconf 81' lang='grc' dir='ltr'><strong>ἃν</strong></span> <span class='ocrx_word' id='word_1_758' title='bbox 761 2719 808 2754; x_wconf 72' lang='grc' dir='ltr'><strong>εἴη</strong></span> <span class='ocrx_word' id='word_1_759' title='bbox 829 2721 915 2761; x_wconf 71' lang='grc' dir='ltr'>τύχης</span> 
     </span>
    </p>
   </div>
   <div class='ocr_carea' id='block_1_109' title="bbox 97 2764 915 2805">
    <p class='ocr_par' dir='ltr' id='par_1_109' title="bbox 97 2764 915 2805">
     <span class='ocr_line' id='line_1_109' title="bbox 97 2764 915 2805; baseline 0.002 -14"><span class='ocrx_word' id='word_1_760' title='bbox 97 2765 138 2791; x_wconf 82' lang='grc' dir='ltr'><strong>καὶ</strong></span> <span class='ocrx_word' id='word_1_761' title='bbox 165 2766 266 2805; x_wconf 69' lang='grc' dir='ltr'>φύσεως</span> <span class='ocrx_word' id='word_1_762' title='bbox 307 2766 365 2805; x_wconf 81' lang='grc' dir='ltr'>περὶ</span> <span class='ocrx_word' id='word_1_763' title='bbox 408 2765 633 2799; x_wconf 64' lang='grc' dir='ltr'>ἐκκλησιαπικῶν</span> <span class='ocrx_word' id='word_1_764' title='bbox 672 2764 844 2805; x_wconf 76' lang='grc' dir='ltr'>ζητημάτων,</span> <span class='ocrx_word' id='word_1_765' title='bbox 874 2766 915 2793; x_wconf 74' lang='grc' dir='ltr'>καὶ</span> 
     </span>
    </p>
   </div>
   <div class='ocr_carea' id='block_1_110' title="bbox 955 2180 1776 2222">
    <p class='ocr_par' dir='ltr' id='par_1_110' title="bbox 955 2180 1776 2222">
     <span class='ocr_line' id='line_1_110' title="bbox 955 2180 1776 2222; baseline 0.004 -12"><span class='ocrx_word' id='word_1_766' title='bbox 955 2184 1035 2220; x_wconf 81' lang='lat' dir='ltr'><strong>aget,</strong></span> <span class='ocrx_word' id='word_1_767' title='bbox 1045 2189 1168 2220; x_wconf 66' lang='lat' dir='ltr'><strong>quaeque</strong></span> <span class='ocrx_word' id='word_1_768' title='bbox 1185 2180 1445 2212; x_wconf 87' lang='lat' dir='ltr'><strong>Deuteronomium</strong></span> <span class='ocrx_word' id='word_1_769' title='bbox 1458 2181 1625 2221; x_wconf 85' lang='lat' dir='ltr'><strong>perficiunt.</strong></span> <span class='ocrx_word' id='word_1_770' title='bbox 1640 2183 1776 2222; x_wconf 75' lang='lat' dir='ltr'><strong>Estprae-</strong></span> 
     </span>
    </p>
   </div>
   <div class='ocr_carea' id='block_1_111' title="bbox 955 2225 1778 2267">
    <p class='ocr_par' dir='ltr' id='par_1_111' title="bbox 955 2225 1778 2267">
     <span class='ocr_line' id='line_1_111' title="bbox 955 2225 1778 2267; baseline 0.002 -11"><span class='ocrx_word' id='word_1_771' title='bbox 955 2233 1035 2260; x_wconf 77' lang='lat' dir='ltr'><strong>terea</strong></span> <span class='ocrx_word' id='word_1_772' title='bbox 1049 2226 1127 2267; x_wconf 89' lang='lat' dir='ltr'><strong>quod</strong></span> <span class='ocrx_word' id='word_1_773' title='bbox 1141 2225 1270 2261; x_wconf 87' lang='lat' dir='ltr'><strong>mireris,</strong></span> <span class='ocrx_word' id='word_1_774' title='bbox 1280 2234 1347 2255; x_wconf 92' lang='lat' dir='ltr'><strong>cum</strong></span> <span class='ocrx_word' id='word_1_775' title='bbox 1362 2226 1438 2257; x_wconf 86' lang='lat' dir='ltr'><strong>sacri</strong></span> <span class='ocrx_word' id='word_1_776' title='bbox 1449 2235 1578 2256; x_wconf 89' lang='lat' dir='ltr'><strong>canones</strong></span> <span class='ocrx_word' id='word_1_777' title='bbox 1588 2227 1778 2266; x_wconf 87' lang='lat' dir='ltr'><strong>permiserint</strong></span> 
     </span>
    </p>
   </div>
   <div class='ocr_carea' id='block_1_112' title="bbox 955 2271 1778 2313">
    <p class='ocr_par' dir='ltr' id='par_1_112' title="bbox 955 2271 1778 2313">
     <span class='ocr_line' id='line_1_112' title="bbox 955 2271 1778 2313; baseline -0.002 -9"><span class='ocrx_word' id='word_1_778' title='bbox 955 2272 1071 2304; x_wconf 84' lang='lat' dir='ltr'><strong>urbium</strong></span> <span class='ocrx_word' id='word_1_779' title='bbox 1081 2272 1416 2313; x_wconf 82' lang='lat' dir='ltr'><strong>duntaxatpontiﬁcibus</strong></span> <span class='ocrx_word' id='word_1_780' title='bbox 1430 2271 1636 2304; x_wconf 82' lang='lat' dir='ltr'><strong>auctoritatem</strong></span> <span class='ocrx_word' id='word_1_781' title='bbox 1650 2272 1778 2303; x_wconf 90' lang='lat' dir='ltr'><strong>docendi</strong></span> 
     </span>
    </p>
   </div>
   <div class='ocr_carea' id='block_1_113' title="bbox 957 2317 1780 2358">
    <p class='ocr_par' dir='ltr' id='par_1_113' title="bbox 957 2317 1780 2358">
     <span class='ocr_line' id='line_1_113' title="bbox 957 2317 1780 2358; baseline -0.001 -10"><span class='ocrx_word' id='word_1_782' title='bbox 957 2317 1098 2358; x_wconf 88' lang='lat' dir='ltr'><strong>populum</strong></span> <span class='ocrx_word' id='word_1_783' title='bbox 1117 2327 1125 2357; x_wconf 71' lang='grc' dir='ltr'><strong>ς</strong></span> <span class='ocrx_word' id='word_1_784' title='bbox 1143 2317 1337 2348; x_wconf 84' lang='lat' dir='ltr'><strong>nihilominus</strong></span> <span class='ocrx_word' id='word_1_785' title='bbox 1361 2317 1570 2348; x_wconf 86' lang='lat' dir='ltr'><strong>chartularium</strong></span> <span class='ocrx_word' id='word_1_786' title='bbox 1587 2317 1681 2347; x_wconf 91' lang='lat' dir='ltr'><strong>solum</strong></span> <span class='ocrx_word' id='word_1_787' title='bbox 1697 2326 1780 2347; x_wconf 87' lang='lat' dir='ltr'><strong>more</strong></span> 
     </span>
    </p>
   </div>
   <div class='ocr_carea' id='block_1_114' title="bbox 955 2361 1778 2402">
    <p class='ocr_par' dir='ltr' id='par_1_114' title="bbox 955 2361 1778 2402">
     <span class='ocr_line' id='line_1_114' title="bbox 955 2361 1778 2402; baseline -0.001 -10"><span class='ocrx_word' id='word_1_788' title='bbox 955 2362 1138 2393; x_wconf 76' lang='lat' dir='ltr'><strong>catechetico</strong></span> <span class='ocrx_word' id='word_1_789' title='bbox 1147 2362 1287 2402; x_wconf 88' lang='lat' dir='ltr'><strong>populum</strong></span> <span class='ocrx_word' id='word_1_790' title='bbox 1298 2362 1327 2392; x_wconf 90' lang='lat' dir='ltr'><strong>in</strong></span> <span class='ocrx_word' id='word_1_791' title='bbox 1335 2362 1460 2393; x_wconf 77' lang='lat' dir='ltr'><strong>ecclesia</strong></span> <span class='ocrx_word' id='word_1_792' title='bbox 1467 2361 1593 2392; x_wconf 91' lang='lat' dir='ltr'><strong>docendi</strong></span> <span class='ocrx_word' id='word_1_793' title='bbox 1607 2365 1778 2401; x_wconf 85' lang='lat' dir='ltr'><strong>potestatem</strong></span> 
     </span>
    </p>
   </div>
   <div class='ocr_carea' id='block_1_115' title="bbox 955 2406 1780 2447">
    <p class='ocr_par' dir='ltr' id='par_1_115' title="bbox 955 2406 1780 2447">
     <span class='ocr_line' id='line_1_115' title="bbox 955 2406 1780 2447; baseline -0.001 -10"><span class='ocrx_word' id='word_1_794' title='bbox 955 2407 1090 2437; x_wconf 90' lang='lat' dir='ltr'><strong>sortitum</strong></span> <span class='ocrx_word' id='word_1_795' title='bbox 1107 2415 1174 2437; x_wconf 82' lang='lat' dir='ltr'><strong>esse</strong></span> <span class='ocrx_word' id='word_1_796' title='bbox 1191 2415 1198 2438; x_wconf 91' lang='lat'><strong>:</strong></span> <span class='ocrx_word' id='word_1_797' title='bbox 1218 2407 1428 2447; x_wconf 87' lang='lat' dir='ltr'><strong>patriarchales</strong></span> <span class='ocrx_word' id='word_1_798' title='bbox 1444 2407 1582 2438; x_wconf 88' lang='lat' dir='ltr'><strong>eumdem</strong></span> <span class='ocrx_word' id='word_1_799' title='bbox 1596 2406 1780 2446; x_wconf 82' lang='lat' dir='ltr'><strong>cognitiones</strong></span> 
     </span>
    </p>
   </div>
   <div class='ocr_carea' id='block_1_116' title="bbox 956 2450 1780 2492">
    <p class='ocr_par' dir='ltr' id='par_1_116' title="bbox 956 2450 1780 2492">
     <span class='ocr_line' id='line_1_116' title="bbox 956 2450 1780 2492; baseline 0 -11"><span class='ocrx_word' id='word_1_800' title='bbox 956 2450 986 2481; x_wconf 91' lang='lat' dir='ltr'><strong>in</strong></span> <span class='ocrx_word' id='word_1_801' title='bbox 1001 2451 1116 2481; x_wconf 88' lang='lat' dir='ltr'><strong>litteras</strong></span> <span class='ocrx_word' id='word_1_802' title='bbox 1134 2452 1258 2489; x_wconf 75' lang='lat' dir='ltr'><strong>referre,</strong></span> <span class='ocrx_word' id='word_1_803' title='bbox 1276 2451 1397 2491; x_wconf 89' lang='lat' dir='ltr'><strong>suisque</strong></span> <span class='ocrx_word' id='word_1_804' title='bbox 1413 2451 1681 2492; x_wconf 88' lang='lat' dir='ltr'><strong>subscriptionibus</strong></span> <span class='ocrx_word' id='word_1_805' title='bbox 1693 2455 1722 2482; x_wconf 92' lang='lat' dir='ltr'><strong>et</strong></span> <span class='ocrx_word' id='word_1_806' title='bbox 1736 2451 1780 2481; x_wconf 89' lang='lat' dir='ltr'><strong>si-</strong></span> 
     </span>
    </p>
   </div>
   <div class='ocr_carea' id='block_1_117' title="bbox 955 2495 1781 2536">
    <p class='ocr_par' dir='ltr' id='par_1_117' title="bbox 955 2495 1781 2536">
     <span class='ocr_line' id='line_1_117' title="bbox 955 2495 1781 2536; baseline 0 -10"><span class='ocrx_word' id='word_1_807' title='bbox 955 2495 1033 2535; x_wconf 86' lang='lat' dir='ltr'><strong>gillis</strong></span> <span class='ocrx_word' id='word_1_808' title='bbox 1051 2496 1167 2526; x_wconf 89' lang='lat' dir='ltr'><strong>munire</strong></span> <span class='ocrx_word' id='word_1_809' title='bbox 1185 2506 1191 2526; x_wconf 88' lang='lat'><strong>:</strong></span> <span class='ocrx_word' id='word_1_810' title='bbox 1222 2505 1328 2535; x_wconf 83' lang='lat' dir='ltr'><strong>magno</strong></span> <span class='ocrx_word' id='word_1_811' title='bbox 1345 2496 1505 2536; x_wconf 66' lang='lat' dir='ltr'><strong>prmsidere</strong></span> <span class='ocrx_word' id='word_1_812' title='bbox 1521 2496 1673 2534; x_wconf 88' lang='lat' dir='ltr'><strong>tribunali,</strong></span> <span class='ocrx_word' id='word_1_813' title='bbox 1691 2495 1781 2535; x_wconf 85' lang='lat' dir='ltr'><strong>etjus</strong></span> 
     </span>
    </p>
   </div>
   <div class='ocr_carea' id='block_1_118' title="bbox 955 2539 1781 2581">
    <p class='ocr_par' dir='ltr' id='par_1_118' title="bbox 955 2539 1781 2581">
     <span class='ocr_line' id='line_1_118' title="bbox 955 2539 1781 2581; baseline 0 -11"><span class='ocrx_word' id='word_1_814' title='bbox 955 2549 1023 2571; x_wconf 91' lang='lat' dir='ltr'><strong>cum</strong></span> <span class='ocrx_word' id='word_1_815' title='bbox 1039 2539 1152 2570; x_wconf 89' lang='lat' dir='ltr'><strong>homini</strong></span> <span class='ocrx_word' id='word_1_816' title='bbox 1167 2540 1262 2570; x_wconf 85' lang='lat' dir='ltr'><strong>cuivis</strong></span> <span class='ocrx_word' id='word_1_817' title='bbox 1291 2541 1405 2581; x_wconf 87' lang='lat' dir='ltr'><strong>dicere,</strong></span> <span class='ocrx_word' id='word_1_818' title='bbox 1438 2540 1641 2581; x_wconf 86' lang='lat' dir='ltr'><strong>cujuscunque</strong></span> <span class='ocrx_word' id='word_1_819' title='bbox 1658 2540 1781 2571; x_wconf 82' lang='lat' dir='ltr'><strong>tandem</strong></span> 
     </span>
    </p>
   </div>
   <div class='ocr_carea' id='block_1_119' title="bbox 957 2584 1780 2626">
    <p class='ocr_par' dir='ltr' id='par_1_119' title="bbox 957 2584 1780 2626">
     <span class='ocr_line' id='line_1_119' title="bbox 957 2584 1780 2626; baseline -0.001 -11"><span class='ocrx_word' id='word_1_820' title='bbox 957 2586 1082 2616; x_wconf 71' lang='lat' dir='ltr'><strong>fortuna:</strong></span> <span class='ocrx_word' id='word_1_821' title='bbox 1092 2585 1269 2616; x_wconf 77' lang='lat' dir='ltr'><strong>sitacsexus</strong></span> <span class='ocrx_word' id='word_1_822' title='bbox 1281 2585 1310 2616; x_wconf 89' lang='lat' dir='ltr'><strong>in</strong></span> <span class='ocrx_word' id='word_1_823' title='bbox 1329 2585 1543 2626; x_wconf 81' lang='lat' dir='ltr'><strong>quaestionibus</strong></span> <span class='ocrx_word' id='word_1_824' title='bbox 1558 2584 1780 2623; x_wconf 82' lang='lat' dir='ltr'><strong>ecclesiasticis,</strong></span> 
     </span>
    </p>
   </div>
   <div class='ocr_carea' id='block_1_120' title="bbox 957 2629 1782 2662">
    <p class='ocr_par' dir='ltr' id='par_1_120' title="bbox 957 2629 1782 2662">
     <span class='ocr_line' id='line_1_120' title="bbox 957 2629 1782 2662; baseline -0.002 -2"><span class='ocrx_word' id='word_1_825' title='bbox 957 2629 1086 2660; x_wconf 86' lang='lat' dir='ltr'><strong>etanimi</strong></span> <span class='ocrx_word' id='word_1_826' title='bbox 1097 2629 1271 2660; x_wconf 88' lang='lat' dir='ltr'><strong>delictorum</strong></span> <span class='ocrx_word' id='word_1_827' title='bbox 1285 2631 1493 2661; x_wconf 78' lang='lat' dir='ltr'><strong>emendatione</strong></span> <span class='ocrx_word' id='word_1_828' title='bbox 1506 2639 1513 2661; x_wconf 73' lang='grc' dir='ltr'><strong>ι</strong></span> <span class='ocrx_word' id='word_1_829' title='bbox 1527 2635 1588 2662; x_wconf 93' lang='lat' dir='ltr'><strong>tum</strong></span> <span class='ocrx_word' id='word_1_830' title='bbox 1602 2639 1671 2661; x_wconf 90' lang='lat' dir='ltr'><strong>vero</strong></span> <span class='ocrx_word' id='word_1_831' title='bbox 1683 2639 1782 2660; x_wconf 83' lang='lat' dir='ltr'><strong>sacer-</strong></span> 
     </span>
    </p>
   </div>
   <div class='ocr_carea' id='block_1_121' title="bbox 957 2673 1781 2715">
    <p class='ocr_par' dir='ltr' id='par_1_121' title="bbox 957 2673 1781 2715">
     <span class='ocr_line' id='line_1_121' title="bbox 957 2673 1781 2715; baseline 0 -11"><span class='ocrx_word' id='word_1_832' title='bbox 957 2674 1077 2705; x_wconf 74' lang='lat' dir='ltr'><strong>dotibus</strong></span> <span class='ocrx_word' id='word_1_833' title='bbox 1093 2678 1121 2704; x_wconf 88' lang='lat' dir='ltr'><strong>ct</strong></span> <span class='ocrx_word' id='word_1_834' title='bbox 1138 2674 1302 2714; x_wconf 85' lang='lat' dir='ltr'><strong>monachis,</strong></span> <span class='ocrx_word' id='word_1_835' title='bbox 1320 2675 1350 2705; x_wconf 88' lang='lat' dir='ltr'><strong>in</strong></span> <span class='ocrx_word' id='word_1_836' title='bbox 1366 2675 1467 2715; x_wconf 88' lang='lat' dir='ltr'><strong>quavis</strong></span> <span class='ocrx_word' id='word_1_837' title='bbox 1495 2674 1644 2706; x_wconf 84' lang='lat' dir='ltr'><strong>criminati</strong></span> <span class='ocrx_word' id='word_1_838' title='bbox 1658 2679 1687 2705; x_wconf 90' lang='lat' dir='ltr'><strong>et</strong></span> <span class='ocrx_word' id='word_1_839' title='bbox 1701 2673 1781 2705; x_wconf 84' lang='lat' dir='ltr'><strong>civili</strong></span> 
     </span>
    </p>
   </div>
   <div class='ocr_carea' id='block_1_122' title="bbox 957 2717 1782 2759">
    <p class='ocr_par' dir='ltr' id='par_1_122' title="bbox 957 2717 1782 2759">
     <span class='ocr_line' id='line_1_122' title="bbox 957 2717 1782 2759; baseline 0 -10"><span class='ocrx_word' id='word_1_840' title='bbox 957 2727 1056 2750; x_wconf 89' lang='lat' dir='ltr'><strong>causa.</strong></span> <span class='ocrx_word' id='word_1_841' title='bbox 1075 2717 1189 2758; x_wconf 90' lang='lat' dir='ltr'><strong>Quippe</strong></span> <span class='ocrx_word' id='word_1_842' title='bbox 1205 2718 1250 2749; x_wconf 88' lang='lat' dir='ltr'><strong>vel</strong></span> <span class='ocrx_word' id='word_1_843' title='bbox 1265 2718 1302 2749; x_wconf 90' lang='lat' dir='ltr'><strong>ad</strong></span> <span class='ocrx_word' id='word_1_844' title='bbox 1314 2719 1392 2759; x_wconf 87' lang='lat' dir='ltr'><strong>ipsas</strong></span> <span class='ocrx_word' id='word_1_845' title='bbox 1403 2728 1496 2759; x_wconf 89' lang='lat' dir='ltr'><strong>usque</strong></span> <span class='ocrx_word' id='word_1_846' title='bbox 1508 2719 1606 2750; x_wconf 83' lang='lat' dir='ltr'><strong>Gades</strong></span> <span class='ocrx_word' id='word_1_847' title='bbox 1614 2718 1782 2759; x_wconf 83' lang='lat' dir='ltr'><strong>jurisdictio</strong></span> 
     </span>
    </p>
   </div>
   <div class='ocr_carea' id='block_1_123' title="bbox 957 2761 1782 2803">
    <p class='ocr_par' dir='ltr' id='par_1_123' title="bbox 957 2761 1782 2803">
     <span class='ocr_line' id='line_1_123' title="bbox 957 2761 1782 2803; baseline 0 -9"><span class='ocrx_word' id='word_1_848' title='bbox 957 2762 1128 2794; x_wconf 86' lang='lat' dir='ltr'><strong>chartularii</strong></span> <span class='ocrx_word' id='word_1_849' title='bbox 1139 2762 1280 2803; x_wconf 86' lang='lat' dir='ltr'><strong>pertinet,</strong></span> <span class='ocrx_word' id='word_1_850' title='bbox 1293 2763 1318 2794; x_wconf 90' lang='lat' dir='ltr'><strong>si</strong></span> <span class='ocrx_word' id='word_1_851' title='bbox 1331 2764 1397 2803; x_wconf 77' lang='lat' dir='ltr'><strong>quis</strong></span> <span class='ocrx_word' id='word_1_852' title='bbox 1408 2764 1599 2802; x_wconf 89' lang='lat' dir='ltr'><strong>concesserit,</strong></span> <span class='ocrx_word' id='word_1_853' title='bbox 1618 2763 1704 2794; x_wconf 90' lang='lat' dir='ltr'><strong>etiam</strong></span> <span class='ocrx_word' id='word_1_854' title='bbox 1720 2761 1782 2794; x_wconf 89' lang='lat' dir='ltr'><strong>illic</strong></span> 
     </span>
    </p>
   </div>
  </div>
