1917 3080
150 115 223 148 1191

836 115 900 148 JUS
921 114 1146 148 GANONICUM

1771 108 1844 144 1192

146 183 262 224 aliquos
288 181 434 220 habitare,
459 182 534 214 solio
556 182 881 223 Constantinopolitano
896 192 924 214 st

1043 180 1174 220 ιαλμάτων
1200 183 1324 222 ψυχικῶν
1351 180 1526 221 διορθώσεως.
1564 181 1638 211 Κατὰ
1672 178 1700 208 δὲ
1727 177 1841 224 ἱερωμέῖ

144 229 252 269 jectos.

1012 220 1063 254 νων
1091 227 1134 254 καὶ
1166 220 1305 266 μοναίῶν,
1350 227 1409 266 περὶ
1443 237 1532 260 πασης
1562 224 1766 266 ἐγκληματικῖκ
1797 220 1840 250 καὶ

147 266 317 315 χρηματικῆς
333 273 480 306 αἱτιάσεως.
505 275 573 313 Περᾷ
587 273 637 312 γὰρ
651 274 696 302 καὶ
711 273 790 313 μέχρι
809 273 935 312 Γαδείρων
959 273 1044 301 αὖτῶν
1065 272 1082 306 ἡ
1097 270 1254 301 δικαιοδοσία
1274 271 1546 312 τοῦιχαρτοφύλακος,
1564 272 1586 300 εἰ
1600 270 1659 304 δοίη
1673 280 1713 302 τις
1727 266 1839 296 κᾶκεῖσέ

146 330 218 351 τινας
233 325 368 346 κατοικεῖν
382 317 567 355 ὑποκειμένους
584 321 622 354 τῷ
636 319 720 357 θρόνιμ
733 318 781 351 τῆς
798 315 1110 349 Κωνσταντινουπόλεως.

185 361 252 394 Jam
266 371 348 398 vero,
365 362 443 402 quod
468 361 606 402 praesidet
634 362 698 402 ipse
724 362 882 394 duodecim
913 371 967 402 pa-

146 407 356 440 triarchalibus
372 407 507 445 notariis,
536 417 602 439 eam
630 417 665 439 ex
695 408 767 439 sede
796 408 883 439 ﬁdem
913 408 968 439 ha-

145 452 296 490 bentibus,
323 461 411 492 quam
446 451 557 483 habent
585 452 742 484 duodecim
773 453 881 483 notarii
909 457 968 484 tam

145 497 223 536 Veli,
241 505 329 538 quam
343 495 538 536 Hippodromi
561 497 698 537 judicum
725 497 822 533 (mitto
839 506 968 537 namque

143 542 259 579 dicere,
274 541 320 572 bis
341 541 520 572 duodecim:
549 550 616 572 cum
646 542 883 581 patriarcharum
909 542 966 572 hu-

145 586 272 618 manitas
301 590 331 616 et
358 585 519 616 submissio
549 586 663 626 petrahi
692 595 725 617 se
753 595 810 616 non
841 585 970 626 patiatur

144 631 181 662 ad
197 629 393 663 everteudum
410 639 457 667 ea,
484 639 550 670 quae
563 630 727 670 antiquitus
753 631 782 661 in
809 640 863 661 usu
878 634 967 668 sunt),

146 685 181 706 ac
196 676 311 706 ratione
325 673 486 710 consimili,
502 674 580 714 quod
609 675 748 714 praesidet
769 679 838 706 ante
855 679 967 706 metro-

146 722 294 763 politanos
304 722 333 752 in
344 720 540 752 electionibus
556 720 763 762 episcoporutn
777 721 813 752 ad
830 725 967 753 vacantes

1049 362 1084 391 Τὸ
1106 361 1133 389 δὲ
1162 363 1342 400 προκαθησθαι
1371 365 1463 390 τοῦτον
1491 360 1636 394 ἃιῆεκάδος
1672 370 1836 400 πατριαρχι-

1009 409 1064 434 κῶν
1085 407 1212 445 νοταρίων
1234 406 1400 436 αὖτοπιστίαν
1429 406 1560 447 ἐχόντων,
1589 406 1651 434 οἵαν
1679 405 1738 445 ἔχει
1759 404 1804 432 καὶ
1818 404 1835 437 ἡ

1009 449 1124 483 δωδεκὰς
1145 454 1198 479 τῶν
1221 454 1267 479 τοῦ
1282 450 1369 485 Βήλου
1397 451 1442 479 καὶ
1469 454 1515 479 τοῦ
1543 446 1718 490 Ἱπποδρόμου
1739 449 1836 488 κριτιῖιν

1011 494 1059 534 (ἐῶ
1080 495 1130 534 γὰρ
1158 496 1243 524 εἰπεῖν
1273 494 1418 527 δωδεκάδος
1443 494 1552 532 διπλῆς,
1574 494 1614 523 δια
1637 495 1690 523 τῶν
1712 503 1839 532 πατριαρ-

1009 542 1068 579 χῶν
1102 540 1118 573 ἦ
1147 539 1328 579 φιλανθρωπία
1362 541 1407 568 καὶ
1436 538 1630 579 συγ-κατάϐασις
1652 539 1704 578 οὐχ
1732 538 1837 566 ἕλκεται

1008 585 1074 623 πρὸς
1101 584 1230 623 ἀναίρεσιν
1259 588 1312 613 τῶν
1344 585 1540 623 νενομισμένων
1571 582 1722 622 ἀνέκαθεν),
1744 582 1837 610 ὡσαύ-

1009 639 1062 660 τως
1078 629 1121 657 καὶ
1148 630 1178 657 τὸ
1207 629 1387 669 προκαθῆσται
1415 629 1469 658 τῶν
1498 628 1703 669 μητροπολιτών
1725 627 1752 656 ἐν
1774 633 1837 659 ταῖς

1010 673 1109 712 ψήφοις
1150 677 1203 701 τῶν
1253 677 1426 714 χηρευουσῶν
1475 674 1632 713 ἁγιωτάτων
1673 672 1837 712 ἐκκλησιῶν,

1009 718 1052 745 καὶ
1093 717 1120 745 ὲν
1161 724 1222 750 ταῖς
1264 718 1356 752 ἔξωθεν
1396 722 1442 747 τοῦ
1483 722 1679 758 πατριαρχικοῦ
1712 718 1835 756 βήματος

145 761 297 803 ecclesias,
316 769 345 796 et
359 765 435 796 iniis
448 764 575 806 publicis
585 766 805 806 congressibus,
823 768 872 806 qui
884 774 924 798 ext

1043 762 1158 800 θομέναις
1178 769 1283 795 κοιναῖς
1304 762 1496 803 συνελεύσεσιν,
1526 762 1595 791 ἀλλὰ
1623 763 1677 800 μὴν
1706 762 1750 790 καὶ
1771 761 1835 800 ἐορ-

144 810 338 852 patriarcbale
353 809 483 841 tribunal
497 809 582 850 ﬁunt,
599 810 658 840 imo
669 811 757 841 etiam
776 810 806 842 in
821 811 963 842 festorum

146 855 272 897 publicis
285 854 463 886 caerimoniis
477 858 565 895 atque
573 855 779 893 conventibus,
793 865 852 886 non
868 856 964 887 solum

143 900 224 940 ipsas
238 899 315 930 intra
330 902 429 940 partes
453 898 598 936 ecclesiae,
630 908 731 930 verum
757 899 846 931 etiam
862 900 966 940 quovis

143 945 174 975 in
190 944 267 983 loco,
283 943 362 984 quod
378 943 455 974 nulli
479 952 652 974 concessum
679 947 726 974 est
753 943 878 976 diacono
894 953 964 985 pro-

144 993 246 1030 pterea
259 988 338 1029 quod
353 987 475 1019 disertis
486 987 586 1019 verbis
600 997 617 1018 a
632 996 705 1019 xvut
714 997 829 1020 canone
857 993 965 1020 sanctae

142 1043 177 1065 ac
185 1032 359 1064 universalis
369 1033 473 1073 primae
489 1032 596 1072 synodi
615 1033 808 1071 prohibeatur
819 1042 825 1064 ε
835 1042 962 1073 quonam

142 1087 241 1119 quaeso
256 1077 381 1117 referes,
397 1076 518 1107 auditor
528 1076 773 1116 prudentissime?
783 1077 912 1109 Omnino
923 1078 963 1108 fa-

141 1122 252 1154 teberis
266 1122 373 1153 horum
395 1120 528 1152 omnium
560 1125 735 1160 potestatem
763 1122 791 1152 ei
820 1122 961 1154 tributam

140 1171 309 1208 propterea,
322 1165 400 1206 quod
413 1165 596 1196 existimetur
607 1174 674 1196 esse
698 1175 742 1200 os,
769 1170 798 1196 et
827 1166 918 1203 labra,
935 1172 964 1198 et

143 1221 249 1242 manus
277 1211 405 1250 quodam
433 1209 521 1240 modo
552 1210 738 1250 patriarchae.
770 1211 888 1251 Abripit
916 1221 964 1244 me

143 1256 283 1297 proclivis
298 1255 426 1296 impetus
441 1253 545 1292 animi,
572 1258 602 1284 nt
630 1254 739 1292 dicam,
770 1259 799 1286 et
827 1261 963 1288 accurate

139 1300 299 1338 declarem,
316 1308 407 1340 quam
422 1298 459 1329 ob
475 1307 593 1329 causam
608 1308 696 1339 supra
721 1304 843 1331 caeteros
857 1301 962 1341 prmsi-

139 1345 193 1376 des
208 1345 287 1375 solus
304 1342 500 1374 chartulat'ius
516 1343 637 1374 ordines
662 1344 881 1376 ecclesiasticos
896 1355 962 1376 ma-

135 1390 212 1431 joris
224 1388 409 1420 auctoritatis
424 1397 512 1418 causa
525 1388 662 1427 geminos
688 1389 806 1426 habeat,
839 1390 960 1430 episco-

138 1434 293 1475 pianorum
304 1433 451 1469 videlicet,
464 1432 727 1463 acsecreticorum.
743 1434 801 1464 Sed
810 1435 959 1474 'quoniam

1005 807 1126 844 τασίμοις
1160 806 1309 845 πανδήμοις
1337 807 1475 840 τελευταῖς
1504 819 1532 836 τε
1560 807 1604 836 καὶ
1640 807 1833 846 πανηγύρεσιν,

1006 852 1036 880 οὗ
1064 852 1144 889 μόνον
1165 852 1239 884 ἐντὸς
1265 855 1318 881 τῶν
1346 855 1396 884 τῆς
1429 852 1573 886 ἐκκλησίας
1609 854 1708 892 μερῶν,
1731 849 1791 879 ἀλλ’
1809 851 1837 879 ἐν

1006 896 1081 933 τόπῳ
1116 897 1205 934 παντὶ,
1240 896 1304 936 ὅπερ
1339 896 1422 925 οὒδενὶ
1457 896 1572 933 διακόνῳ
1608 895 1834 936 πεφιλοτίμηται,

1007 939 1049 969 διὰ
1075 942 1106 968 τὸ
1141 941 1227 980 ῥητῶς
1256 942 1308 970 ὑπὸ
1336 945 1383 970 τοῦ
1414 936 1454 976 ιη¹
1481 942 1590 973 κανύνος
1619 943 1669 974 τῆς
1692 940 1770 979 ἁγίας
1791 941 1836 967 καὶ

1007 985 1191 1023 οίκοομενικῆς
1213 986 1320 1025 πρώτης
1347 985 1446 1015 σποδοῦ
1459 985 1617 1025 κωλύεσθαι,
1647 988 1699 1013 ποῦ
1727 985 1834 1020 θήσεις,

1006 1031 1121 1071 ἂκροατᾶ
1153 1032 1338 1072 συνετώτατε;
1380 1033 1489 1064 Πάντως
1530 1031 1562 1059 ἂν
1601 1030 1690 1062 εἴποις
1733 1031 1836 1058 τούτων

1005 1077 1111 1104 πάντων
1139 1076 1244 1111 δοθῆναι
1272 1077 1322 1110 τὴν
1340 1075 1457 1109 ὶξουσίαν
1487 1077 1569 1114 αὐτῷ,
1592 1075 1634 1103 διὰ
1659 1077 1690 1103 τὸ
1725 1074 1835 1114 λογίζε-

1005 1122 1062 1149 σθαι
1084 1121 1180 1159 στόμα,
1204 1122 1248 1149 καὶ
1277 1121 1370 1161 χείλη,
1398 1121 1442 1149 καὶ
1470 1127 1566 1161 χεῖρας
1594 1120 1690 1148 ὡσανεὶ
1704 1131 1835 1159 πατριαρ-

1004 1166 1096 1204 χικάς.
1115 1161 1211 1194 ιἘλιιιει
1239 1176 1273 1203 με
1301 1167 1331 1194 τὸ
1356 1166 1489 1205 πρόθυμον
1518 1166 1603 1193 εἰπεῖν
1625 1165 1669 1193 καὶ
1683 1164 1832 1203 ὑπεξεργά-

1004 1212 1108 1248 σασθαι,
1138 1210 1207 1242 τίνος
1233 1210 1311 1250 χάριν
1340 1210 1411 1248 παρᾶ
1438 1210 1499 1241 τοὺς
1527 1209 1622 1241 ἄλλους
1651 1208 1831 1249 προκαθημέ-

1003 1265 1062 1287 νους
1084 1256 1098 1283 ὃ
1127 1254 1294 1295 χαρτοφύλαξ
1323 1255 1366 1282 καὶ
1389 1254 1468 1292 μόνος
1495 1253 1594 1286 διττοῖς
1632 1252 1828 1287 ἐκκλησιαστι-

1003 1306 1064 1331 κοῖς
1100 1299 1286 1339 μεγαλύνεταιν
1307 1299 1450 1338 τάγμασιν,
1480 1298 1697 1330 ἑπισκοπειανοῖς
1725 1298 1833 1334 δηλαδὴ

1003 1345 1046 1372 καὶ
1067 1338 1241 1384 σεκρετικοῖς.
1269 1338 1334 1372 ’Ὀτι
1349 1343 1376 1371 δὲ
1398 1346 1447 1376 τῆς
1475 1344 1574 1372 τούτων
1602 1343 1728 1381 εὑρέσεως
1757 1344 1832 1373 ὐπο-

1002 1388 1084 1429 ὂάθρα
1120 1400 1161 1422 τις
1204 1389 1336 1426 τιμήεσσα
1370 1389 1518 1428 πρόκειται,
1561 1389 1605 1416 καὶ
1646 1389 1677 1416 τὸ
1718 1392 1834 1428 πρᾶγμα

1001 1432 1152 1473 παρακαλεῖ
1178 1433 1222 1461 καὶ
1257 1433 1354 1466 ταύτην
1391 1433 1660 1472 ἆργυρογνωμονῆσαι
1703 1432 1744 1461 διὰ
1778 1434 1833 1467 τὴν

137 1477 330 1509 institutionis
344 1477 450 1508 horum
467 1477 584 1516 insigne
599 1477 747 1517 quoddam
776 1478 924 1510 fundamet

1043 1489 1050 1510 ;
1084 1477 1207 1511 ἀληθείας
1235 1477 1409 1517 παράστασιν,
1440 1477 1608 1515 ἂναμεινάτω
1633 1479 1699 1517 πρὸς
1734 1479 1834 1517 μικρὸν

138 1527 198 1553 tum
215 1526 271 1560 est,
287 1531 321 1552 ac
335 1530 384 1552 res
398 1522 462 1562 ipsa
476 1521 614 1562 postulat,
644 1522 700 1552 hoc
721 1522 819 1562 ipsum
841 1533 960 1564 quoque

138 1567 269 1598 veritatis
283 1565 463 1599 exhibendce
487 1575 576 1597 causa
592 1566 753 1598 examinari
774 1576 781 1599 :
808 1568 961 1609 paulisper

136 1611 308 1642 differamus
333 1619 397 1641 eam
425 1609 601 1648 orationem,
640 1620 698 1651 qna
726 1611 912 1652 supradictos
928 1614 958 1644 in

136 1655 257 1686 ordines
282 1654 491 1695 disquiremus,
522 1663 556 1686 ac
585 1655 740 1693 dicamus;
762 1656 955 1696 quamobrem

135 1705 243 1741 praeter
250 1699 292 1738 id,
302 1699 381 1740 quod
392 1699 486 1730 sacris
498 1699 664 1730 canonibus
675 1699 855 1738 continetur,
872 1701 958 1732 char-

134 1744 258 1776 tularius
272 1744 465 1775 diaconorum
480 1743 510 1774 in
538 1753 664 1774 numero
689 1744 868 1783 consistens,
886 1750 956 1777 ante

135 1788 289 1830 pontiﬁces
301 1788 413 1820 sedeat.
429 1787 498 1819 Haec
514 1787 683 1828 pervulgata
708 1789 832 1828 quaestio
863 1791 955 1821 multa

133 1832 258 1864 diversis
285 1832 471 1872 temporibus
495 1831 634 1863 excitavit
651 1832 803 1874 scandala,
820 1836 957 1875 varieque

133 1877 296 1918 disceptata
321 1876 376 1907 fuit
400 1876 479 1907 inter
507 1876 715 1907 chartularium
744 1881 774 1908 et
800 1878 955 1918 pontiﬁces

133 1920 677 1961 soliiConstantinopolitani.Cumque
693 1922 823 1961 cognitio
833 1923 957 1962 patriar-

136 1966 240 2004 chalis,
252 1964 442 2007 pontiﬁcibus
448 1965 559 2005 favens,
567 1965 681 1996 eisdem
689 1966 786 1998 obiter
794 1967 952 2009 arrideret,

133 2010 170 2041 ob
181 2010 303 2041 indicati
315 2010 453 2051 superius
459 2009 582 2041 canonis
588 2011 765 2042 sententiam
779 2020 786 2042 :
807 2012 952 2051 prolatum

133 2059 178 2086 est
199 2055 332 2086 edictum
354 2054 511 2086 clarissimi
538 2054 692 2095 principis,
723 2055 837 2086 domini
858 2056 955 2088 Alexii

133 2099 287 2137 Comnenil
298 2108 357 2140 quo
373 2099 436 2130 haec
450 2099 487 2129 ad
502 2097 624 2129 verbum
640 2100 832 2130 continentur
845 2110 852 2132 :

176 2156 187 2173 ιι
205 2143 408 2176 Ecclesiastici
425 2143 491 2183 (62)
504 2143 608 2174 decori
619 2153 721 2175 curam
736 2144 875 2184 majestas
889 2155 954 2177 mea

130 2198 248 2229 gerens,
267 2193 297 2220 et
310 2197 377 2220 cum
390 2187 419 2219 in
448 2187 532 2219 omni
562 2187 640 2218 civili
667 2192 747 2220 statu
777 2189 888 2220 bonum
903 2199 953 2221 or-

129 2233 230 2264 dinem
237 2232 406 2274 requirens,
421 2236 482 2263 tum
495 2232 550 2263 hoc
561 2231 591 2262 in
598 2232 747 2264 studiosus
763 2233 951 2272 incumbens,

129 2281 161 2309 ut
176 2277 202 2308 is
225 2277 318 2317 magis
345 2277 434 2308 etiam
460 2277 552 2308 sacris
579 2276 610 2306 in
639 2277 731 2308 rebus
751 2277 950 2318 observetur;

129 2322 284 2363 privilegia
305 2321 413 2361 cuique
435 2321 579 2362 graduum
606 2321 877 2354 ecclesiasticarum
889 2324 951 2364 jam

128 2367 199 2398 olim
216 2366 336 2408 tributa,
353 2375 482 2407 eumque
497 2371 616 2405 statum,
633 2367 684 2406 qui
699 2367 844 2398 hactenus
861 2368 891 2399 in
907 2369 950 2400 eis

126 2411 227 2452 viguit,
244 2411 334 2442 etiam
349 2411 494 2452 deinceps
510 2411 726 2443 immutabilem
742 2412 904 2444 subsistere
917 2423 951 2445 ac

128 2464 305 2496 permanere
319 2455 409 2496 cupit,
427 2460 456 2486 et
480 2465 597 2496 zequum
628 2460 742 2494 censet,
763 2457 951 2489 sanctissime

127 2500 258 2538 domine,
289 2500 370 2531 velut
397 2509 414 2530 a
438 2503 481 2531 tot
508 2500 596 2531 annis
623 2505 790 2541 acceptum,
817 2505 845 2531 et
859 2501 948 2541 longo

122 2545 185 2584 jam
200 2544 296 2584 spatio
313 2544 457 2585 temporis
472 2544 672 2581 observatum,
697 2550 726 2575 et
741 2546 894 2586 perpetuis
909 2546 946 2578 ab

124 2599 183 2620 uno
200 2593 334 2630 tempore
348 2589 378 2620 in
393 2589 474 2620 aliud
504 2590 764 2630 progressionibus
793 2591 949 2632 hucusque

125 2633 199 2665 citra
223 2633 417 2665 mutationem
440 2634 581 2675 praeclare
610 2635 818 2666 conﬁrmatum
834 2645 868 2666 ac
884 2640 946 2666 sta-

1001 1524 1015 1551 ὁ
1049 1522 1130 1562 λόγος
1157 1523 1207 1556 τὴν
1236 1526 1288 1550 τῶν
1323 1522 1454 1561 ῥηθέντων
1489 1522 1635 1561 ταγμάτων
1669 1523 1831 1558 συζήτησιν.

1000 1566 1045 1595 καὶ
1057 1566 1163 1606 ῥητέον,
1178 1566 1247 1598 τίνος
1277 1566 1357 1606 χάριν
1387 1567 1457 1605 παρὰ
1483 1566 1532 1600 τὴν
1551 1569 1604 1594 τῶν
1638 1566 1714 1594 θείων
1739 1568 1831 1595 κανό-

1000 1621 1051 1639 νων
1087 1610 1240 1650 μερίληψιν,
1269 1610 1296 1638 ἐν
1324 1609 1455 1642 διακόνοις
1490 1612 1504 1639 ὁ
1530 1609 1698 1650 χαρτοφόλαξ
1725 1614 1832 1640 ταττό-

999 1665 1088 1692 μενος⁷
1134 1656 1186 1684 τῶν
1227 1655 1373 1695 ἀρχιερέων
1415 1655 1593 1694 προκάθηται,
1636 1656 1672 1684 Τὸ
1713 1656 1829 1694 ζήτημα

997 1703 1074 1728 τοῦτο
1088 1700 1118 1728 τὸ
1145 1699 1358 1738 πολυθρίλλητον
1390 1698 1477 1729 πολλὰ
1504 1699 1572 1728 κατὰ
1600 1698 1736 1739 διαφόρους
1759 1711 1828 1728 και-

997 1745 1056 1785 ροὺς
1084 1744 1205 1783 ἀνήγειρε
1236 1743 1379 1784 σκάνδαλα,
1401 1745 1446 1772 καὶ
1470 1743 1575 1783 μεγάλη
1604 1744 1696 1772 τούτου
1723 1743 1825 1778 κατεξ-

998 1789 1085 1821 έτασις
1114 1789 1206 1828 γέγονε
1249 1788 1329 1826 μέσον
1372 1793 1418 1818 τοῦ
1459 1787 1662 1829 χαρτοιρύλακος
1697 1789 1741 1818 καὶ
1768 1790 1830 1818 τῶν

997 1833 1142 1873 ἇρχιερρων
1183 1837 1230 1862 τοῦ
1269 1833 1360 1872 θρόνου
1411 1835 1462 1866 τῆς
1506 1833 1828 1867 Κωνσταντινουπόλεως,

999 1879 1048 1907 Καὶ
1062 1878 1132 1918 τάχο
1154 1877 1298 1915 μειδιώσης
1323 1877 1467 1917 ἀκροθιγῶς
1494 1880 1544 1911 τῆς
1565 1878 1631 1916 ὑπὲρ
1659 1880 1712 1906 τῶν
1729 1878 1829 1918 ἀρχιε-

998 1922 1063 1962 ρέων
1086 1922 1282 1962 πατριαρχικῆς
1304 1921 1471 1962 διαγνώσεως
1501 1921 1543 1950 διὰ
1570 1923 1616 1950 τὸν
1644 1926 1691 1950 τοῦ
1724 1922 1828 1961 ῥηθέν-

994 1978 1039 1999 τος
1061 1967 1185 2006 ἀνωτέρω
1218 1967 1328 1998 κανόνος
1349 1966 1503 2007 περίληψιν,
1526 1967 1705 2006 προεκομίσθη
1733 1967 1827 2006 πρόσ-

994 2022 1083 2050 ταγμα
1116 2011 1164 2040 τοῦ
1192 2010 1310 2048 ἀοιδίμου
1347 2010 1490 2051 βασιλέως,
1531 2016 1610 2051 κυροῦ
1645 2010 1760 2044 Ἀλεξίου
1774 2017 1826 2042 τοῦ

996 2059 1145 2094 Κομνηνοῦ,
1161 2054 1222 2086 τάδε
1236 2055 1304 2084 κατὰ
1317 2055 1392 2094 ῥῆμα
1407 2054 1585 2093 διαλαμϐάνον
1601 2063 1609 2070 ⁸

1038 2155 1050 2174 α
1075 2140 1107 2173 Ἠ
1132 2143 1251 2182 βασιλεία
1272 2155 1323 2182 μου
1352 2144 1400 2177 τῆς
1426 2143 1649 2178 ἐκκλησιαπικῆς
1679 2145 1824 2183 εὖκοσμίας

994 2189 1173 2230 φροντίζουσα,
1203 2189 1247 2217 καὶ
1281 2189 1312 2217 τὸ
1340 2189 1465 2216 εὔτακτον
1506 2189 1550 2217 καὶ
1590 2188 1618 2216 ἐν
1653 2190 1732 2217 παντὶ
1768 2191 1822 2226 μὲν

993 2237 1107 2269 ζητοῦσα
1136 2237 1175 2271 τῷ
1216 2232 1400 2272 πολιτεύματι,
1439 2232 1563 2262 ἐπιπλέον
1599 2231 1626 2260 δὲ
1654 2239 1713 2265 τοῖς
1739 2234 1822 2267 θείοις

993 2278 1070 2306 τοῦτο
1111 2277 1304 2306 ἐπολιτεύεσθαι
1352 2276 1395 2304 διὰ
1443 2276 1560 2311 σπουδῆς
1607 2277 1743 2316 τιθεμένη,
1786 2279 1823 2307 τὰ

993 2322 1110 2362 ἆρχῆθεν
1160 2320 1381 2359 ἀπονενεμημένα
1431 2322 1562 2360 προνόμια
1610 2322 1715 2359 ἑκάστῳ
1765 2326 1822 2350 τῶν

993 2366 1219 2400 ἐκκλησιαπικῶν
1245 2366 1364 2403 βαθμῶν,
1408 2366 1452 2393 καὶ
1492 2367 1543 2400 τὴν
1579 2365 1644 2406 ἄχρι
1672 2367 1717 2394 καὶ
1743 2365 1821 2406 δεῦρο

993 2411 1205 2450 ἐπικρατήσασαν
1251 2410 1279 2438 ἐν
1314 2411 1417 2442 τούτοις
1463 2411 1634 2449 κατάστασιν,
1676 2411 1745 2440 κατὰ
1787 2413 1821 2440 τὸ

991 2455 1167 2485 ἀναλλοίωτον
1195 2455 1239 2484 καὶ
1271 2455 1308 2486 είς
1349 2456 1380 2483 τὸ
1408 2454 1468 2488 ἑξῆς
1501 2462 1571 2484 εῖναι
1599 2456 1643 2484 καὶ
1684 2454 1819 2494 διαμένειν

991 2501 1112 2540 βούλεταί
1125 2511 1152 2528 τε
1178 2500 1222 2528 καί
1243 2498 1358 2536 εὐδοκεῖ,
1387 2499 1518 2538 ἁγιώτατε
1546 2498 1671 2539 δέσποτα,
1701 2500 1737 2532 ὣς
1770 2506 1820 2534 καὶ

989 2544 1202 2586 παραδεχθεϊσαν
1236 2543 1278 2571 διὰ
1308 2543 1441 2572 τοσούτων
1470 2543 1550 2582 ἐτῶν,
1578 2544 1622 2572 καὶ
1656 2547 1696 2581 τῷ
1721 2549 1821 2585 μακρῷ

989 2591 1079 2631 χρόνῳ
1107 2588 1379 2628 ἐμπολιτευσαμένην,
1420 2589 1464 2616 καὶ
1499 2589 1561 2621 ταῖς
1597 2588 1643 2616 ἀπ’
1673 2588 1755 2617 ἄλλου
1783 2591 1822 2624 εἷς

989 2634 1069 2664 ἄλλον
1089 2634 1157 2662 κατὰ
1184 2634 1214 2661 τὸ
1236 2631 1428 2665 ἀνεξάλλακτον
1442 2632 1494 2664 ἕως
1521 2637 1568 2661 τοῦ
1596 2636 1641 2661 νυν
1669 2632 1823 2672 μεταϐήσε-

903 2719 1027 2752 NOTAE.

164 2786 230 2828 (62)
244 2785 321 2818 Vide
334 2785 484 2818 Novellam
496 2794 515 2817 ι
530 2785 625 2817 Alexii
640 2785 797 2818 Comneni.
