1917 3080
63 161 138 194 1193

720 163 1067 196 ϐΒΔΕῦΟ-ΒΟΜΑΝΠΜ
1074 188 1082 197 .

1666 164 1744 196 1194

60 239 99 256 σιν
113 229 294 269 ἐπικριθεῖσαν
322 230 370 258 καὶ
399 229 590 268 βιϐαιωθεῖσαν
618 230 718 263 καλῶς.
742 230 817 260 Ἐπεὶ
851 229 877 257 δὲ

979 235 1047 262 lum.
1079 230 1152 267 Quia
1179 240 1247 262 vero
1270 240 1348 262 nunc
1377 232 1517 271 majestas
1542 241 1609 263 mea
1627 231 1742 267 didicit,

61 276 102 301 νῦν
117 274 134 307 ἦ
157 273 278 312 βασιλεία
303 286 353 312 μου
379 275 469 313 μάθοι,
495 275 532 308 ὥς
554 286 623 307 τινες
658 276 711 304 τῶν
738 276 883 315 ἀρχιερέων

60 317 334 358 ἀντιφιλοτιμούμενοι
364 322 505 360 πειρῶνται
534 321 564 349 τὸ
595 324 641 349 τοῦ
683 320 883 360 χαρτοφύλακος

60 361 215 391 ὑποϐιϐάσαι
244 365 398 404 προνόμιον,
430 366 474 393 καὶ
501 365 612 397 κανόνας
641 366 676 398 εἷς
713 365 792 403 μέσον
819 375 884 404 προ-

60 407 194 447 φέροντες,
223 407 265 436 διὰ
293 410 392 438 τούτων
430 409 606 451 φιλονεικοῦσι
636 410 675 448 μὴ
706 411 883 450 προκαθῆσθαι

60 453 139 480 αὖτὸν
166 456 219 481 τῶν
241 453 400 494 ἀρχιερέων,
430 455 544 488 ὁπηνίκα
565 454 617 483 δέοι
652 455 758 486 τούτους
793 454 886 493 συνέρ-

60 498 154 536 χεσθαι
170 497 237 525 κατά
259 510 317 527 τινα
348 499 451 538 χρείαν,
473 500 516 527 καὶ
541 498 712 539 συνεδριάζειν
733 499 800 527 κατὰ
820 509 886 527 ταυ-

59 542 115 577 τὸν,
146 543 198 580 πρὸ
219 544 269 576 τῆς
291 544 327 575 εἰς
361 544 412 578 τὴν
446 544 595 584 ἁγιωσύνην
623 555 669 572 σου
705 543 885 583 εἱσελεύσεως,

59 586 108 614 οὒκ
129 585 278 626 ἀνασχετὸν
312 591 345 626 τῇ
372 588 492 627 βασιλείᾳ
527 600 578 627 μου
605 588 685 626 ἔδοξε,
714 592 824 628 πρᾶγμα
845 587 888 616 διὰ

56 631 185 659 τοσούτου
200 632 297 672 χρόνου
323 633 490 671 βασανισθὲν,
514 634 556 662 καὶ
583 641 641 666 τοῖς
662 634 721 672 ’πρὶν
756 633 886 673 πατριάρ-

58 686 125 714 χαις
161 677 205 704 καὶ
244 683 304 709 τοῖς
342 677 432 711 ἄλλοις
473 678 650 718 ἆρχιερευσιν,
680 678 747 707 ἀλλὰ
775 677 807 711 δὴ
842 677 886 706 καὶ

59 720 153 752 αὺτοῖς
181 727 239 754 τοῖς
261 725 305 750 νῦν
333 722 378 750 οὖι
408 722 451 751 ἐπ’
484 723 586 762 εὐλόγῳ
613 723 724 762 ἒρίζουτι
750 722 884 761 πράγματι

58 762 102 791 διὰ
124 767 175 798 τῆς
205 765 373 804 πολυημένου
401 766 495 807 δεχθὲν
523 767 637 804 σιιιγπῆς,
666 767 733 795 κατὰ
766 767 797 795 τὸ
820 777 884 806 ’παρ¹

58 808 139 838 ἑλκον
155 810 325 851 ἀθετηθῆναι,
354 812 397 840 καὶ
413 813 449 843 ὥς
463 823 488 840 τι
510 815 562 840 τῶν
590 811 768 850 ἠμελημένων
796 823 885 851 παρα-

58 856 183 893 συρῆναι.
227 856 316 885 Τοίνυν
345 857 390 884 καὶ
423 856 559 896 διορίζεται
595 857 731 897 πράγματι
778 855 885 895 εὔλογον

57 900 104 926 καὶ
133 899 202 926 πάνυ
230 898 329 929 δίκαιον
370 904 458 932 τοῦτο.
490 902 518 930 Εἰ
546 901 595 940 μὲν
622 902 672 942 γὰρ
699 903 815 941 αἱροῖντο
843 903 886 929 καὶ

57 942 142 971 πάλιν
174 945 197 971 οἱ
219 943 356 984 ἀρχιερεῖς
385 945 424 983 μὴ
446 952 530 974 κινεῖν
560 947 590 974 τὺ
612 946 734 984 ἀκίνητα,
758 945 826 983 μηδὲ
853 945 887 973 τὰ

56 994 119 1020 τοῖς
141 988 202 1027 πρὶν
229 987 372 1028 δεδογμένα
402 990 544 1029 Πατράσιν,
572 989 640 1019 ἀλλὰ
667 989 699 1024 δὴ
730 991 774 1018 καὶ
795 991 886 1022 αὐτοῖς

56 1030 103 1059 διὰ
139 1032 188 1066 τῆς
217 1037 319 1073 μακρᾶς
348 1033 504 1067 συνδόξαντα
530 1037 645 1071 σιωπῆς,
682 1035 726 1063 καὶ
755 1037 803 1068 τῆς
836 1034 886 1066 ἕως

56 1079 106 1104 τοῦ
122 1081 167 1106 νῦν
188 1077 304 1118 ἀνοχῆς,
329 1078 359 1106 ὲκ
386 1077 562 1117 παλιμϐολίας
589 1079 677 1119 ὥσπερ
705 1078 886 1114 ἆναπαλαίειν,

57 1121 88 1149 εὗ
112 1119 146 1148 ἂν
172 1121 245 1162 ἔχοι,
273 1124 317 1150 καὶ
345 1124 434 1163 χάρις,
459 1123 499 1152 ὅτι
520 1125 551 1152 τὸ
565 1124 686 1164 μάχιμον
701 1123 885 1161 καταθέμενοι,

55 1166 88 1193 τὸ
121 1166 257 1205 εἰρηναϊον
285 1169 521 1206 προτετιμήκασιν,
547 1169 575 1196 Εἰ
604 1167 631 1196 δὲ
653 1169 696 1196 καὶ
722 1168 759 1196 ἔτι
788 1168 886 1197 τούτων

56 1209 130 1241 τινὲς
166 1213 220 1237 τῶν
254 1215 301 1239 τοῦ
348 1213 456 1244 κανόνος
501 1213 628 1251 ῥημάτων
662 1212 884 1252 ἀντιποιούμενοι,

59 1254 128 1293 (τῆς
158 1255 208 1294 γὰρ
243 1255 343 1288 ἕννοίας
383 1256 472 1296 πόρῤω
499 1256 719 1297 ἂποδιεστήκασι)
746 1260 887 1297 πειρῶνται

54 1300 87 1327 τὸ
113 1299 215 1328 οἰκεῖον
236 1303 363 1335 συστῆσαι
384 1301 500 1342 Θέλημα,
526 1303 570 1330 καὶ
604 1302 647 1331 ἐπὶ
667 1303 698 1330 τὸ
725 1300 838 1330 ἄτακτον
859 1302 888 1330 οὐ

925 275 1067 315 quosdam
1084 275 1238 316 pontiﬁces
1252 275 1414 307 ambitione
1439 276 1564 316 quadam
1589 276 1744 316 impulsos,

926 319 1095 350 chartularii
1123 319 1295 360 dignitatem
1326 320 1497 361 deprimere
1525 321 1612 358 velle,
1635 330 1746 361 perque

926 373 1055 395 canones
1070 364 1100 395 in
1116 365 1246 396 medium
1263 365 1424 405 productos
1434 366 1690 398 contenderenon
1703 365 1747 396 illi

926 409 1089 440 sessionem
1119 418 1207 450 supra
1232 409 1386 449 pontiﬁces
1416 414 1598 450 competere,
1630 410 1747 450 quoties

929 452 972 482 eis
992 452 1118 493 alicujus
1144 453 1253 493 negotii
1278 463 1364 485 causa
1392 454 1629 486 conveniendum
1645 455 1694 492 sit,
1720 458 1750 485 et

927 506 985 527 una
1009 497 1225 528 considendum
1248 498 1278 528 in
1303 503 1419 534 senatu,
1446 503 1516 530 ante
1540 508 1694 530 accessum
1711 499 1746 529 ad

928 542 1113 573 sanctitatem
1140 547 1218 573 tuam
1238 553 1244 574 :
1268 543 1390 574 minime
1414 544 1570 575 ferendum
1602 543 1748 583 majestati

929 595 1003 617 mea:
1017 586 1110 617 visum
1126 593 1183 623 est,
1201 591 1232 617 ut
1244 596 1292 618 res
1312 591 1390 618 tanto
1409 589 1469 628 jam
1489 593 1621 629 tempore
1638 588 1747 628 proba-

929 634 968 666 ta,
988 635 1042 662 eta
1055 631 1258 671 superioribus
1283 632 1471 672 patriarchis,
1498 642 1533 664 ac
1559 633 1748 673 pontiﬁcibus

926 675 1002 713 aliis,
1028 679 1116 715 atque
1142 675 1202 706 illis
1230 676 1303 716 ipsis
1327 677 1412 717 adeo,
1438 677 1488 717 qui
1505 678 1567 717 jam
1591 687 1650 708 non
1669 679 1749 717 justa

926 719 964 750 de
979 729 1068 750 causa
1082 719 1224 757 rixantur,
1242 721 1382 752 diuturno
1398 721 1517 754 silentio
1539 722 1679 759 admissa,
1695 732 1749 753 ur-

926 768 1016 803 gente
1031 764 1111 795 nulla
1125 765 1238 796 ratione
1254 765 1418 802 aboleatur,
1435 771 1465 797 et
1481 767 1566 806 quasi
1582 767 1748 807 neglectum

928 808 1038 847 aliquid
1060 809 1253 840 convellatur.
1271 810 1458 852 Quapropter
1476 811 1616 851 quiddam
1642 813 1750 843 rationi

896 855 915 880 Β
928 853 1012 884 valde
1022 858 1255 885 consentaneum
1272 859 1301 885 et
1316 864 1432 895 aequum
1455 856 1567 887 statuit.
1593 856 1709 897 Quippe
1726 858 1751 888 si

927 897 1024 928 adhuc
1049 899 1203 938 pontiﬁces
1228 899 1350 930 immota
1384 909 1443 930 non
1471 910 1589 932 movere
1618 901 1749 938 vellent,

929 951 984 973 nec
997 952 1062 982 quae
1078 943 1216 983 placuere
1241 944 1404 984 superioris
1428 945 1579 976 memoriae
1601 946 1748 983 Patribus.

928 991 957 1017 et
970 987 1206 1028 ipsismet’longo
1221 988 1340 1019 silentio
1357 989 1559 1030 patientiaque
1573 991 1609 1021 ad
1628 991 1750 1022 hodier-

929 1040 998 1061 num
1021 1041 1117 1071 usque
1142 1031 1220 1063 diem
1238 1033 1428 1073 comprobata
1443 1033 1573 1069 fuerunt,
1591 1044 1624 1065 ex
1640 1035 1749 1066 incon-

929 1075 1035 1106 stantia
1043 1076 1127 1114 _velut
1143 1086 1313 1117 oppugnare
1325 1082 1406 1109 recte
1421 1078 1562 1116 facerent,
1581 1085 1611 1110 et
1634 1079 1749 1111 haben-

929 1119 974 1149 dae
989 1119 1060 1159 ipsis
1076 1120 1187 1160 gratiae,
1217 1122 1294 1162 quod
1316 1122 1432 1162 abjecto
1459 1124 1610 1164 pugnandi
1639 1125 1749 1163 studio,

929 1174 1031 1204 pacem
1049 1166 1145 1206 potius
1173 1167 1300 1206 amplexi
1321 1173 1430 1199 essent.
1450 1170 1490 1200 At
1506 1179 1573 1200 vero
1589 1171 1614 1201 si
1631 1171 1750 1211 quidam

929 1209 1025 1240 adhuc
1040 1210 1129 1242 verba
1146 1212 1268 1242 canonis
1283 1218 1470 1252 usurpantes,
1495 1214 1626 1254 (quando
1640 1209 1664 1246 ὀ
1679 1225 1749 1246 sen-

930 1255 1021 1300 tentia
1047 1255 1134 1295 longe
1167 1255 1285 1297 absunt)
1317 1257 1472 1288 libidinem
1503 1268 1585 1289 suam
1625 1260 1752 1300 probare

930 1298 1075 1337 nituntur,
1106 1300 1305 1341 ordinemque
1327 1302 1464 1342 nequiter
1492 1303 1522 1333 in
1548 1298 1751 1336 confusionem

54 1343 153 1376 καλῶς
187 1345 237 1378 τὴν
276 1345 347 1378 τάξιν
387 1345 615 1385 μεταϐιϐάζουσιν,
652 1347 682 1384 ἐᾷ
723 1347 771 1385 μὲν
800 1350 843 1375 νῦν
871 1347 887 1380 ἡ

982 1343 1131 1375 rdinatam
1139 1349 1335 1376 commutant:
1348 1347 1472 1377 Cononis
1484 1347 1604 1387 quidem
1615 1349 1753 1389 majestas

53 1388 183 1426 βασιλεία
199 1401 249 1427 μου
263 1391 312 1424 τὴν
339 1396 385 1421 τοῦ
413 1391 522 1424 κανόνος
551 1392 709 1432 ἑρμηνεῦσαι
737 1393 781 1420 καὶ
806 1403 887 1431 σαφη-

979 1397 998 1417 ιο
1012 1391 1180 1419 contextum
1210 1390 1398 1429 interpretari
1427 1400 1461 1422 ac
1483 1392 1636 1423 declarare
1651 1388 1752 1432 mittit,

54 1433 129 1461 νίσαι
146 1434 226 1474 ὑφὴν,
253 1435 351 1472 ῥᾴστην
373 1435 451 1464 οὖσαν
479 1435 678 1476 καταληφθῆναι
707 1437 750 1465 καὶ
776 1435 887 1476 διαγνω-

979 1436 1074 1472 rceptu
1090 1436 1118 1463 et
1133 1432 1285 1464 intellectu
1300 1434 1471 1466 facillimum
1494 1435 1541 1476 iis,
1559 1437 1609 1476 qui
1633 1438 1754 1468 subtili-

55 1479 156 1512 σθῆναι
187 1478 275 1511 καλῶς
312 1480 373 1512 τοῖς
410 1481 554 1518 βάπτουσιν
596 1481 632 1513 εἰς
673 1479 817 1521 ἀκρίϐειαν,
849 1484 887 1509 καῖ

979 1485 993 1507 e
1023 1477 1217 1515 suntimbuti,
1234 1483 1423 1519 mentemque
1451 1480 1572 1511 canonis
1596 1482 1752 1522 attingunt:

53 1525 207 1557 κανονικῆς
233 1524 333 1557 ἐννοίας
356 1525 521 1564 θιγγάνουσιν
538 1535 547 1544 ⁵
577 1527 639 1556 αὐτὸ
666 1525 693 1554 δὲ
721 1529 798 1554 τοῦτο
830 1526 892 1557 τοῖς

56 1569 234 1608 ἀρχιερεῦσιν
256 1569 376 1610 ἐπιτιμᾷ,
401 1570 425 1598 τί
457 1569 489 1606 δή
511 1581 576 1599 ποτε
596 1572 641 1599 τὸν
663 1571 760 1599 κανόνα
783 1569 890 1607 εἰδότες,

55 1615 104 1642 καὶ
137 1614 171 1641 τὰ
198 1614 305 1653 ῥήματα
333 1615 426 1645 τούτου
457 1614 677 1655 ἐξακριϐούμενοι,
715 1615 764 1649 τὴν
793 1616 892 1644 ἑαυτῶν

55 1657 213 1692 συνείδησιν
250 1659 398 1699 ἆνευλόγως
431 1659 579 1700 ἔπάτησαν,
620 1661 665 1688 καὶ
703 1663 750 1688 τοῦ
783 1659 891 1690 κανόνος

55 1703 327 1743 παραῤῥιπτουμένου
354 1704 508 1744 ἠνείχοντο,
536 1705 580 1733 καὶ
621 1705 670 1738 τὴν
696 1703 815 1744 ὕφεδρίαν
849 1704 892 1732 Eni

57 1752 117 1777 τῶν
154 1749 215 1788 πρὶν
249 1749 459 1789 χαρτοφυλάκων
503 1749 648 1785 ἠσπάζοντο
663 1757 670 1763 ·
718 1749 762 1777 καὶ
801 1749 892 1787 μισθὸν

55 1794 169 1825 τούτοις
197 1794 247 1826 τῆς
268 1797 320 1822 τῶν
343 1796 418 1834 ἱερῶν
446 1794 565 1823 κανόνων
601 1794 815 1834 περιφρονήσεως
844 1794 892 1827 τὴν

54 1839 104 1867 ἐπὶ
142 1838 192 1870 τὰς
235 1837 370 1878 λαχούσας
421 1839 514 1870 αὖτοὺς
557 1838 719 1872 Ἐκκλησιας
753 1837 891 1874 ἂπέλασιν,

54 1882 168 1918 δίδωσι,
197 1883 289 1911 κανόνι
329 1885 475 1923 στοιχοῦσα
508 1883 639 1912 κάνταῦθα
668 1882 891 1920 ἐκκλησιαστικῷ,

53 1930 104 1957 καὶ
149 1934 211 1959 τοῖς
253 1935 461 1968 περιφρονηταῖς
504 1929 555 1957 τῶν
610 1927 739 1965 κανόνων,
782 1927 895 1958 ἐκείνους

53 1974 158 2006 αὐτοὺς
200 1972 261 2004 τοὺς
302 1973 386 2012 ἱεροὺς
429 1973 541 2005 κανόνας
586 1973 621 2005 εἷς
665 1971 765 2010 ἄμύναν
804 1970 896 2004 ἆνττξ-

53 2019 180 2058 ἄγουσα.
202 2028 215 2046 ι

100 2063 158 2092 Καὶ
194 2062 252 2091 ἐπεὶ
281 2063 350 2101 μετὰ
382 2063 433 2097 τὴν
461 2063 555 2092 τούτου
591 2060 756 2101 προκομιδὴν
784 2061 817 2088 τὰ
841 2060 894 2088 ἀπὸ

52 2110 170 2148 μακρᾶς
198 2107 334 2143 συνηθείας
378 2108 556 2148 κραθήσαντα,
599 2107 643 2135 καὶ
682 2104 724 2133 διὰ
757 2104 896 2144 βασιλικοῦ

50 2153 272 2193 προσ-τάγματος
319 2153 445 2192 γεγόνασι
496 2152 678 2192 κραταιότερα,
731 2149 894 2188 προκάθηται

49 2199 147 2239 μέχρι
185 2198 232 2226 τοῦ
266 2201 310 2226 νῦν
343 2198 442 2230 παντὸς
470 2196 717 2237 ἅρχιερατεύοντος,
747 2193 796 2222 κᾶν
824 2194 894 2234 τύχῃ

48 2234 158 2273 τοδίτον
194 2243 238 2271 καὶ
273 2241 411 2280 βασιλικὸν
446 2234 525 2282 ἔχειῖ
551 2234 663 2279 ἆξίωμα,
695 2240 835 2279 ὑπερτίμου
877 2239 895 2272 ἢ

48 2286 304 2329 πρωτοσυγιέλλοο
325 2287 422 2327 τυχόν.
453 2287 501 2316 Καὶ
530 2286 590 2314 τότε
619 2285 667 2322 μὲν
695 2283 778 2329 οὕτω,
792 2282 896 2329 διευλυ-

46 2326 133 2367 τῶθη
158 2326 291 2366 τὰνδῆθεν
312 2326 471 2371 ἀμφίϐολον.
498 2331 570 2370 Ἐγὼ
595 2329 622 2358 δὲ
649 2333 687 2367 τῷ
711 2327 840 2367 βασιλικῷ
854 2326 896 2355 δι-

47 2381 169 2420 ορισμῷ
191 2378 259 2406 κατὰ
291 2378 323 2406 τὸ
348 2375 537 2415 νενομισμένον
564 2374 725 2413 ἀκολουθῶν,
755 2376 789 2411 τῇ
807 2383 895 2420 ,κατα-

47 2417 231 2461 σκευαζούσῃ
259 2421 356 2462 γνώμῃ
385 2421 435 2455 τὴν
464 2419 600 2460 προεδρίαν
624 2424 670 2448 τοῦ
695 2417 894 2458 χαρτοφύλακος

45 2468 96 2497 διὰ
129 2467 223 2506 μόνην
251 2467 301 2501 τὴν
328 2467 446 2507 ἄγραφον
475 2465 644 2505 μακροτάτην
674 2463 822 2500 συνήθειαν,
846 2462 895 2495 τὴν

46 2514 114 2542 ἀντὶ
174 2511 257 2550 νόμου
312 2510 602 2552 παραλαμϐανομένην,
653 2509 689 2540 ὼς
737 2507 893 2546 γέγραπται,

45 2559 80 2587 οὐ
110 2556 304 2597 προστίθεμαι.
334 2554 403 2585 Οἶδα
439 2556 488 2595 γὰρ
516 2555 576 2583 τότε
608 2553 658 2587 τὴν
693 2552 795 2590 μακρὰν
819 2561 895 2597 ’συν-

46 2595 157 2639 ἤθειαν
190 2601 249 2630 ἀντὶ
283 2601 366 2639 νόμου
393 2607 512 2640 κρατεῖν,
549 2598 755 2636 δοκιμασθεῖσαν
789 2595 893 2628 πάντως

46 2648 238 2687 δικαστικῶς,
269 2645 313 2674 ὅτε
342 2645 419 2683 νόμοι
453 2645 496 2673 καὶ
523 2644 631 2675 κανόνες
660 2641 703 2670 διὰ
739 2640 835 2673 ταύτης
864 2640 893 2667 οὒ

45 2685 257 2734 παραλύονται-
271 2689 348 2729 Λέγω
363 2689 390 2718 δὲ
403 2689 453 2723 τὴν
482 2687 631 2728 προεδρείαν
658 2686 732 2726 ἔχειν
754 2685 800 2712 τὸν
819 2695 891 2724 χαρο

935 1530 1035 1552 verum
1053 1521 1109 1552 hoc
1127 1522 1156 1552 in
1169 1522 1357 1562 pontiﬁcibus
1371 1524 1575 1564 reprehendit,
1594 1521 1753 1566 quodcum

901 1562 921 1586 ο
934 1574 1077 1596 canonem
1095 1569 1229 1606 nossent,
1246 1567 1371 1607 ejusque
1394 1562 1485 1599 verba
1500 1562 1691 1608 peracc'urate
1708 1575 1754 1601 te—

934 1613 1050 1647 nerent,
1072 1619 1154 1640 suam
1180 1611 1313 1651 ipsorum
1339 1613 1553 1644 conscientiam
1583 1618 1690 1654 praeter
1703 1624 1754 1646 ra—

935 1654 1044 1684 tionem
1061 1655 1308 1693 concrilcarint,“
1318 1657 1403 1696 rejici
1417 1666 1561 1690 canonem
1587 1660 1666 1699 passi
1682 1660 1752 1697 sint,

935 1708 968 1729 ac
984 1698 1156 1730 inferiorem
1174 1700 1339 1731 sessionem
1357 1702 1412 1733 sub
1424 1703 1576 1733 memoriae
1589 1698 1755 1744 superioris

935 1743 1119 1774 chartulariis
1133 1745 1259 1784 amplexi
1272 1745 1527 1787 fuerintldeoque
1539 1757 1591 1787 pro
1602 1743 1755 1779 sacrorum

934 1797 1080 1818 canonum
1096 1793 1249 1827 contentu,
1263 1790 1432 1821 mercedem
1450 1791 1526 1822 hanc
1543 1792 1586 1822 eis
1602 1792 1756 1832 [majestas

935 1831 1010 1873 mea]
1027 1831 1139 1869 tribuit,
1153 1837 1185 1863 ut
1199 1843 1268 1865 suas
1285 1835 1322 1865 ad
1348 1835 1496 1866 Ecclesias
1514 1831 1689 1875 abigantur;
1705 1846 1755 1868 ec-

935 1876 1093 1907 clesiastici
1117 1877 1239 1908 canonis
1267 1879 1355 1909 etiam
1380 1880 1434 1910 hac
1459 1880 1488 1910 in
1516 1884 1598 1920 parte
1625 1881 1756 1920 vestigiis

936 1921 1087 1958 insistens,
1101 1925 1129 1952 et
1144 1922 1179 1952 ad
1196 1921 1336 1954 adversus
1362 1933 1507 1955 canonum
1523 1930 1754 1966 contemptores,

937 1966 1017 2006 ipsos
1032 1975 1164 1998 canones
1178 1976 1278 1998 sacros
1297 1968 1328 1999 in
1352 1968 1519 2000 subsidium
1544 1970 1722 2010 producens.
1741 1982 1754 2001 ι

979 2055 1015 2085 Et
1036 2055 1175 2100 quoniam
1202 2055 1258 2087 hoc
1288 2057 1471 2098 promulgato
1501 2067 1546 2097 ea,
1578 2068 1643 2099 quae
1670 2059 1758 2100 longa

936 2099 1152 2130 consuetudine
1168 2100 1364 2140 invaluerant,
1380 2111 1435 2142 per
1449 2102 1542 2143 ipsius
1568 2104 1657 2135 etiam
1673 2099 1758 2144 prin-

937 2143 1010 2184 cipis
1025 2144 1154 2175 edictum
1179 2145 1271 2184 magis
1291 2146 1422 2177 stabilita
1445 2147 1567 2179 fuerunt
1583 2159 1590 2178 :
1606 2143 1758 2180 chartula-

906 2183 999 2219 Drius
1012 2188 1044 2233 in
1064 2188 1144 2219 hunc
1166 2183 1260 2230 usque
1283 2189 1363 2221 diem
1392 2191 1476 2222 sedet
1503 2196 1573 2224 ante
1599 2193 1761 2233 quemlibet

938 2232 1118 2278 pontiﬁcem,
1136 2233 1205 2264 licet
1221 2233 1394 2274 dignitatem
1423 2235 1530 2267 habeat
1544 2237 1581 2268 ab
1597 2232 1661 2278 ipso
1676 2239 1759 2278 prin-

937 2277 1002 2317 cipe
1017 2286 1199 2315 concessam,
1218 2282 1250 2308 ut
1270 2279 1440 2320 bypertimi,
1467 2280 1512 2311 vel
1535 2277 1757 2322 protesyncelli.

936 2321 978 2352 Ac
990 2326 1058 2352 tunc
1076 2322 1196 2362 quidem
1212 2322 1382 2361 ambiguum
1412 2324 1469 2355 hoc
1492 2324 1533 2355 ita
1547 2321 1674 2357 solutum
1691 2327 1758 2359 fuit.

937 2365 997 2412 Ego
1012 2375 1080 2397 vero
1095 2367 1173 2397 sicut
1198 2367 1385 2407 imperatoris
1401 2369 1557 2408 sanctioni,
1574 2377 1664 2410 prout
1679 2371 1758 2412 legi-

938 2411 994 2441 bus
1022 2415 1174 2451 receptum
1205 2416 1260 2452 est,
1290 2413 1436 2444 assentior
1459 2423 1465 2445 :
1497 2415 1538 2445 ita
1566 2411 1758 2454 sententiam,

937 2455 1115 2486 chartulariu
1145 2455 1270 2496 primam
1299 2457 1462 2489 sessionem
1492 2463 1686 2498 astruentem,
1705 2471 1760 2501 per

937 2500 1028 2530 solam
1041 2509 1099 2530 non
1114 2500 1252 2540 scriptam
1264 2501 1427 2541 longissimi
1438 2504 1580 2544 temporis
1597 2500 1759 2536 consuetu-

937 2545 1049 2580 dinem,
1066 2554 1133 2584 quae
1152 2545 1225 2585 legis
1247 2550 1287 2581 (ut
1305 2551 1390 2578 antea
1401 2548 1588 2588 scripsimus)
1602 2550 1666 2581 loco
1678 2550 1759 2581 duci-

935 2593 982 2620 tur
993 2589 1199 2630 (ﬁ3),minime
1215 2591 1320 2631 probo.
1337 2591 1452 2633 Quippe
1470 2599 1541 2624 tunc
1557 2594 1618 2625 scio
1640 2595 1759 2626 diutur-

934 2644 1002 2677 nam
1016 2635 1261 2666 consuetudinem
1274 2646 1325 2676 pro
1337 2636 1401 2676 lege
1414 2637 1760 2677 valereomninotamen

932 2675 963 2713 in
978 2681 1092 2721 judicio
1103 2681 1187 2721 prius
1201 2675 1410 2720 exanimatam,
1420 2692 1486 2713 cum
1498 2675 1579 2723 leges
1590 2688 1619 2714 et
1631 2694 1762 2716 canones

854 2767 976 2800 NOT/E.

93 2862 162 2902 (63)
183 2860 204 2893 Ι.
224 2859 264 2893 34
280 2858 478 2900 D.Detegib.
495 2862 526 2890 et
540 2858 561 2889 l.
577 2856 597 2888 3
610 2856 643 2888 C.
660 2855 735 2894 Qum
749 2854 787 2886 sit
796 2854 880 2894 long.

351 2912 481 2947 Parnm.
501 2914 558 2945 Gn.
575 2911 679 2943 CXIX.

902 2854 1026 2884 censue!
1030 2873 1037 2881 .

1522 2910 1561 2939 38
