1917 3080
202 145 279 177 1195

882 141 947 173 JUS
967 141 1201 174 CANONIGUM.

1813 140 1878 173 “96

201 220 254 252 per
265 219 331 242 eam
343 219 403 240 non
420 209 625 241 debilitantur.
642 208 732 248 Igitur
747 207 958 252 aio,chartular

1147 219 1210 245 ακα,
1236 209 1305 236 κατὰ
1333 211 1382 242 τὴν
1409 211 1462 237 τῶν
1487 209 1562 237 θείων
1587 209 1705 238 κανόνων
1735 209 1877 248 περίληψιν,

200 255 309 286 habere
316 255 439 295 primam
449 253 613 284 sessionem
626 253 715 283 etiam
725 251 888 282 secundum
899 251 1021 292 id,quod

199 301 292 331 sacris
301 297 733 338 canonibuscontineturzquod
741 305 812 327 sane
822 306 905 326 sacra
915 296 1021 336 princi»

200 344 245 384 pis
252 343 478 383 circumspectio
487 348 556 374 tunc
570 346 675 382 sponte
682 340 888 372 reticuit.Nam
898 340 965 371 licet
972 341 1020 370 in-

200 385 944 427 dicatusille.Nicmniprimiconciliicanonslatuit,
960 385 1018 415 dia-

199 443 307 464 conum
314 442 370 463 nec
378 432 565 472 participare.
581 441 635 462 nec
643 431 750 462 sedere
763 434 830 460 ante
838 429 1019 467 sacerdotes,

201 477 344 518 septimus
353 481 449 507 tamen
467 486 561 507 canon
570 480 679 506 sanctae
697 484 730 505 ac
747 473 922 504 universalis
933 477 1021 504 sextae

199 521 528 562 synodijubet,utisqui
538 529 694 560 perSnnam
702 518 884 559 patriarchae,
894 518 1018 562 velsim—

199 561 317 606 pliciter
328 565 458 606 episcopi
472 565 544 604 gerit
552 568 630 604 ,ante
641 563 810 594 sacerdotes
818 561 1020 593 setleat.Ideo-

199 620 257 651 que
269 619 431 649 magnusac
439 613 559 640 sanctus
567 608 654 638 etiam
663 606 1021 647 Cyrillus,Alexandrinus

200 664 285 696 papa,
314 654 403 694 capiti
433 655 556 685 fasciam
583 652 780 683 circumdedit
806 660 937 691 auream,
961 660 1020 690 quo

199 704 332 740 tempore
348 703 457 729 sancta:
473 705 502 729 et
514 697 677 728 universali
694 697 788 728 tertiae
810 696 920 736 synodo
941 705 1019 740 pra:-

200 739 267 775 fuiti
280 742 644 784 QuippeCelestinilocum
656 741 807 772 obtinebat
819 741 894 780 ejus,
907 739 1018 780 quiRo-

200 797 316 818 manam
339 792 409 818 tunc
433 786 554 826 regebat
575 785 751 821 Ecclesiam;
767 785 1017 824 quemadmodum

1063 255 1140 281 τοῦτο
1167 252 1232 292 ὅπερ
1259 254 1276 287 ἡ
1301 252 1433 291 βασίλειος
1455 254 1510 282 θεία
1538 254 1662 293 περιωπὴ
1697 255 1784 283 ἑκοντὶ
1811 265 1877 286 τηνι-

1062 297 1145 325 καῦτα
1165 297 1366 337 παρεσιώπησε,
1397 297 1451 327 Κᾶν
1479 298 1529 337 γὰρ
1550 300 1564 326 ὁ
1592 299 1678 338 ῥηθεὶς
1708 301 1759 332 τῆς
1782 299 1812 326 ἐκ
1838 303 1878 326 N1-

1061 342 1123 377 καία
1150 342 1259 381 πρώτης
1295 341 1403 370 συνόδου
1429 343 1516 371 κανὼν
1549 342 1704 382 διορίζηται,
1737 343 1776 380 μὴ
1805 353 1878 380 μετα-

1061 385 1204 427 λαμϐάνειν
1225 385 1293 424 μηδὲ
1324 389 1451 420 καθῆσθαι
1474 388 1524 427 πρὸ
1554 389 1606 416 τῶν
1638 388 1727 427 ἱερέων
1757 387 1877 426 διάκονον,

1061 430 1122 458 ἀλλ’
1138 432 1152 458 ὁ
1173 426 1198 466 ζ’
1220 433 1307 460 κανὼν
1342 432 1390 466 τῆς
1419 432 1494 471 ἁγίας
1523 444 1568 471 καὶ
1596 432 1781 470 οἶκουμενικῆς
1810 432 1878 465 ἕκτης

1062 473 1168 503 συνόδου
1208 475 1424 515 παρακελεύεται,
1477 477 1523 504 τὸν
1570 477 1704 516 ὶπέχοντα
1746 476 1878 515 πρόσωπον

1061 521 1253 560 πατριαρχικὸν
1281 521 1298 554 ἢ
1324 521 1416 552 ἁπλῶς
1442 521 1625 557 ἑπισκοπικὸν,
1652 523 1702 561 πρὸ
1724 522 1779 548 τῶν
1800 521 1878 559 ἱερέων

1061 564 1221 600 καθέζεσθαι.
1248 566 1294 592 Διὸ
1315 567 1359 593 καὶ
1384 567 1398 593 ὁ
1423 565 1506 604 μέγας
1534 566 1610 605 ἅγιος
1638 565 1766 605 Κύριλλος
1792 567 1806 594 ὂ
1833 577 1879 593 πα-

1061 619 1112 640 πας
1154 608 1362 649 Ἀλεξανδρείας,
1405 609 1448 638 ἐπὶ
1483 609 1600 650 κεφαλῆς
1642 614 1763 650 “hancon
1806 610 1879 648 Mign

1061 651 1260 693 περιεϐέϐλητο,
1291 653 1335 682 ὅτε
1363 657 1412 688 τῆς
1434 655 1510 693 ἁγίας
1539 656 1582 683 καὶ
1616 657 1803 692 οἰκουμενικῆς
1833 656 1881 693 τρῖ-

1061 709 1110 730 της
1136 697 1243 726 συνόδου
1266 699 1424 735 προίστατο.
1463 697 1577 739 Ἐπεῗχε
1605 701 1655 739 γαρ
1682 700 1726 727 καὶ
1741 703 1789 727 τὸν
1810 701 1881 727 τόπον

1060 745 1105 770 τοῦ
1142 742 1306 783 Κελεστίνου,
1350 747 1396 772 τοῦ
1423 744 1472 776 τὴν
1507 743 1666 777 Ἐκκλησίαν
1701 745 1751 777 τῆς
1784 739 1880 781 Ῥώμης

1059 787 1198 827 ἰθύνοντος,
1222 788 1307 818 καθὼς
1335 788 1413 816 τοῦτο
1444 789 1601 827 παρῗσταται
1630 788 1660 816 ἐκ
1687 791 1740 816 τῶν
1780 800 1880 827 πρακτι-

199 832 293 872 liquet
307 841 344 863 ex
362 832 434 863 actis
451 831 584 871 ejusdem
601 830 704 871 synodi
719 830 823 860 tertiae.
840 829 876 860 Et
890 838 946 868 qua

1139 834 1188 862 τῆς
1209 832 1300 868 τρίτης
1328 831 1446 863 συνόδου.
1480 834 1528 861 Καὶ
1556 834 1593 864 ὡς
1621 833 1724 865 ἐκεῖνος
1751 832 1878 872 ἐμεγαλύ-

198 876 324 907 lestinus
350 876 488 907 utebatur
511 876 614 914 gloria,
641 874 806 906 secundum
831 873 1016 904 sanctionem

198 921 340 961 apostolis
356 921 476 961 :equalis
486 920 565 950 illius
582 919 677 950 sancti
692 919 850 958 magnique
871 920 1017 949 Constan-

199 965 264 1003 tini,
286 966 391 996 factam
407 965 444 995 ad
461 968 594 995 sanctum
610 964 796 1003 Silvestrum,
814 972 881 993 cum
901 961 1018 1002 imperii

198 1014 314 1050 sceptra
340 1018 394 1050 per
424 1009 475 1040 Dei
503 1008 715 1048 providentiam
747 1016 780 1038 ex
810 1006 902 1037 veteri
925 1007 1018 1037 Roma

197 1054 427 1085 transferrentur
442 1054 472 1084 in
487 1054 562 1084 hanc
578 1055 681 1083 urbem
697 1052 814 1082 urbium
829 1051 1016 1091 principem;

196 1108 254 1138 qua
268 1100 416 1135 statuitur,
433 1107 523 1128 aurea
544 1097 633 1128 fascia
651 1100 712 1127 tum
728 1095 821 1136 ipsius
847 1096 939 1126 sancti
956 1095 1016 1126 Sil-

196 1143 298 1180 vestri,
312 1147 371 1173 tum
388 1151 594 1173 successorum
621 1142 695 1181 ejus,
721 1140 892 1181 pontificum
910 1139 1016 1171 Roma-

197 1197 302 1218 norum
318 1190 405 1226 caput
421 1186 614 1217 condecorari
630 1185 740 1216 debere
755 1194 761 1215 :
777 1184 880 1215 eadem
905 1190 934 1216 et
960 1184 1016 1224 Cy-

197 1232 281 1263 rillus
297 1231 509 1262 exomabatur.
539 1229 738 1267 Quamobrem
765 1234 794 1260 et
821 1229 851 1265 ii,
879 1229 927 1269 qui
951 1232 1017 1269 post

194 1277 293 1316 ipsum
309 1275 493 1306 Alexandria;
513 1275 714 1315 pontificatum
740 1283 871 1313 gessere,
898 1277 1018 1313 propter

196 1325 337 1352 aeternam
364 1319 536 1350 memoriam
560 1319 636 1359 ejus,
662 1318 740 1357 quod
765 1322 833 1348 tunc
861 1317 1016 1348 decretum

195 1365 261 1402 fuit,
278 1365 383 1395 eodem
400 1364 488 1395 modo
511 1364 540 1394 in
566 1364 646 1394 hunc
661 1372 755 1403 usque
768 1363 846 1393 diem
864 1362 947 1392 titulo
963 1372 1016 1393 suo

195 1409 574 1448 cohonestantur.Cumque
585 1416 691 1438 omnes
704 1407 754 1438 alii
770 1407 915 1447 capitibus
927 1416 1015 1447 aper—

196 1453 235 1483 tis
252 1462 299 1484 res
315 1461 415 1483 sacras
431 1455 583 1492 peragant,
609 1451 692 1481 solus
721 1450 936 1482 Alexandrinus
962 1459 1016 1490 pa—

1059 886 1130 915 νετο,
1171 877 1239 904 κατὰ
1273 877 1303 904 τὸ
1345 876 1478 914 θέσπισμα
1511 882 1557 907 τοῦ
1598 877 1777 906 ἱσαποστόλου
1812 878 1879 916 ἁγίου

1059 919 1176 958 μεγάλου
1206 922 1412 958 Κωνσταντίνου,
1442 922 1472 950 τὸ
1497 922 1606 961 γεγονὸς
1631 922 1696 961 πρὸς
1727 923 1776 950 τὸν
1812 922 1879 960 ἅγιον

1059 963 1227 1006 Σίλϐεστρον,
1257 965 1300 993 ὃτε
1328 966 1361 993 τὰ
1389 967 1511 1006 σκῆπτρα
1540 968 1589 1000 τῆς
1624 965 1759 1004 βασιλείας
1787 966 1817 994 ἐκ
1837 969 1880 999 τῆς

1058 1008 1172 1040 παλαιᾶς
1209 1005 1315 1046 Ῥώμης
1350 1010 1419 1038 κατὰ
1447 1014 1513 1038 Θεοῦ
1541 1011 1666 1050 πρόνοιαν
1709 1011 1881 1048 μετετέθησαν

1058 1053 1094 1084 εἰς
1116 1053 1164 1086 τὴν
1184 1056 1237 1081 τῶν
1265 1053 1369 1081 πόλεων
1392 1053 1593 1094 βασιλεύουσαν,
1623 1055 1667 1082 καὶ
1695 1053 1881 1092 διοριζόμενον,

1058 1098 1124 1135 μετὰ
1139 1097 1325 1137 χρυσοπάστου
1354 1097 1438 1137 λώρου
1466 1099 1515 1132 τὴν
1545 1103 1592 1127 τοῦ
1621 1099 1696 1137 ἁγῖου
1724 1098 1882 1136 Σιλϐἐςτρου

1057 1141 1187 1181 κεφαλὴν,
1203 1143 1246 1170 καὶ
1267 1143 1320 1170 τῶν
1342 1142 1401 1180 μετ’
1417 1143 1494 1171 αὔτὸν
1516 1143 1661 1183 ἂρχιερέων
1691 1143 1740 1176 τῆς
1779 1139 1881 1182 Ῥώμης

1057 1186 1308 1224 κατακαλλύνεσθαι,
1358 1188 1402 1215 καὶ
1448 1188 1525 1220 mare;
1567 1188 1778 1227 τοιουτοτρόποις
1819 1190 1880 1216 x10-

1058 1232 1196 1270 ωραὶζετο.
1222 1231 1362 1260 lianc-30w
1383 1233 1427 1260 καὶ
1447 1233 1470 1260 οἱ
1491 1232 1551 1269 μετ’
1565 1232 1669 1260 ἐκεῖνον
1698 1236 1735 1264 εἰς
1764 1232 1883 1265 Ἀλεξαν-

1058 1274 1142 1315 δρειαν
1177 1276 1422 1315 ἀρχιερατεύοντες,
1452 1275 1494 1304 διὰ
1538 1278 1647 1314 μνήμην
1691 1278 1797 1305 αἰώνιον
1840 1281 1882 1305 τοῦ

1057 1320 1117 1348 τότε
1145 1319 1321 1356 συνδόξαντος,
1351 1321 1477 1353 ὡσαύτως
1506 1321 1587 1361 μέχρι
1615 1325 1661 1349 τοῦ
1691 1325 1735 1349 νῦν
1763 1333 1882 1350 κατακο-

1057 1366 1182 1402 σμοῦνται
1224 1364 1496 1405 στηλογραιρούμενοι.
1548 1366 1597 1394 Καὶ
1645 1366 1751 1394 πάντων
1796 1366 1883 1405 ἀπερι-

1056 1409 1200 1442 κκλύπτοις
1235 1410 1436 1448 ἱερουργούντων
1476 1417 1536 1443 ταῖς
1571 1410 1712 1450 κεφαλαῖς,
1758 1411 1842 1448 μόνος
1872 1413 1882 1438 ὁ

1057 1454 1226 1494 πατριάρχης
1255 1453 1449 1494 Ἀλεξανδρείας
1477 1456 1608 1494 ἱερουργεῖ
1635 1456 1702 1492 μετᾶ
1731 1459 1778 1483 τοῦ
1799 1454 1882 1495 λώρω

1862 1500 1871 1508 κ

199 1498 327 1528 triarcha
342 1506 405 1527 rem
422 1496 550 1526 divinam
566 1495 647 1533 facit,
664 1495 754 1526 fascia
769 1496 846 1525 dicta
860 1500 947 1535 caput

1130 1498 1248 1538 κεφαλὴν
1288 1498 1497 1537 καλυπτόμενος.
1536 1500 1584 1528 Καὶ
1617 1500 1679 1531 τοὺς
1713 1499 1817 1528 δῶεκα
1859 1500 1880 1528 δὲ

197 1542 325 1572 volutus.
350 1541 516 1577 Quinetiam
546 1549 586 1571 xu
616 1540 684 1571 illos
711 1540 895 1571 cardinarios
931 1541 1016 1579 Papae

196 1586 391 1617 consimiliter
404 1586 538 1616 videmus
561 1586 648 1626 pileis
670 1585 770 1615 aureis
791 1589 911 1615 ornatos
935 1585 1013 1624 (6t),

194 1631 283 1662 veluti
299 1633 385 1671 Papa:
394 1639 546 1670 personam
555 1629 942 1670 repraesentantes,ejusque
947 1630 1015 1668 jura

195 1676 363 1707 fulcientes.
376 1675 450 1707 Nam
462 1675 659 1716 appellatione
675 1673 804 1705 cardinis
816 1673 891 1714 apud
910 1674 1015 1704 Roma-

196 1731 250 1752 nos
266 1725 350 1761 potes
373 1718 479 1751 forium
507 1720 640 1750 veniunt.
656 1718 757 1758 Itaque
783 1722 1015 1748 consentaneum

196 1770 251 1802 est,
268 1775 318 1796 eos
329 1765 406 1796 haud
423 1765 512 1795 dubie
527 1774 629 1795 verum
647 1763 757 1799 dicere,
780 1763 830 1803 qui
846 1762 1014 1803 perhibent,

196 1810 283 1842 etiam
295 1811 439 1850 cujusque
461 1809 603 1850 temporis
623 1807 834 1839 chartularium
848 1816 936 1838 aurea
951 1808 1015 1847 ejus

195 1855 274 1885 modi
288 1854 372 1891 tiara,
384 1859 481 1884 certos
497 1858 565 1884 ante
583 1862 687 1888 annos,
704 1852 733 1883 in
751 1851 876 1892 publicis
889 1851 1014 1892 quibus-

194 1899 260 1929 dam
278 1898 473 1929 conventibus
486 1907 582 1933 usum,
596 1897 645 1937 qui
661 1906 719 1927 non
736 1901 847 1926 tantum
864 1905 916 1936 pro
932 1905 1014 1926 more

195 1943 378 1974 haberentur
390 1943 419 1973 in
437 1942 588 1978 Ecclesiis,
604 1951 706 1972 verum
722 1941 809 1971 etiam
835 1940 864 1971 in
891 1949 1013 1981 proces-

193 1988 340 2025 sionibus,
358 1992 388 2018 et
403 1987 474 2018 foris
497 1986 634 2027 publicis.
653 1986 748 2026 Atque
769 1985 906 2026 equidem
931 1989 1013 2015 certo

193 2032 265 2069 scio,
284 2033 314 2062 in
330 2032 408 2062 hunc
429 2041 523 2072 usque
537 2031 616 2061 diem
632 2030 794 2069 repositum
812 2038 878 2059 esse
903 2029 1012 2068 pileum

193 2077 258 2116 ejus
273 2077 353 2107 modi
372 2085 443 2106 auro
458 2076 671 2114 interspersum
687 2074 717 2104 in
732 2083 800 2104 arca
815 2073 986 2104 chartularii
1004 2081 1011 2104 :

1057 1542 1247 1582 Καρδηναρίους
1275 1548 1321 1572 τοῦ
1355 1544 1433 1571 Πάπα
1469 1544 1620 1583 παρομοῖως
1662 1544 1799 1582 βλέπομεν
1837 1557 1881 1573 κε-

1055 1587 1197 1625 κοσμένους
1217 1594 1330 1628 χρυσοῖς
1362 1587 1551 1625 ἐπιϐλήμασιν,
1579 1589 1616 1620 ὡς
1646 1588 1881 1628 ἆντιπροσωποῦν-

1055 1642 1102 1663 τας
1124 1634 1162 1668 τῷ
1189 1633 1279 1669 Πάπα,
1314 1633 1358 1660 καὶ
1385 1633 1417 1661 τὰ
1452 1632 1544 1660 τούτου
1578 1633 1750 1672 στηρίζοντας
1782 1632 1880 1665 δίκαια,

1059 1675 1166 1715 Κάρδων
1187 1677 1236 1716 γὰρ
1266 1677 1337 1716 παρὰ
1366 1671 1519 1716 (Ρωμαῖοις,
1549 1678 1575 1705 αἱ
1610 1676 1683 1717 φλιαὶ
1710 1678 1765 1705 τῶν
1799 1680 1882 1718 θυρῶν

1058 1720 1238 1758 ὀνομάζονται.
1280 1723 1388 1760 Ἃραρεν
1424 1721 1469 1750 οὖν
1503 1721 1640 1754 ἀληθεύειν
1674 1721 1793 1761 ἐναργῶς
1824 1724 1881 1753 τοὺς

1057 1764 1182 1804 λέγοντας
1207 1766 1250 1794 καὶ
1273 1767 1317 1794 τὸν
1340 1767 1382 1794 καὶ
1403 1767 1471 1794 κατὰ
1485 1767 1589 1806 καιροὺς
1610 1766 1803 1807 χαρτοφύλακα
1817 1769 1883 1806 μετὰ

1056 1810 1180 1843 τοιαύτης
1215 1811 1303 1850 νιάρας
1332 1813 1435 1850 χρυσῆς
1471 1812 1521 1851 πρὸ
1556 1811 1741 1851 μετρουμένων
1778 1814 1884 1852 χρόνων

1056 1857 1144 1889 τινῶν,
1188 1854 1216 1882 ἕν
1249 1866 1301 1883 τισι
1329 1854 1478 1893 πανδήμοις
1507 1854 1656 1891 δοξάζεσθαι
1692 1857 1882 1896 πανηγύρεσιν,

1056 1900 1086 1927 οὒ
1122 1898 1201 1935 μόνον
1231 1898 1273 1927 ἐπ’
1310 1899 1469 1933 Ἐκκλησίας
1500 1900 1664 1940 γινομέναις,
1701 1902 1738 1933 ὡς
1776 1902 1881 1938 εἴωθεν⁷

1055 1942 1123 1970 ἀλλὰ
1137 1944 1180 1971 καὶ
1195 1943 1221 1971 ἐν
1246 1943 1379 1983 προόδοις⁷
1407 1944 1454 1972 καί
1480 1945 1603 1984 ἀγοραῖς.
1635 1944 1882 1986 Πεπληροφόρημαι

1056 1986 1082 2015 δὲ
1098 1988 1141 2016 καὶ
1157 1988 1262 2028 αὖτοὺς,
1277 1988 1434 2017 ἀποκεῖσθαι
1470 1989 1552 2029 μέχρι
1573 1993 1619 2018 τοῦ
1645 1993 1688 2017 νῦν
1719 1991 1756 2022 εἷς
1783 1991 1814 2018 τὸ
1838 1995 1882 2019 τοῦ

1056 2031 1257 2072 χαρτοφύλακος
1286 2032 1421 2070 κιϐώτιον,
1450 2034 1638 2073 χρυσόπαστον
1671 2039 1792 2064 τοιοῦτον
1821 2035 1881 2063 ἐπί-

1055 2075 1148 2115 ϐλημα
1164 2084 1171 2092 “
1203 2078 1246 2105 καὶ
1262 2078 1358 2117 χρόνος
1379 2079 1426 2106 οὒκ
1446 2078 1500 2106 ἔστι
1528 2078 1658 2118 γηραλέος
1674 2079 1718 2106 καὶ
1731 2079 1881 2117 πέμπελος,

193 2115 290 2161 neque
305 2122 425 2159 longum
442 2119 610 2155 intercedit,
635 2129 669 2150 ac
694 2126 840 2149 remotum
872 2122 950 2158 tcmp

1152 2121 1209 2154 νέος
1234 2115 1289 2150 κέῐ
1306 2123 1467 2162 πρόσφατος,
1499 2115 1548 2151 καὶ
1567 2115 1670 2163 Ἲφθόνος
1698 2123 1746 2152 οὒκ
1767 2115 1879 2163 ἆγεν-ἧς,

191 2166 330 2205 spatium,
347 2165 398 2196 sed
412 2164 457 2195 rei
472 2164 614 2194 memoria
628 2172 734 2194 recens
750 2167 804 2194 est.
821 2163 882 2194 Nec
895 2162 1012 2201 ignobi-

191 2210 228 2241 lis
238 2210 358 2247 invidia,
376 2209 420 2239 vel
436 2209 574 2249 imperita
590 2208 704 2239 scilicet
730 2207 845 2245 religio,
872 2216 1010 2245 magnum

190 2254 337 2295 ejusmodi
366 2253 552 2295 privilegium
582 2253 672 2292 hujus
701 2251 791 2282 officii
807 2251 1008 2283 abuleverunt.

189 2299 304 2340 Quippe
319 2308 372 2339 per
385 2299 478 2339 ipsam
493 2302 521 2328 te
538 2298 688 2328 veritatem
703 2297 844 2333 obtestor,
867 2304 921 2335 per
937 2297 1009 2327 cha-

188 2344 304 2374 ritatem
322 2344 495 2380 fraternam,
526 2351 579 2382 per
593 2351 724 2372 amorem
748 2350 816 2380 erga
840 2341 943 2376 Deum,
961 2341 1009 2372 dic

190 2388 274 2428 mihi,
292 2388 439 2428 quodnam
457 2387 552 2427 majus
562 2386 760 2426 fueritoperae
779 2386 1007 2426 pretium,quam

187 2432 398 2463 chartularium
417 2433 516 2463 videre
531 2440 743 2470 nonnunquam
760 2439 811 2470 per
823 2431 920 2461 forum
937 2440 1007 2470 pro-

185 2478 341 2508 cedentem
365 2487 432 2508 cum
455 2485 526 2507 auro
548 2477 729 2515 interspersa
755 2475 839 2510 tiara,
856 2474 906 2514 qui
931 2475 1009 2505 mulo

185 2522 319 2559 vehatur,
334 2526 364 2552 et
378 2530 461 2552 more
475 2519 664 2561 patriarcbali
680 2525 801 2550 ornatus
817 2519 855 2549 sit
866 2518 934 2549 albo
950 2519 1010 2549 lin-

188 2565 504 2606 teo,quemadmodum
521 2564 548 2595 id
561 2573 680 2604 quoque
696 2573 748 2604 per
762 2563 923 2594 indicatam
940 2573 1010 2595 san-

1053 2166 1071 2200 ἣ
1112 2167 1156 2194 καὶ
1188 2165 1340 2201 ἀπαίδευτος
1369 2166 1444 2200 δῆθεν
1479 2166 1612 2207 εὒλάϐεια,
1643 2168 1677 2195 τὰ
1703 2168 1734 2196 τὸ
1762 2172 1881 2197 τοιοὺτον

1053 2209 1224 2250 σχολάσαντα
1251 2211 1319 2250 μέγα
1345 2215 1390 2239 τοῦ
1419 2212 1538 2252 ὁφφικίου
1565 2212 1722 2251 προνόμιον.
1752 2214 1783 2241 Τί
1818 2214 1881 2252 γὰρ,

1053 2255 1109 2283 εἰπέ
1124 2267 1168 2293 μοι
1184 2256 1249 2295 πρὸς
1272 2255 1320 2290 τῆς
1344 2256 1468 2289 ἀληθείας
1490 2256 1582 2293 αὖτῆς,
1615 2258 1681 2296 πρὸς
1705 2260 1755 2291 τῆς
1770 2257 1882 2298 ἀδελεξι-

1051 2300 1101 2332 κῆς
1137 2300 1256 2339 ἀγάπης,
1287 2301 1352 2340 πρὸς
1387 2301 1435 2333 της
1461 2302 1530 2329 κατὰ
1556 2302 1621 2329 Θεὸν
1650 2299 1804 2342 διαθέσεως,
1835 2302 1881 2334 εἴη

1051 2343 1081 2373 ἂν
1109 2344 1321 2384 σπουδαιότερον,
1354 2349 1399 2373 τοῦ
1427 2344 1537 2383 βλέπειν
1565 2345 1635 2374 ἔστιν
1656 2345 1700 2374 ὅτε
1722 2347 1766 2374 τὸν
1784 2358 1883 2386 lapte-

1050 2388 1153 2428 φύλακα
1189 2388 1230 2417 διὰ
1256 2389 1303 2423 τῆς
1326 2389 1424 2429 ἀγορᾶς
1452 2389 1625 2428 προοδεύοντα
1654 2390 1722 2427 μετᾶ
1744 2393 1882 2430 χρυσοπὰ-

1050 2444 1112 2461 στου
1130 2433 1233 2473 τιάρας,
1262 2434 1305 2461 καὶ
1334 2434 1516 2474 ἐποχούμενον
1547 2435 1574 2462 ἐν
1602 2435 1718 2472 ἡμιόνῳ,
1749 2446 1882 2475 πατριαρ-

1052 2481 1137 2517 χικῶς
1164 2479 1230 2515 μετὰ
1265 2478 1362 2506 ἐθονίου
1390 2478 1580 2517 κεκοσμημένη
1596 2478 1621 2499 θί
1657 2478 1764 2515 λευκοῦ,
1799 2481 1885 2511 καθὼς

1051 2523 1094 2551 καὶ
1122 2526 1199 2550 τοῦτο
1233 2521 1274 2550 διὰ
1309 2527 1355 2552 τοῦ
1393 2522 1517 2561 ῥηθέντος
1552 2523 1731 2561 θεσπίσματος
1760 2524 1884 2564 ὥρισται,

1052 2569 1096 2595 καὶ
1124 2568 1174 2595 ὑπὸ
1210 2565 1404 2606 ὲξκουὸιτώρων
1434 2567 1678 2608 δορυφορούμενον;
1709 2569 1737 2596 Εἰ
1776 2569 1813 2606 μή
1842 2580 1884 2600 τις

853 2648 982 2681 VARI/E
998 2650 1215 2685 LECTIONFS.

224 2704 251 2730 84
268 2704 479 2744 κεκοσμημένον.

221 2843 280 2883 (64)
299 2843 382 2875 Notae
404 2841 572 2874 cardinales
588 2840 727 2872 Ecclesiae
742 2840 828 2872 Rom.
846 2841 915 2872 olim
931 2788 978 2875 du:

448 2841 572 2874 'dinales
588 2840 727 2872 Ecclesiae
742 2840 828 2872 Rom.
846 2841 915 2872 olim
931 2787 1095 2876 (inﬁde:nt
1103 2843 1205 2876 fuisse.
