1917 3080
50 135 126 168 1197

709 135 1062 170 GR/ECO-ROMANUM.

1666 141 1744 174 1198

49 204 120 244 λέγει
140 204 320 244 προτιμητὲκν
349 206 420 234 εῐνιι
450 206 500 239 τὴν
527 205 646 246 κεφαλήν
674 207 722 240 τῆς
736 206 806 246 χειρέ

987 212 1044 234 iem
1070 207 1211 235 statutum
1241 209 1311 243 est,
1341 210 1371 237 et
1398 206 1604 238 excubitorum
1635 207 1744 240 habeat

52 248 132 278 ἄλλω
160 249 253 287 pilo-.1;
282 252 329 277 τοῦ
356 250 492 288 σώματος.
516 254 597 280 Τοῦτο
618 251 667 290 γὰρ
695 250 736 278 διὰ
764 250 813 284 τὴν
828 251 872 278 εὔ-

51 294 139 328 {eam
167 295 196 322 οὗ
230 292 466 333 παριλληλίζετιι,
501 293 573 323 Ἀλλ’
603 295 739 324 ἐπανιτέον
774 294 831 322 ὅθεν
859 294 873 321 ὁ

51 338 128 377 λόγος
169 338 308 376 μετέπεσε,
347 339 393 367 καὶ
427 339 566 379 ζητητέον,
608 340 677 372 τίνος
705 340 785 379 χάριν
819 338 872 367 τῶν

51 383 101 420 μὲν
133 382 221 411 ἄλλων
256 383 385 423 σεκρέτων
420 385 444 412 οἱ
479 384 674 423 προκαθήμενοι
703 385 792 422 μόνοις
827 383 871 415 ἒξ-

50 431 238 466 υπηρενοῦνται
261 428 426 467 σεκρετικοῖς
454 427 607 460 ὃουλεοταῖς
624 437 631 445 ·
663 431 677 457 ὁ
691 429 718 457 δὲ
734 428 872 469 χαρτοφύ-

50 471 97 504 λαξ
124 472 239 511 τάγμασι
276 471 374 504 διττοτς
397 471 559 506 διακονητῶν
581 474 757 512 μεγεθύνετπιι.
782 472 872 510 Φαμὲν

50 517 106 554 οὗν,
123 516 164 545 ὅτι
185 517 217 544 τὰ
244 520 290 545 τοῦ
312 516 513 557 χαρτοφύλςικος
538 516 624 546 δίκαιαι
646 520 768 558 ψυχικῶν
793 518 874 556 ῥοπα-

51 562 159 599 σμάτων
187 562 223 592 εἷς
251 563 424 600 κοιθειρτήρια⁷
461 563 506 590 καὶ
531 563 687 600 νοσημάτων
716 565 875 600 σωματικῶν

49 606 211 645 ἀλεξιτήριαι.
253 607 300 633 Διὸ
333 607 376 634 κιὶ
410 606 569 643 τετύπωταιι,
605 607 746 646 ταγμάτων
782 605 875 634 διττῶν

49 651 192 690 ὕπουργοῐς
220 650 287 678 αᾶτὰ
315 651 527 682 κκτευθύνεσθτι.
570 657 604 679 Av
626 656 687 690 γοῦν
714 651 873 688 θεμιστεύων

48 695 225 734 προκάθηται,
264 696 308 723 καὶ
350 694 487 724 δικαστικὰ
526 695 644 731 διϋλίζων
679 697 799 733 νοήματα
828 696 874 723 νό-

48 750 114 775 μους
150 739 269 778 συνάπτῃ
303 739 424 777 νομίμοις
460 739 670 777 θεσπιωδήμασι,
707 741 751 768 καὶ
784 740 875 774 κανόσι

48 784 163 815 κανόνας
200 783 349 823 ἁρμολογῇ,
388 783 420 811 ἂν
459 783 604 823 δικολογῶν
647 785 786 824 προτάσεις
832 795 866 812 κι

915 247 1111 291 satellitium?
1126 248 1180 280 nisi
1198 249 1265 288 quis
1289 250 1389 281 dicere
1411 251 1493 290 velit,
1525 251 1590 291 plus
1615 251 1738 283 honoris

914 290 1108 323 deferendum
1124 294 1314 334 capiti,qua‘m
1331 295 1490 335 manui,vel
1506 290 1593 327 alteri
1604 296 1739 327 membro

913 336 1133 375 corporis.Nam
1151 338 1214 369 haec
1229 339 1422 379 comparatio,
1440 349 1494 371 ceu
1510 340 1608 377 stulta,
1627 350 1685 371 non
1697 341 1739 372 in-

913 380 1118 412 stituitur.Sed
1136 382 1332 421 iedeundum,
1356 384 1434 415 unde
1450 384 1572 416 deﬂexit
1587 385 1692 423 oratio,
1709 389 1738 416 et

914 424 1137 463 inquirendum,
1168 427 1362 467 quamobrem
1397 428 1523 460 aliorum
1554 433 1739 460 secretorum

916 469 1057 509 praesides
1085 472 1238 502 secreticis
1262 472 1404 504 duntaxat
1428 473 1556 504 servitiis
1585 479 1706 505 utantur
1732 485 1738 506 :

915 522 981 544 cum
999 514 1194 546 cbartularius
1209 517 1393 548 auctoritatis
1405 518 1527 558 majoris
1538 527 1625 549 causa
1639 519 1736 558 gemi-

917 567 969 588 nos
985 558 1092 589 habeat
1117 560 1319 591 ministrorum
1337 562 1468 593 ordines.
1481 562 1585 603 Itaque
1600 564 1738 601 dicimus,

916 604 946 634 in
963 613 997 634 eo
1011 605 1123 636 versari
1134 606 1204 645 jura
1220 607 1441 645 cbartulurii,ut
1455 609 1621 640 animorum
1635 610 1740 640 sordes

917 653 1108 688 expurget,ac
1115 650 1227 681 morbis
1238 651 1388 691 corporeis
1396 653 1574 684 medicinam
1588 654 1738 684 adhibeat.

917 692 1047 738 l-teoque
1063 698 1204 726 statutum
1220 700 1277 733 est,
1292 697 1354 727 hzec
1368 705 1432 727 esse
1449 697 1604 738 dirigenda
1620 707 1672 738 per
1686 708 1739 738 ge-

918 737 1066 768 minorum
1086 739 1223 770 ordinum
1232 740 1436 772 administros.
1454 741 1520 772 Sive
1531 737 1681 782 igitur’jus
1696 743 1737 773 di-

917 791 988 813 cens
1004 784 1169 825 prmsideat,
1192 789 1220 815 et
1243 785 1410 825 judiciaros
1434 787 1590 827 percolans
1618 787 1739 817 intelle-

47 828 192 860 ἀντιθέσεις
220 828 386 869 σφυρηλατῇ,
426 830 470 857 καὶ
498 830 545 861 τὰς
573 830 621 867 μὲν
643 829 804 868 ἆποσμιλεύτ

984 851 988 862 ,
1004 827 1084 867 leges
1099 838 1166 859 cum
1190 829 1285 868 legum
1302 829 1507 861 sanctionibus
1524 835 1693 871 componat,
1712 835 1741 861 et

46 872 122 909 λυείᾳ
157 873 206 907 τῆς
236 873 413 912 διαγνώσεως,
449 875 495 908 τὰς
531 874 559 902 δὲ
595 874 780 914 παρτδέχηταιι
799 899 805 906 ,
831 875 875 903 καὶ

47 917 138 954 τέλος,
156 917 186 946 ἂν
208 918 306 957 κρίσεις
333 922 535 959 πατριαρχικῶν
564 920 689 958 νοταρίων
716 922 874 958 ζυγοστατῄ

47 965 209 1002 σεκρετικῶν
245 962 395 994 δικλαλιιϊς
437 963 613 1003 μεγαλόνετκι
632 974 639 980 ·
683 964 727 992 καὶ
760 963 873 1001 μᾶλλον,

46 1008 112 1036 ὅταν
127 1009 160 1036 τὸ
187 1007 352 1048 ’δικαστήριον
382 1008 409 1036 ἐν
433 1009 524 1047 μόνοις
546 1009 681 1049 πραγμάσι
710 1010 874 1048 στημονίζη-

46 1064 103 1084 ται,
132 1053 161 1081 Εἰ
190 1051 217 1080 δὲ
246 1053 409 1092 προκάθηται
438 1054 561 1094 ψυχικῶν
589 1054 802 1093 ἆῤῥωττημάτων
827 1056 874 1083 θε-

45 1097 160 1136 ριπείαν
202 1098 370 1135 ποιούμενος,
422 1098 465 1126 καὶ
518 1098 674 1132 σεσηπότων
715 1100 873 1138 τρωμάτων

45 1142 274 1179 ἐπισκεπτόμενος
288 1142 458 1180 κακόηθειιν,
488 1143 526 1176 πῆ
551 1143 598 1179 μὲν
628 1142 727 1183 σιδήρῳ
749 1144 875 1183 χωνεύων

44 1185 94 1214 τοῦ
108 1187 206 1218 πάθους
221 1186 270 1220 τὴν
285 1186 463 1227 ὑπουλότητπι,
493 1189 532 1221 πῆ
567 1186 590 1214 δ’
617 1186 771 1216 ἐπιπάσσων
808 1187 875 1221 ἤπια

44 1231 187 1270 φάρμακα,
217 1231 286 1270 παρὰ
311 1233 361 1264 τῆς
382 1232 479 1265 τάξεως
515 1233 686 1271 ὑπηρετεῖ-ται
715 1235 768 1260 τῶν
812 1231 874 1260 ἐπι-

44 1279 226 1306 σκοπειινῶν,
266 1276 293 1304 Εἰ
328 1275 350 1303 ’δ’
379 1275 448 1305 ἔστιν
477 1276 520 1306 ὅτε
554 1277 622 1305 κατὰ
658 1275 791 1316 διορισμὸν
820 1288 876 1305 πα-

42 1321 218 1360 τριαρχικὸν,
255 1320 313 1348 τινὰ
345 1322 397 1349 τῶν
436 1322 586 1361 προνομίων
627 1321 727 1350 τούτων
755 1332 876 1361 παρασα-

43 1363 180 1400 λεύοιντο,
197 1364 262 1396 τέως
284 1364 338 1404 ἐγὼ
363 1365 464 1404 ἀγνοῶ,
500 1366 544 1394 καὶ
575 1365 734 1404 συγγνώμης
762 1364 876 1400 ἀξιωθή-

42 1420 139 1447 σομαι.
169 1409 218 1442 τὴν
240 1408 355 1438 παλαιὰν
383 1409 560 1438 ἀναδιδάσκων
588 1408 742 1448 παράδοσιν.
773 1410 876 1438 Τούτων

41 1454 89 1482 οὖν
125 1454 196 1482 οὕτω
223 1453 311 1486 καλῶς
333 1453 574 1494 διευκρινηθέντων,
610 1455 646 1486 ὡς
674 1455 764 1492 οἶμαι,
794 1454 875 1493 ἄναγ-

915 881 1045 902 canones
1068 882 1135 903 cum
1166 873 1331 904 eanonibus
1360 875 1500 906 conciliet
1522 885 1529 905 :
1549 875 1610 906 sive
1637 884 1740 906 causas

915 925 1016 955 agens,
1034 918 1251 958 propositiones
1266 922 1296 949 et
1310 918 1496 958 objectiones
1517 919 1572 950 sub
1598 919 1738 950 incudem

916 965 1047 998 revocet,
1065 966 1094 992 et
1109 962 1162 992 has
1177 962 1298 1003 quidem
1313 964 1391 994 velut
1406 963 1528 994 abradat
1544 973 1598 1004 per
1615 964 1738 1004 Lydium

917 1005 1092 1044 cognitionis
1108 1007 1247 1048 lapidem,
1266 1007 1330 1038 illas
1350 1008 1504 1049 admittat;
1524 1008 1585 1039 sive
1609 1008 1740 1049 denique

912 1050 1025 1089 judicia
1042 1051 1222 1082 notvirioruzn
1239 1051 1495 1092 partriarchalium
1513 1052 1669 1093 ponderet,
1686 1062 1739 1093 per

916 1095 1126 1126 secreticorum
1145 1096 1348 1127 ministrorum
1361 1096 1482 1128 decreta
1494 1106 1629 1136 magnam
1641 1104 1742 1128 aucto-

916 1138 1032 1169 ritatem
1050 1140 1254 1180 consequitur;
1272 1141 1436 1180 praesertim
1449 1151 1515 1171 cum
1528 1141 1598 1172 solis
1610 1141 1640 1172 in
1651 1141 1742 1172 rebus

912 1182 1058 1222 judicium
1073 1185 1154 1215 texit.
1172 1184 1224 1215 Sin
1240 1185 1280 1215 ita
1294 1185 1444 1225 praesidet,
1464 1190 1495 1216 ut
1516 1185 1742 1225 {egritudinibus

916 1227 1006 1257 animi
1016 1228 1181 1259 remedium
1192 1229 1377 1267 adhibeat,et
1388 1230 1574 1270 putridorum
1586 1231 1740 1262 vulnerum

917 1271 1077 1303 fceditatem
1094 1272 1243 1313 inspiciat,
1260 1283 1293 1304 ac
1308 1283 1522 1315 nonnunquam
1548 1275 1626 1306 ferro
1647 1275 1741 1306 latens

918 1315 978 1346 vitii
995 1317 1103 1347 malum
1119 1317 1235 1357 adurat,
1253 1327 1464 1358 nonnunquam
1494 1318 1575 1349 mitia
1589 1319 1742 1360 inspergat

918 1361 1146 1399 medicamenta,
1162 1361 1276 1392 ordinis
1292 1362 1551 1403 episcopiauorum
1575 1363 1741 1394 ministerio

919 1406 1021 1436 utitur.
1039 1409 1082 1437 An
1096 1415 1163 1436 vero
1188 1405 1336 1437 interdum
1353 1406 1396 1437 sic
1408 1406 1536 1447 jubente
1561 1416 1594 1438 ac
1623 1407 1741 1438 volente

918 1450 1081 1490 patriarcha
1105 1451 1269 1491 usuveniat,
1294 1455 1326 1481 ut
1348 1451 1466 1492 aliquod
1494 1452 1599 1482 horum
1616 1451 1738 1492 privile—

42 1505 128 1526 καϊαν
151 1497 221 1530 ἔδοξέ
248 1509 294 1536 μοι
323 1501 434 1533 ποιῆσαι
450 1500 493 1528 καὶ
519 1500 583 1538 πρὸς
606 1500 650 1527 τὸν
678 1499 745 1527 κατὰ
771 1510 799 1527 κα

979 1504 1032 1525 ἰιιη
1045 1495 1108 1525 loco
1120 1500 1285 1535 moveatur;
1296 1496 1433 1536 equidem
1442 1497 1521 1527 scire
1530 1506 1588 1527 non
1606 1506 1736 1537 possum,

39 1542 237 1582 χαρτοφύλικα
267 1542 367 1571 δικαίαν
394 1542 508 1576 ἀξίωσιν.
542 1543 662 1574 Δέσποτά
694 1554 745 1580 μου
771 1555 875 1583 χαρτό-

40 1587 142 1627 φύλαξ,
187 1588 217 1615 τὸ
260 1587 428 1625 ἒμπιστευθέν
471 1600 512 1617 σοι
553 1587 681 1617 τάλαντον
723 1587 776 1616 ἀπὸ
810 1591 875 1616 Θεοῦ

40 1632 273 1672 πιντοκράτορος,
305 1633 343 1670 μή
379 1633 567 1673 καταχωσθείη
595 1632 637 1661 διὰ
664 1633 787 1672 νωθρείαν
814 1643 873 1673 σου,

38 1676 89 1704 ἵνα
107 1676 148 1714 μὴ
163 1676 278 1715 ἀκούσῃς
299 1677 390 1709 δοῦλος
406 1679 522 1717 πονηρὸς
546 1678 590 1706 καὶ
613 1677 757 1717 ἂχάριστος
774 1686 783 1696 '
806 1677 873 1716 μηδὲ

38 1722 74 1749 τὰ
105 1721 192 1760 κέρμα
219 1722 272 1749 τῶν
300 1721 423 1760 μεγάλων
450 1723 602 1762 προνομίων
631 1723 710 1750 αὐτοῦ
737 1721 874 1761 προδοθείη

38 1766 112 1794 κατὰ
138 1765 188 1799 σὴν
212 1765 316 1800 πολλὴν
345 1766 485 1795 ἐπιείκειαν
503 1775 509 1782 '
541 1766 609 1795 ἀλλὰ
634 1765 780 1801 διαδοθήτω
809 1768 874 1805 πρὸς

39 1812 215 1850 τραπεζίτας,
243 1811 287 1839 καὶ
314 1810 577 1847 διπλασιασθήσεται.
614 1811 716 1840 Σκοπόν
752 1822 781 1840 σε
805 1822 873 1839 κατ-

37 1856 142 1888 έστησε
171 1854 290 1895 δεύτερον
318 1857 331 1884 ὁ
368 1857 432 1888 Θεὸς
474 1855 515 1884 διὰ
557 1856 648 1896 χειρὸς
684 1855 872 1889 ἐπισκοπικῆς.

38 1900 191 1928 Κάντεῦθεν
218 1899 261 1928 ἐπὶ
289 1902 328 1938 τῷ
356 1901 466 1939 στόματί
498 1911 544 1928 σου
582 1901 678 1932 πάντες
708 1900 873 1940 εἰσέρχονται

35 1945 76 1976 εἷς
109 1944 191 1973 οἶκον
219 1945 285 1974 Θεοῦ
312 1946 534 1984 πιντοκράτορος,
562 1945 606 1973 καὶ
633 1945 676 1973 ἐπὶ
696 1947 735 1982 τῷ
762 1944 874 1982 στόματί

34 2000 87 2018 σου
111 1989 278 2029 ἐξέρχονται.
310 1990 354 2024 Μὴ
383 1993 427 2019 οὖν
457 1988 551 2028 εἴπῃς,
575 1989 605 2018 Τί
633 1987 719 2022 δοθείη
742 2000 800 2029 μοι,
830 1989 874 2016 καὶ

34 2035 61 2062 τί
85 2034 244 2074 προστεθείη
267 2044 314 2072 μοι
335 2035 401 2075 πρὸς
431 2034 559 2074 μέριμναν
587 2032 743 2073 ὁλοχρόνιον
762 2043 770 2073 ;
800 2031 873 2065 Μηδὲ

34 2080 173 2118 σιγήσῃς,
217 2078 284 2117 μηδὲ
324 2080 519 2118 καταπριύνῃς,
561 2077 629 2116 μηδέ
671 2077 794 2115 λαλήσῃς
837 2077 873 2108 ὡς

34 2124 192 2163 ἀνθρώποις
234 2123 364 2163 ἀρέσκων,
415 2124 491 2152 εἶπεν
533 2124 547 2151 ὁ
589 2123 674 2162 μέγας
723 2120 871 2153 ἀπόστολος

35 2157 161 2204 Πκάλος,
190 2157 257 2196 κατ’.
277 2157 380 2197 ἐκεῖνον
407 2169 452 2197 τὸν
494 2157 610 2207 πονηρόν
632 2157 789 2205 μισθωτὸν,
827 2157 904 2194 rev“

34 2211 98 2241 καθ’
132 2213 225 2241 ἑαυτὸν
262 2213 430 2252 ψιθυρίσαντα
453 2220 461 2228 ·
502 2213 532 2240 τὸ
560 2211 685 2240 ἐκλεῖπον
714 2210 870 2250 ἒκλειπέτω,

34 2259 67 2286 τὸ
98 2257 310 2297 ἐσκορπισμένον
339 2258 378 2295 μὴ
401 2257 556 2297 συναχθείη,
585 2257 630 2284 καὶ
654 2257 684 2284 τὸ
713 2266 871 2295 συντετριμ-

34 2302 123 2340 μένον
141 2302 181 2340 μὴ
196 2301 382 2341 ὁλομεληθείη.
412 2301 504 2341 Ἀρκεῖ
532 2302 582 2341 γὰρ
609 2304 644 2339 τῇ
672 2300 759 2340 ἡμέραι
779 2301 796 2334 ἦ
825 2310 873 2328 και-

33 2348 81 2375 κία
129 2346 225 2380 αὐτῆς.
262 2346 346 2376 Ἀλλὰ
382 2345 494 2386 σήρυξον
528 2345 723 2382 ἀποστολικῶς,
760 2344 871 2373 ἐνώπιον

35 2395 108 2420 Θεοῦ
140 2391 191 2425 τὴν
224 2391 362 2427 ἀλήθειαν.
399 2390 538 2424 Ἐπίστηθι
576 2390 712 2430 εὐκαίρως,
744 2390 871 2428 ἀκαίρως,

34 2436 163 2476 ἔλεγξον,
210 2436 378 2474 ἐπιτίμησον,
422 2435 620 2475 παρακάλεσον,
670 2434 870 2468 κακοπάθησον,

34 2481 119 2520 ἔργον
164 2481 277 2514 ποίησον
319 2479 518 2521 εὐαγγελιστοῦ,
561 2480 610 2514 τὴν
652 2478 784 2508 διακονίαν
826 2489 873 2506 σου

34 2525 264 2565 πληροφόρησον.
297 2526 346 2554 Καὶ
373 2526 445 2564 τάχα
474 2528 600 2557 νιινικῶς
629 2524 698 2552 οὕτω
719 2525 765 2552 τὸν
793 2522 874 2551 καλὸν

34 2571 138 2609 ἀγῶνα
160 2570 229 2598 κατὰ
249 2571 280 2598 τὸ
301 2569 474 2609 ἀπῃτημένον
503 2569 717 2609 ἀγωνισάμενος,
747 2569 791 2597 καὶ
826 2567 874 2600 τὴν

35 2615 180 2643 διακονίαν
236 2625 283 2643 σου
338 2615 505 2653 συντηρήσας
560 2612 775 2642 ἀνεπιϐούλευτον
831 2613 874 2640 καὶ

34 2660 180 2698 ὰμείωτον
214 2659 242 2687 ἐν
263 2663 302 2696 τῷ
337 2658 429 2697 μηδενὶ
464 2657 495 2687 ἂν
517 2668 686 2696 ταπεινωσῃς
715 2658 776 2689 τοὺς
798 2657 875 2685 ἀντι-

34 2705 204 2743 πίπτοντις,
233 2704 277 2732 καὶ
312 2703 391 2742 ἐρεῖς.
429 2704 479 2732 Τὸν
517 2702 613 2741 δρόμον
650 2702 784 2739 τετέλεκα,
828 2702 877 2735 τὴν

34 2749 133 2777 πίστιν
156 2748 304 2787 τετήρηκα.
334 2748 432 2776 Λοιπὸν
463 2747 601 2775 ἀπόκειταί
629 2758 674 2785 μοι
702 2749 751 2780 τῆς
773 2745 877 2774 δικαιο-

36 2794 127 2827 σύνης
146 2794 160 2820 ὁ
176 2793 317 2833 στέφανος.
335 2788 378 2824 ’ος
407 2793 450 2820 καὶ
479 2790 616 2826 ὃοθήσετιί
645 2801 685 2819 σοι
715 2791 785 2830 παρὰ
813 2794 878 2818 Θεοῦ

918 1544 947 1570 et
959 1539 1074 1570 veniam
1091 1539 1240 1577 merebor,
1257 1540 1307 1581 qui
1324 1541 1569 1572 consuetudinem
1586 1541 1740 1582 antiquam

917 1584 1079 1616 doceo.His
1094 1584 1183 1624 igitur
1198 1585 1227 1615 in
1244 1585 1323 1616 hunc
1340 1585 1459 1616 modum
1475 1589 1557 1617 recte
1572 1586 1740 1626 declaratis,

917 1632 948 1658 ut
963 1628 1099 1665 arbitror,
1120 1629 1322 1660 necessarium
1336 1630 1407 1661 mihi
1417 1630 1512 1661 visum
1525 1634 1580 1668 est,
1593 1635 1625 1661 ut
1629 1631 1742 1671 justam

917 1673 1089 1713 petitionem
1106 1674 1142 1705 ad
1160 1675 1273 1713 cujuvis
1305 1676 1448 1716 temporis
1465 1675 1676 1706 chartularium
1693 1675 1742 1705 in—

916 1716 1048 1748 stituam.
1067 1718 1192 1748 Domine
1210 1718 1249 1748 mi
1264 1718 1487 1760 cbartophylax,
1515 1719 1657 1750 talentum
1672 1719 1742 1749 ﬁdei

916 1764 973 1792 tute
988 1761 1132 1792 creditum
1155 1762 1190 1793 ab
1208 1763 1413 1804 omnipotente
1427 1764 1500 1800 Deo.
1519 1773 1573 1804 per
1596 1764 1740 1804 ignaviam

917 1810 995 1836 tuam
1007 1815 1044 1836 ne
1055 1806 1206 1837 defossum
1223 1807 1261 1838 sit
1273 1818 1281 1845 ;
1297 1817 1335 1838 ne
1347 1817 1453 1839 servus
1462 1817 1589 1848 nequam
1602 1812 1631 1839 et
1646 1808 1742 1847 ingra-

917 1853 962 1880 tus
978 1849 1158 1890 appelleris:
1177 1860 1250 1882 neve
1267 1861 1438 1891 magnorum
1466 1852 1554 1892 hujus
1573 1852 1661 1884 ofﬁcii
1677 1852 1741 1892 pri-

915 1894 1088 1933 vilegiorum
1105 1904 1156 1935 ws,
1173 1896 1266 1927 nimia
1282 1897 1510 1928 mansuetudine
1523 1901 1573 1928 tua
1586 1898 1739 1937 prodatur,

916 1939 967 1969 sed
983 1939 1061 1970 inter
1085 1940 1299 1971 nummularios
1314 1941 1550 1980 distribuatur,et
1561 1941 1740 1981 duplicetur.

915 1983 1051 2014 Alterum
1077 1987 1105 2015 te
1138 1993 1262 2025 scopum
1290 1985 1369 2016 Deus
1394 1986 1594 2027 episcopalem
1620 1995 1740 2016 manum

916 2029 1078 2061 constituit.
1109 2029 1172 2065 Quo
1201 2029 1243 2069 ﬁt,
1273 2034 1304 2060 ut
1319 2031 1354 2061 ad
1371 2041 1404 2061 os
1420 2034 1502 2061 tuum
1528 2030 1741 2070 omnipotentis

916 2073 969 2105 Dei
985 2074 1104 2104 domum
1121 2083 1225 2105 omnes
1241 2074 1457 2116 ingrediantur,
1482 2079 1512 2107 et
1533 2075 1569 2105 ad
1594 2084 1628 2106 os
1656 2079 1739 2106 tuum

916 2119 1115 2158 egrediantur.
1147 2120 1212 2150 Non
1240 2128 1309 2159 ergo
1339 2120 1450 2151 dixeris
1466 2129 1473 2151 :
1491 2119 1567 2156 Quid
1584 2119 1648 2150 dari
1665 2119 1738 2150 mihi

915 2163 1016 2203 possit,
1034 2167 1063 2194 et
1077 2163 1146 2203 quid
1158 2163 1247 2204 adjici
1258 2163 1294 2194 ad
1308 2164 1538 2196 sollicitudinem
1551 2165 1740 2205 perpetuam?

912 2206 991 2237 Neve
1008 2207 1147 2242 tacueris,
1160 2217 1215 2238 nec
1230 2207 1420 2249 demulseris,
1435 2218 1490 2240 nec
1502 2209 1618 2239 locutus
1632 2208 1736 2245 fueris,

913 2252 1000 2283 veluti
1017 2252 1065 2292 qui
1080 2251 1250 2282 hominibus
1265 2253 1382 2293 placere
1395 2253 1479 2291 velis,
1493 2253 1588 2293 inquit
1613 2261 1739 2293 magnus

911 2297 961 2327 ille
969 2296 1073 2327 Paulus
1080 2297 1229 2336 apostolus
1245 2297 1340 2328 instar
1349 2298 1428 2328 illius
1439 2297 1520 2338 pravi
1534 2297 1725 2334 mercenarii,

913 2341 963 2382 qui
979 2341 1056 2381 apud
1073 2341 1267 2381 semetipsum
1284 2342 1456 2373 susurrabat
1474 2353 1481 2374 ε
1498 2342 1634 2378 Deﬁciat,
1660 2343 1740 2382 quod

913 2386 1023 2422 drﬁcit,
1042 2386 1209 2426 dispersum
1227 2395 1286 2416 non
1301 2386 1467 2426 colligatur,
1494 2387 1652 2418 contritum
1680 2396 1739 2417 non

913 2431 1147 2471 redintegretur.
1174 2431 1288 2462 Suﬁicit
1317 2439 1443 2471 namque
1460 2431 1521 2462 diei
1538 2431 1657 2462 alﬁictio
1674 2440 1739 2463 sua.

916 2475 973 2507 Sed
990 2475 1086 2515 potius
1101 2476 1263 2515 apostolico
1280 2485 1363 2507 more
1374 2477 1526 2507 veritatem
1538 2476 1567 2506 in
1579 2479 1740 2516 conspectu

917 2520 970 2552 Dei
982 2519 1233 2551 nraadicatolnsla
1244 2521 1605 2561 opportune.iiiiporqine.
1623 2520 1740 2551 Redar-

916 2564 1120 2604 gue,increpa,
1135 2565 1301 2603 cohortare,
1321 2566 1449 2596 tolerans
1463 2571 1536 2603 esto,
1553 2566 1597 2595 fac
1608 2564 1739 2594 ofﬁeium

917 2609 1114 2649 evangelista},
1134 2609 1333 2641 ministerium
1350 2615 1432 2641 tuum
1445 2611 1546 2651 imple.
1558 2609 1599 2640 Ac
1608 2609 1741 2639 fortassis

917 2655 957 2685 ita
969 2654 1144 2694 juveniliter
1159 2654 1294 2684 absoluto
1312 2655 1453 2695 przcclaro
1469 2654 1644 2689 certamine,
1656 2657 1742 2693 prout

918 2699 971 2730 abs
985 2702 1012 2730 te
1029 2698 1208 2738 postulatum
1223 2699 1322 2737 fuerit,
1340 2704 1369 2730 et
1384 2703 1555 2731 conservato
1577 2697 1741 2728 ministerio

920 2747 969 2774 tuo
984 2742 1057 2773 citra
1080 2742 1218 2781 insidias,
1234 2753 1268 2774 ac
1283 2743 1408 2776 minime
1428 2744 1595 2783 deminuto,
1613 2743 1644 2773 in
1659 2741 1740 2772 nullo

920 2786 1089 2819 humiliabis
1099 2787 1301 2829 adversantes,
1318 2797 1351 2820 ac
1367 2789 1447 2820 dices
1461 2797 1467 2820 :
1482 2788 1608 2820 Cursum
1618 2785 1742 2824 absolvi,
