1917 3080
155 137 232 170 1203

847 139 913 170 JUS
937 137 1161 170 CANONICUM

1778 135 1850 168 1204

156 202 260 233 Omnis
283 202 358 243 lapis
384 202 483 233 anima
507 203 649 242 praeditus
673 207 718 234 est
736 213 742 232 :
760 211 795 233 ac
820 212 913 234 rursm

1092 217 1122 245 ιν,
1140 209 1194 237 Πᾶς
1216 206 1285 238 λίθος
1301 206 1423 246 ἔμψυχός
1445 206 1513 246 ἐστι,
1549 208 1593 234 καὶ
1624 207 1763 244 ἑτέρωθεν,
1783 207 1849 231 Πᾶσα

157 246 250 277 altera
266 252 361 287 parte,
378 246 483 278 Omnis
498 247 673 287 smaragdus
686 251 730 277 est
744 247 818 288 lapis
836 257 842 276 :
860 253 890 278 et
909 258 983 279 con—

161 291 382 328 cludat,0mnis
397 301 467 331 erga
483 291 556 332 lapis
568 291 741 330 smaragdus
753 295 796 322 est
805 292 903 323 anima
913 302 985 333 pra:-

158 335 339 367 ditus.......
367 336 497 376 colliget,
525 340 751 376 extremumque
778 337 981 369 mendacium.

157 379 242 412 Unde
266 380 310 418 ﬁt,
334 384 365 411 ut
389 381 440 421 qui
467 380 539 411 dicit
568 389 621 421 per
651 381 833 411 matrimonii
859 381 983 423 copula-

156 425 268 456 tionem
286 433 352 456 esse
367 425 472 456 factam
497 434 690 465 personarum
718 425 937 463 confusionem,
956 430 984 457 et

155 469 324 510 conjugium
349 479 415 501 esse
440 473 666 500 transmutatum
692 469 722 500 in
753 470 981 511 fraternitatem,

154 519 242 555 atque
265 515 304 545 ita
328 514 403 546 forte
425 513 638 546 absurditatem
662 514 834 549 concludit:
860 525 982 556 compe-

158 559 226 590 dem
250 559 367 599 linguai,
390 569 450 590 non
475 560 629 590 veritatem
661 559 792 598 colligat.
818 558 901 595 Quod
916 569 983 590 cum

155 604 194 635 ita
211 603 260 644 sit,
274 612 400 644 cumque
417 607 482 644 post
494 603 738 643 conjunctionem
755 613 842 634 sexus
858 610 984 644 uterque

156 652 273 679 maneat
302 647 428 687 integer,
457 657 545 678 nemo
574 651 632 678 tam
663 648 700 677 sit
723 648 828 684 audax,
856 651 887 678 ut
903 648 984 689 ipsos

157 693 299 732 conjuges
313 692 444 733 appellet
457 691 617 731 fratres,ad
634 692 900 732 reprehensionem
912 693 981 723 dicti

156 737 261 774 divini,
289 737 373 777 cujus
398 736 488 767 verba
509 740 576 767 sunt
603 746 609 767 :
636 735 672 766 Et
695 737 836 776 conjuges
851 737 908 777 ipsi
924 747 982 768 non

152 782 282 822 amplius
299 785 386 812 erunt
408 781 478 818 duo,
496 781 548 812 sed
565 790 652 812 unus.
669 780 784 821 Quippe
800 781 877 812 sicut
897 782 981 813 olea-

156 828 218 856 ster
247 829 404 865 propterea
430 833 489 855 non
517 824 628 856 dicitur
655 824 742 862 oliva,
775 825 854 865 quod
883 835 981 856 ramus

157 870 222 909 ejus
245 869 276 900 in
301 869 406 902 olivam
434 869 594 900 translatus
617 869 655 899 sit
671 878 678 900 :
697 870 740 900 sic
757 879 853 910 neque
870 875 981 910 patrem

158 913 276 954 puellm,
293 923 428 945 socerum
460 913 566 953 puellae
601 913 790 952 vocabimus,
819 914 882 950 Quo
911 924 983 946 sane

158 958 287 989 stabilito
316 967 370 998 per
396 957 686 989 demonstrationem
714 964 845 996 certam,
877 964 906 990 et
935 959 981 990 cui

156 1002 319 1034 contradici
341 1006 481 1043 nequeat,
500 1007 602 1034 nostra
617 1003 738 1043 quidem
759 1002 910 1043 opinione,
926 1013 981 1035 ne-

155 1057 213 1088 que
228 1047 328 1078 vocari
349 1047 451 1078 licebit
475 1047 649 1078 alterutrum
677 1057 778 1078 eorum
807 1048 842 1078 ad
860 1057 982 1079 succes-

157 1092 272 1123 sionem
289 1091 431 1132 defuncti,
451 1092 495 1122 vel
518 1092 642 1132 alicujus
665 1092 720 1131 ipsi
742 1093 886 1132 sanguine
911 1103 982 1132 pro-

158 1138 336 1179 pinquorum
354 1138 422 1179 (quo
438 1138 516 1169 enim
533 1138 562 1168 id
574 1138 680 1176 pacto?
696 1148 761 1169 cum
780 1139 983 1178 possessiones

157 1182 305 1223 accipiant
320 1183 352 1220 ii,
365 1183 473 1223 quibus
489 1182 553 1223 lego
569 1182 754 1222 deferuntur)
767 1192 863 1223 neque
877 1193 983 1224 repre-

159 1227 251 1258 hendi
281 1227 402 1267 poterit,
429 1231 479 1258 aut
502 1227 733 1258 abominandum
763 1227 832 1267 erit,
863 1228 887 1257 si
916 1228 983 1268 quis

160 1272 259 1309 dicat,
299 1271 407 1302 iisdem
442 1271 551 1302 ﬁnihus
589 1271 795 1302 circumscribi
833 1276 983 1304 contracti

160 1321 188 1348 et
213 1316 356 1347 afﬁnitate
383 1320 413 1348 et
433 1326 468 1347 ex
500 1316 678 1355 cognatione
707 1316 909 1349 matrimonia.
934 1317 983 1348 Sic

161 1361 241 1392 enim
261 1360 424 1391 canonibus
447 1364 491 1391 est
516 1365 668 1392 statutum.
696 1359 779 1397 Quod
806 1365 903 1392 autem
930 1371 982 1401 pa-

161 1409 244 1436 truus
259 1408 288 1435 et
303 1405 403 1436 fratris
428 1405 519 1443 ﬁlius,
546 1414 612 1435 cum
641 1404 731 1435 amita
756 1409 785 1436 et
811 1406 910 1436 fratris
924 1406 984 1437 ﬁlia

160 1449 351 1489 copulentur,
383 1458 443 1480 non
471 1453 527 1486 est,
559 1453 591 1480 ut
619 1449 708 1489 aliqui
739 1449 909 1490 perhibent,
933 1459 985 1490 per

161 1493 409 1524 consuetudinem
424 1503 484 1524 non
494 1493 634 1534 scriptam
651 1494 910 1535 introductum,vel
922 1495 986 1526 sine

161 1538 320 1569 traditione
346 1547 399 1579 per
418 1541 525 1569 statum
553 1538 787 1569 ecclesiasticum
810 1539 982 1571 invectum:

160 1584 212 1615 sed
238 1583 394 1614 clarissimi
421 1583 575 1624 principis,
593 1584 704 1614 domini
731 1585 986 1616 .‘tlexiiComneni

160 1637 275 1660 sacrum
291 1629 433 1666 edictum,
448 1629 595 1668 prolatum
611 1629 647 1660 ad
666 1629 889 1669 suggestionem
909 1630 984 1660 Bar-

162 1673 207 1704 daa
222 1673 387 1713 cujusdam,
413 1673 464 1713 qui
488 1674 588 1704 Xerus
610 1673 827 1714 appellabatur,
846 1677 875 1704 et
898 1682 984 1705 rece-

160 1722 242 1759 ptum
257 1722 314 1749 tam
327 1718 357 1749 in
372 1718 545 1759 republicze,
562 1727 650 1758 quam
677 1719 708 1749 in
723 1718 918 1750 ecclesiarum
935 1728 984 1749 ar-

160 1763 246 1794 chiva
261 1767 289 1794 et
304 1762 434 1800 codices,
457 1763 607 1803 ejusmodi
632 1762 750 1803 nuptias
770 1762 882 1794 liberas
904 1762 985 1800 fecit,

160 1816 214 1848 pro
230 1816 265 1838 ea
281 1811 452 1849 protestate,
471 1816 537 1847 quae
552 1807 667 1838 caelitus
688 1812 732 1838 est
757 1807 987 1848 imperatoribus

160 1852 237 1883 data.
255 1853 321 1885 Non
337 1852 426 1892 igitur
440 1856 599 1884 accuratus
613 1852 753 1883 Ecclesiae
768 1857 862 1883 status
873 1852 987 1883 calum-

159 1897 288 1928 niandus
312 1902 366 1929 est.
394 1898 469 1929 Nam
495 1896 685 1927 matrimonia
712 1906 746 1927 ex
772 1897 926 1937 afﬁnitate,
950 1897 986 1927 ad

160 1946 274 1974 sextum
300 1951 394 1983 usque
419 1941 542 1981 gradum
567 1946 596 1972 et
621 1942 791 1973 coarctabat
809 1951 939 1982 semper,
958 1946 988 1972 et

158 1987 256 2018 adhuc
278 1986 456 2027 constringit
478 1986 554 2017 sicut
576 1986 664 2016 etiam
684 1986 872 2017 matrimonia
884 1996 916 2016 ex
933 1995 986 2016 co-

163 2032 301 2072 gnatione
326 2040 333 2063 ί
361 2032 391 2062 in
416 2040 473 2072 quo
501 2035 559 2061 tam
580 2030 698 2069 legum,
725 2040 812 2071 quam
839 2040 985 2061 canonum

164 2079 273 2107 statuta
302 2075 451 2116 sequitur,
484 2079 513 2106 et
549 2080 661 2105 tomum
690 2075 771 2105 illius
808 2074 986 2106 sanctissimi

165 2121 356 2162 patriarchae,
374 2119 487 2150 domini
503 2119 638 2151 Sisinnii.
662 2118 745 2156 Quod
763 2119 842 2150 enim
864 2120 900 2150 ad
922 2120 987 2160 ejus

1025 249 1175 289 σμάραγδος
1200 250 1269 282 λίθος
1305 251 1360 279 ἐστι
1377 260 1384 266 '
1422 251 1464 278 καὶ
1497 257 1671 290 συειπερανεῖ,
1717 252 1773 280 Πᾶς
1809 248 1851 287 ἄρα

1025 293 1096 325 λιθος
1126 294 1276 334 σμάραγδος
1316 294 1438 334 ἕμᾲυχρς
1477 295 1661 332 ὲστι,.....ψιν
1704 293 1850 331 συναγάγῃ,

1024 338 1067 365 καὶ
1102 331 1196 375 ψεῦδὸς
1222 331 1363 379 ’ἔσχατονζ
1389 331 1484 368 η’δθεν
1510 339 1553 367 xxi
1587 339 1601 367 ὁ
1622 338 1708 377 λέγων
1736 336 1852 376 γενέσθαι

1025 380 1067 409 διὰ
1088 385 1138 415 τῆς
1170 384 1308 422 συναφείας
1343 385 1396 412 τῶν
1426 383 1596 412 ὕποστάσεων
1632 384 1683 416 τὴν
1712 382 1850 420 σύγχυσιν,

1024 427 1067 454 καὶ
1095 428 1144 460 τὴν
1173 429 1315 467 ὁμοζυγίαν
1349 430 1622 467 μεταστοιχειωθῆναι
1644 428 1712 466 πρὸς
1748 425 1853 465 ἀδελ-ρό-

1024 482 1103 507 τητα,
1123 472 1166 501 καὶ
1181 472 1249 501 οὕτω
1265 473 1447 512 συμπεραίνων
1474 473 1547 512 τάχα
1572 473 1603 500 τὸ
1630 471 1742 510 ἄτοπον,
1765 470 1851 509 γλωτ-

1024 514 1138 549 τοπέδην
1159 517 1318 556 συνήγαγεν,
1343 518 1391 546 οὒκ
1417 517 1554 552 ἀλήθειαν.
1581 517 1680 545 Τούτου
1717 514 1746 543 δὲ
1775 515 1852 545 οὕτως

1025 559 1148 600 ἔχοντος,
1177 561 1221 590 καὶ
1250 565 1303 590 τῶν
1331 564 1414 600 γενιῦν
1441 561 1598 599 σωζομένων
1625 561 1759 600 ἑκατέρων
1789 559 1852 597 μετὰ

1024 604 1073 638 ττὶν
1103 604 1208 645 ἕνωσιν,
1238 606 1277 643 μὴ
1306 605 1455 643 τολμητέον
1471 604 1597 645 ἀδελφοὺς
1618 605 1679 636 τοὺς
1709 604 1851 642 δμοζύγως

1024 649 1109 677 εἰπεῖν
1135 650 1171 681 εἷς
1200 649 1391 688 ἐπιστομισμὸν
1420 651 1466 678 τοῦ
1486 650 1606 689 ῥήματος
1625 654 1672 678 τοῦ
1701 649 1781 686 θεοῦ,
1812 649 1855 676 τώ

1024 693 1154 725 είπόντος.
1172 695 1221 723 Καὶ
1244 694 1331 723 οὒκέτι
1353 694 1456 723 ἔσονται
1486 695 1510 722 οἱ
1538 694 1666 732 ὁμόζυγες
1694 692 1750 732 δύο,
1790 691 1855 720 ἀλλὰ

1025 740 1077 769 εἷς.
1108 737 1155 769 ‘u:
1172 739 1220 778 γὰρ
1236 739 1265 767 οὔ
1294 739 1399 778 λέγεται
1426 739 1457 767 τὸ
1485 737 1636 778 ἆγριέλαιου
1671 737 1852 773 καλλιέλαιον,

1023 781 1063 810 ὅτι
1089 782 1184 814 κλάδος
1223 784 1302 812 αἰντοῦ
1336 784 1403 821 μετὰ
1438 782 1606 811 καλλιελαίου
1635 782 1852 821 μετεμοσχεύθη,

995 826 1105 873 Boii-.00:
1134 826 1190 855 ονἎέ
1220 827 1320 867 πατέρα
1353 828 1402 861 τῆς
1432 827 1514 867 κόρης
1543 828 1588 855 τὸν
1616 828 1715 860 ταύτης
1731 826 1854 863 εἴποιμεν

1024 872 1156 911 πενθερόν.
1182 872 1280 901 Τούτου
1309 871 1336 900 δὲ
1372 873 1560 912 σεηριχθέντος
1603 871 1629 904 ἐξ
1664 870 1854 909 ἀναντιῤῥήτου

1022 917 1066 944 καὶ
1094 915 1226 956 ἀσφαλοῦς
1269 916 1437 954 ἀποδείξεως,
1480 918 1517 948 ὡς
1560 917 1680 954 οἰόμεθα,
1722 915 1782 944 οὔτε
1823 916 1852 943 τὸ

1022 959 1158 988 καλετσθαι
1190 962 1296 1000 Θάτερον
1322 961 1348 994 ἐξ
1389 962 1474 989 αὖτῶν
1503 961 1539 992 εἷς
1578 961 1628 994 τὴν
1675 959 1854 999 κληρονομίαν

1023 1010 1069 1034 τοῦ
1096 1004 1311 1044 τελευτήσαντος,
1341 1006 1359 1040 ἢ
1386 1006 1456 1037 τινὸς
1484 1008 1536 1033 τῶν
1570 1003 1597 1038 ἐξ
1632 1004 1749 1042 α’ῗματος
1786 1007 1854 1040 αὖτῷ

1024 1053 1174 1089 προηενῶν
1203 1050 1461 1090 παῤῥησιασθήσεται
1497 1049 1565 1089 (πῶς
1601 1049 1677 1089 γάρ,
1716 1048 1854 1088 μροσλαμ-

1024 1092 1156 1122 ϐανόντων
1184 1098 1236 1123 τῶν
1259 1094 1432 1132 κτησαμένων
1461 1094 1491 1122 ἐκ
1518 1094 1600 1131 νόμου
1636 1094 1684 1125 τὰς
1728 1093 1854 1122 atumo-

1024 1138 1102 1178 χάς),
1134 1139 1191 1167 οὔτε
1219 1139 1355 1177 μεμπτέον
1383 1139 1457 1167 ἔσται
1486 1139 1530 1166 καὶ
1564 1138 1744 1177 ἀποτρόπαιον
1759 1139 1790 1166 τὸ
1805 1137 1853 1166 λέ-

1024 1194 1090 1221 γειν,
1107 1191 1166 1215 τοῖς
1189 1184 1285 1216 αὗτονς
1300 1183 1370 1224 ὅροις
1393 1182 1577 1212 συστέλλεσθαι
1597 1183 1631 1211 τὰ
1659 1182 1684 1215 ἐξ
1699 1183 1854 1223 ἀγιιπείας

1024 1228 1067 1255 καὶ
1087 1228 1120 1256 τὰ
1142 1227 1167 1261 ἐξ
1196 1227 1311 1266 αἵματος
1340 1227 1559 1267 συναλλάγματα.
1581 1226 1656 1256 Οὕτω
1691 1228 1741 1266 γὰρ
1776 1238 1851 1255 κεκα-

1024 1272 1152 1304 νόνισται.
1175 1274 1211 1301 Τὸ
1226 1272 1252 1300 δὲ
1275 1273 1452 1301 συνάπτεσθαι
1484 1274 1556 1300 θεῖον
1582 1272 1626 1300 καὶ
1655 1272 1763 1309 ἀνεψιὸν
1786 1272 1854 1309 μετα

1023 1318 1092 1349 θείας
1119 1318 1161 1346 καὶ
1189 1317 1308 1355 ἀνεψιᾶς,
1355 1318 1401 1346 οὐκ
1437 1316 1507 1345 ἔστιν
1546 1317 1594 1353 (ὥς
1630 1327 1699 1348 τινες
1734 1316 1855 1355 λέγουσι)

1024 1361 1160 1394 συνηθείας
1196 1362 1313 1401 ἀγράφου
1349 1361 1524 1401 παγκράτιον,
1566 1361 1583 1395 ἢ
1622 1361 1666 1389 καὶ
1691 1359 1858 1399 ἀπαραδότου

1026 1404 1249 1438 ὲκκλησιαστικῆς
1285 1406 1474 1437 καταστάσεως
1516 1405 1722 1445 τροπαιούχημα
1739 1414 1747 1422 ·
1790 1404 1859 1432 ἀλλὰ

1027 1449 1167 1488 πρόσταξις
1194 1451 1250 1478 θεία
1276 1450 1322 1478 τοῦ
1339 1449 1461 1487 ἀοιδίμου
1494 1449 1635 1489 βασιλέως,
1662 1449 1742 1488 κυροῦ
1759 1448 1858 1477 Ἀλλι-

1028 1494 1080 1528 ξίου
1100 1494 1147 1523 τοῦ
1170 1500 1321 1534 Κομνηνοῦ,
1347 1494 1518 1534 ἐξενεχθεῖσα
1539 1494 1582 1522 ἐπὶ
1608 1494 1756 1532 ὑπομνήσει
1774 1493 1860 1533 Βάρόα

1027 1539 1097 1570 τινὸς
1126 1538 1270 1578 λεγομένου
1298 1542 1402 1579 Ξηροῦ,
1425 1539 1474 1567 καὶ
1504 1538 1698 1578 ἐπιγνωσθεϊσα
1726 1545 1786 1570 τοϊς
1807 1537 1860 1571 δη-

1027 1590 1168 1621 μοσιακοϊς
1191 1585 1240 1612 καὶ
1274 1583 1508 1617 ἔχκλησιαπικοῗς
1536 1583 1654 1623 ἀρχείοις
1684 1583 1729 1610 καὶ
1757 1582 1860 1622 κώδιξι,

1026 1628 1072 1656 τὸν
1093 1631 1210 1656 τοιοῦτον
1235 1628 1320 1667 γάμον
1335 1627 1449 1656 ἀπέλυσε
1476 1628 1543 1656 κατὰ
1569 1630 1619 1661 τὴν
1640 1626 1784 1665 δεδομένην
1799 1634 1860 1658 τοῖς

1027 1671 1176 1711 βασιλεῦσιν
1206 1671 1295 1701 ἄνοθεν
1337 1673 1480 1711 κυριότητα
1498 1682 1506 1689 ·
1543 1672 1582 1709 μή
1619 1672 1704 1700 τοίνυν
1731 1682 1861 1711 συκοῳαν-

1027 1717 1127 1751 τηίτέον¹
1156 1717 1205 1751 τὴν
1231 1716 1328 1756 ἀκριϐῆ
1352 1719 1401 1750 τῆς
1428 1715 1589 1750 Ἐκκλησίας
1616 1716 1792 1748 κατάστασιν,
1822 1718 1861 1745 τὰ

1028 1762 1077 1801 γὰρ
1101 1760 1126 1794 ἐξ
1154 1761 1310 1801 ἀγχιστείας
1343 1760 1560 1801 ωναλλάγματα,
1598 1759 1680 1800 μέχρι
1707 1764 1753 1789 τοῦ
1783 1761 1862 1789 ἕκτου

1028 1807 1128 1844 βαθμοῦ
1160 1807 1204 1834 καὶ
1233 1808 1323 1845 αὖτοῦ,
1355 1807 1400 1834 καὶ
1442 1805 1615 1845 ὲστενοχώρει
1650 1805 1776 1841 πάντοτε,
1815 1807 1860 1833 καὶ

1029 1851 1204 1890 στενοχώρει,
1221 1851 1306 1882 καθώς
1323 1862 1372 1879 που
1401 1850 1447 1879 καί
1478 1851 1509 1878 τά
1530 1850 1557 1883 εξ
1579 1850 1706 1888 α’ἷματος,
1736 1850 1858 1888 ἑπομένη

1029 1903 1149 1934 νομικοῖς
1175 1898 1218 1924 καὶ
1250 1903 1401 1928 κανονικοῖς
1436 1895 1606 1934 διατάγμασι,
1641 1897 1686 1923 καὶ
1713 1899 1753 1932 τῷ
1781 1897 1859 1934 τόμῳ

1026 1944 1073 1969 τοῦ
1100 1940 1246 1980 ἀγιωτάτου
1271 1940 1370 1969 ἐκείνου
1398 1941 1575 1981 πατριάρχου,
1612 1941 1694 1977 κυροῦ
1729 1941 1857 1971 Σισινίου,

1027 1987 1063 2014 Τὸ
1075 1986 1125 2026 γὰρ
1148 1985 1190 2014 ἐπ’
1213 1986 1349 2025 ἀνατροπῇ
1366 1986 1458 2019 toti-nu
1473 1984 1600 2024 διορισθὲν
1629 1985 1704 2024 παρὰ
1717 1985 1859 2024 βασιλικῆς

1026 2030 1095 2063 θείας
1112 2030 1330 2069 μεγαλειότητος,
1357 2031 1393 2062 εἷς
1417 2030 1492 2069 ἔργον
1521 2029 1606 2058 ἐλθεῖν
1622 2031 1636 2058 ὁ
1651 2028 1750 2062 δίκαιος
1765 2031 1857 2069 κριτὴς

1027 2077 1074 2104 οὒκ
1094 2074 1250 2111 ηὖδόκῆσεν,
1268 2075 1304 2106 ὡς
1322 2074 1426 2102 οἴδασιν
1443 2076 1466 2102 οἱ
1495 2074 1674 2112 μεμυημένοι,
1698 2075 1744 2103 καὶ
1763 2075 1794 2103 οὗ
1809 2085 1858 2102 πε-

1028 2118 1188 2153 πλάνην-ται.

161 2166 347 2197 eversionem
364 2164 400 2195 ab
416 2164 609 2203 imperatoria
623 2173 708 2195 sacra
727 2164 879 2204 majestate
896 2162 1112 2205 promulgatum
1128 2163 1194 2204 fuit,
1211 2168 1243 2194 ut
1257 2164 1287 2194 in
1303 2164 1440 2195 eﬁ'ectum
1466 2162 1680 2199 deduceretur,
1693 2163 1794 2203 justus
1809 2163 1857 2193 ille

157 2210 252 2251 judex
268 2209 392 2240 minime
405 2209 515 2241 voluit:
534 2208 785 2249 quemadmodum
802 2212 910 2239 norunt
925 2206 1046 2246 initiati,
1063 2217 1119 2238 nec
1133 2207 1163 2239 in
1179 2217 1283 2240 errore
1297 2211 1462 2240 versantur.

199 2254 300 2295 Atqui,
318 2253 438 2294 subjicit
455 2253 653 2291 adversarius,
672 2263 709 2284 ne
724 2253 751 2284 id
768 2253 956 2294 quidem,qu<

1098 2255 1130 2290 κὶ,
1146 2255 1238 2294 φησὶν,
1252 2253 1312 2282 ἀλλ’
1342 2253 1399 2282 οὐδὲ
1426 2254 1457 2280 τὸ
1485 2253 1615 2292 σύγχυσιν
1643 2253 1688 2280 καὶ
1712 2252 1855 2291 ἀπρέπειαν

160 2300 297 2333 confusio
323 2303 352 2330 et
374 2299 507 2330 dedecus
535 2298 691 2329 nominum
719 2298 935 2334 introducatur,
952 2297 990 2328 ob

158 2345 308 2385 graduum
326 2343 594 2381 necessitudinem,
611 2342 771 2383 quominus
791 2342 895 2383 prima;
915 2351 990 2373 con-

154 2389 236 2430 jugis
252 2397 314 2419 suae
330 2388 484 2419 sobrinam
510 2388 601 2418 ducat
625 2386 808 2424 Demetrius,
836 2386 988 2427 impediet.

158 2435 220 2465 Hoc
246 2433 325 2464 enim
347 2433 407 2464 illis
433 2433 522 2464 etiam
549 2432 695 2472 sanguine
722 2431 902 2472 propinquis
916 2440 988 2462 usu-

157 2478 250 2519 venit,
266 2487 332 2509 cum
350 2477 429 2508 inter
444 2487 476 2509 se
491 2477 682 2519 copulantur,
701 2476 751 2517 qui
771 2476 816 2507 vel
840 2480 941 2506 octavo
957 2485 989 2506 se

159 2523 251 2564 gradu
267 2522 454 2563 contingunt,
473 2522 543 2554 dum
568 2522 710 2562 conjuges
734 2521 848 2560 absque
873 2520 988 2560 pudore

159 2577 309 2605 vocamus,
327 2577 402 2609 quos
418 2571 524 2598 natura
535 2566 726 2598 sobrinarum
744 2566 821 2596 ﬁlios
840 2565 985 2605 agnoscit,

165 2621 331 2653 eorumque
353 2612 465 2644 liberos
487 2622 540 2653 pro
565 2611 707 2642 tratribus
722 2610 870 2648 ducimus,
887 2619 953 2640 cum
977 2620 995 2641 a

160 2660 265 2689 natura
279 2656 337 2688 sint
349 2661 557 2697 prognatorum
571 2665 605 2687 ex
618 2655 748 2687 sobrinis
762 2655 826 2686 ﬁlii.
839 2655 901 2685 Cur
919 2662 992 2694 ergo

158 2711 266 2733 novum
293 2704 322 2732 et
345 2701 478 2733 insolens
494 2702 542 2740 sit,
566 2701 646 2732 idem
671 2701 727 2730 hoc
757 2699 843 2730 etiam
860 2698 890 2729 in
907 2707 987 2739 prae-

155 2747 232 2778 senti
260 2745 418 2787 questione
442 2746 501 2778 dici
531 2750 620 2787 atque
645 2743 735 2776 ﬁeri?
766 2743 823 2775 Sed
852 2743 985 2782 audiant,

154 2791 206 2833 qui
227 2791 290 2823 haec
310 2790 349 2822 ita
372 2791 526 2832 colligunt,
553 2790 646 2832 quod,
666 2788 921 2831 quemadmodu'n
939 2796 985 2824 ea,

1031 2298 1168 2335 ὀνομάτων
1190 2299 1337 2338 εἰσάγεσθαι
1363 2297 1404 2327 διὰ
1432 2298 1481 2331 τὴν
1509 2300 1560 2324 τῶν
1590 2297 1698 2335 βαθμῶν
1725 2296 1855 2332 ἰδιότητα,

1031 2341 1165 2380 ἐμποδίσει
1193 2341 1284 2371 λαϐεῖν
1318 2343 1363 2370 τὸν
1403 2343 1557 2381 Δημήτριον
1585 2342 1634 2376 τὴν
1670 2340 1856 2381 δισεξαδέλφην

1031 2387 1079 2420 τῆς
1120 2387 1248 2427 προτέρας
1276 2387 1355 2416 aureo
1390 2387 1524 2425 γυναιγός.
1557 2389 1641 2415 Τοῦτο
1669 2387 1720 2425 γὰρ
1748 2387 1794 2414 καὶ
1822 2387 1855 2415 εἷς

1030 2432 1090 2463 τοὺς
1103 2431 1312 2470 συναπτομένους
1336 2431 1363 2464 ἓξ
1385 2431 1500 2468 α”ματος
1525 2437 1664 2470 συγγενεῖς
1694 2431 1738 2458 καὶ
1766 2430 1857 2469 ὀγδόου

1030 2476 1106 2508 ὄντας
1140 2477 1240 2514 βαθμοῦ
1268 2475 1461 2516 θριαμξεέετχι,
1494 2475 1527 2503 δι’
1558 2476 1596 2502 ὧν
1627 2475 1771 2513 ὁμοζύγσυς
1808 2474 1854 2501 ἀν-

1031 2521 1201 2560 ερυθριάστως
1240 2521 1466 2559 κατονομάζομεν,
1505 2521 1548 2551 οὒς
1580 2520 1597 2554 ἡ
1636 2519 1712 2559 quin;
1754 2518 1854 2558 τρια-εξ-

1029 2565 1154 2606 αδελφους
1181 2565 1316 2605 ἐγνώρισε,
1345 2566 1388 2593 καὶ
1410 2565 1470 2596 τοὺς
1500 2563 1596 2596 παῖδας
1626 2565 1713 2593 αΰτῶν
1727 2564 1765 2596 ὡς
1780 2562 1855 2590 ἀδελ-

1035 2611 1098 2650 φοὺς
1133 2610 1305 2650 περιέπομεν,
1341 2607 1589 2649 τετταρεξαδέλφους
1628 2609 1705 2640 ὄντας
1743 2607 1773 2635 ἐκ
1807 2607 1853 2647 φύ-

1034 2665 1112 2686 σεως,
1130 2655 1159 2684 Τί
1174 2659 1236 2694 γοῦν
1252 2655 1306 2683 ἐστι
1331 2655 1422 2682 καινὸν
1450 2654 1498 2681 κάν
1520 2664 1559 2689 τῳ
1583 2653 1693 2692 παρόντι
1721 2652 1854 2689 ζητήματι

1033 2699 1170 2727 λαλεῖσθαι
1203 2703 1280 2728 τοῦτο
1307 2699 1352 2729 καὶ
1385 2699 1524 2738 γίνεσθαις
1559 2697 1636 2726 Ἀλλ’
1669 2696 1854 2725 ἀκουσάτωσαν

1029 2744 1052 2772 οἱ
1078 2748 1158 2773 ταῦτα
1188 2744 1361 2783 συνείροντες,
1391 2742 1431 2770 ὅτι
1458 2743 1545 2774 καθὼς
1566 2743 1599 2770 τὰ
1625 2741 1754 2781 Γαδείρων
1783 2740 1853 2771 ἐντὸς

1028 2787 1190 2828 διακείμενα,
1226 2788 1270 2816 καὶ
1299 2786 1531 2827 ἀκριϐολογοῠνται
1565 2787 1609 2815 καὶ
1644 2785 1854 2826 ἀπογράφονται,
