1917 3080
143 108 219 140 1207

825 109 840 139 J
844 107 889 139 US
909 106 1144 140 CANONICUM.

1761 107 1838 141 me

143 175 292 207 Nimirum
307 175 358 215 qui
371 174 486 211 dicunt,
495 175 638 214 conjuges
653 174 730 205 inter
744 183 777 204 se
797 174 842 204 vel
861 173 981 211 unius,.t

1063 187 1074 203 ιι
1103 177 1162 208 τοὺς
1193 177 1314 215 ξυζύγους
1344 178 1401 209 ἐνὸς
1431 177 1446 210 ἥ
1471 176 1591 216 δευτέρου
1626 178 1742 215 βαθμοῦ,
1790 178 1835 203 καὶ

143 220 189 250 vel
199 219 325 252 secundi
336 228 402 251 esse
413 219 532 259 gradus.
546 219 656 260 quique
668 228 720 259 per
738 219 847 259 gradus
863 228 914 249 eos
927 218 968 249 ita

145 265 265 304 librant,
276 265 316 295 uti
332 263 428 294 solent
439 273 488 294 res
499 263 568 301 illac,
582 273 647 304 qum
663 263 806 305 pondere,
823 263 867 293 vel
881 272 967 294 men-

146 318 226 345 sura,
243 309 288 340 vel
305 318 429 339 numero
445 312 582 339 constant
599 319 607 346 ;
623 309 737 340 similes
752 312 821 339 sunt
836 308 966 339 interro-

144 353 294 394 gantibus,
301 354 461 394 quotuplex
468 353 546 384 istud
554 354 752 394 pavimentum
763 353 837 393 lapis
843 352 966 389 ambiat,

146 402 175 429 et
183 397 447 438 respondentibus,
459 397 578 438 duplex.
591 397 706 438 Quippe
717 397 970 437 cingituralapide

146 444 258 484 prasini
267 443 388 480 coloris,
401 447 431 474 et
442 442 520 482 ligno
537 442 659 474 cedrino
669 442 880 474 circumdatur.
894 443 969 479 Qua-

147 487 281 519 mobrem
296 491 364 528 apte
379 487 519 525 dicimus,
543 497 599 519 nec
621 487 657 518 ad
683 487 808 518 duorum
825 486 968 527 graduum

146 531 400 563 necessitudinem
430 531 538 563 referri
561 532 703 572 conjuges
729 532 800 571 (quo
829 531 910 562 enim
940 530 968 561 id

148 576 255 618 pacto?
265 585 334 608 cum
346 576 481 607 eamdem
493 576 625 607 radicem
637 581 666 607 et
677 575 902 615 generationem
911 585 970 606 non

147 621 286 658 habeant,
303 630 337 652 ac
352 629 388 652 ea
402 628 490 652 causa
501 620 674 652 naturaliter
694 630 753 651 non
768 620 947 660 dividantur)
961 630 967 650 :

148 676 205 698 nec
220 667 307 697 etiam
323 666 412 697 unius
426 670 454 696 et
470 665 605 705 ejusdem
634 674 699 696 esse
713 665 831 704 gradus,
849 670 973 706 propter

148 712 290 742 unionem
302 711 464 750 carnalem,
472 714 504 741 ut
512 710 605 740 instar
611 709 698 740 mulsi
710 709 969 746 commisceantur,

151 757 221 796 (qua
239 755 318 786 enim
335 755 364 786 id
380 754 445 786 ﬁeri
470 754 584 786 ratione
606 754 708 794 possit.
740 764 807 785 cum
839 763 972 795 personae

1008 226 1226 260 :u~,roat:106‘rr:<
1253 221 1295 250 διὰ
1309 221 1440 260 βαδμίέων
1477 223 1581 257 αὖτοὺς,
1609 224 1677 251 κατὰ
1706 223 1738 250 τα
1769 233 1836 250 στα-

1007 267 1143 304 Θμώμενα,
1181 267 1198 300 ἢ
1227 268 1401 308 μετρούμενα,
1436 268 1454 301 ἢ
1497 267 1688 307 ἀριθμούμενα,
1733 267 1835 296 ἐοίκασι

1008 318 1067 343 τοῖς
1089 311 1280 351 ὲροηωμένοις,
1309 312 1392 344 πόσος
1418 312 1548 352 ἀμπίσχει
1569 311 1628 340 τόδε
1657 313 1687 340 τὸ
1722 311 1836 340 δάπεδον

1009 356 1167 395 μάργαροςς
1202 355 1249 383 καὶ
1279 356 1508 397 ἀποκρινομένοις,
1548 356 1645 389 διττός,
1675 358 1751 390 Δίθος

1010 402 1141 440 πρασίζωί
1184 401 1248 448 αὖξὸ
1284 401 1466 442 περιζώννδσι,
1509 403 1552 430 καὶ
1597 401 1674 434 ξύλον
1718 400 1836 440 κέδρινον

1011 445 1189 484 ἅμφιέννδσιν.
1221 445 1313 485 Ἇραρε
1347 447 1431 474 τοίνυν
1460 446 1547 486 λέγειν
1571 447 1655 484 ἡμᾶς,
1685 447 1754 484 μήτε
1770 447 1837 485 πρὸς

1011 489 1054 518 δύο
1089 490 1197 527 βαθμῶν
1231 490 1381 524 οἰκειότητα
1414 491 1474 522 τοὺς
1505 492 1650 531 ὁμοζύγους
1678 491 1834 529 ἀνάγεσθαι,

1011 535 1082 574 (πῶς
1099 536 1160 574 γὰρ,
1176 536 1200 563 οἱ
1215 536 1253 573 μὴ
1268 535 1317 568 τὴν
1342 535 1422 569 αὖε-ὴν
1437 535 1585 575 ἐσχηκότες
1613 537 1684 574 ῥίζαν
1705 537 1750 564 καὶ
1773 536 1839 574 γέν-

1011 590 1100 619 νησιν,
1125 580 1170 607 καὶ
1196 578 1237 607 διὰ
1272 583 1349 607 τουτο
1377 579 1445 617 μηδὲ
1472 584 1588 620 φυσικῶς
1622 579 1800 619 διαιρούμενοι
1816 587 1839 619 ς)

1013 623 1078 662 μήτ’
1104 623 1149 652 οὖν
1181 625 1239 655 ἑνος
1268 624 1387 663 γενέσθαι
1414 625 1526 662 βαθμοῦ,
1556 625 1598 653 διὰ
1625 625 1674 659 τὴν
1710 625 1839 663 Emptum

1012 669 1116 706 ἕνωσιν,
1144 670 1189 697 καὶ
1216 671 1381 709 συγχυθῆναι
1409 671 1477 698 κατὰ
1505 670 1674 710 μελίκρατον.
1693 671 1838 708 Πῶςγάρζ

1013 713 1174 750 Σωζομένων
1202 712 1374 742 ﬁuit-abtum
1408 717 1461 743 τῶν
1496 715 1686 754 ὑποστάσεωνς
1725 715 1777 742 Δια
1813 713 1841 741 δὲ

1013 758 1062 790 τὴν
1095 758 1165 786 θείαν
1189 759 1234 786 καὶ
1262 758 1418 797 σωτηριώδπη
1453 759 1544 798 φωνὴν
1572 763 1619 787 τοῦ
1654 759 1761 798 Κυρίου,
1798 762 1845 788 καὶ

151 799 421 839 maneantintegm
431 798 457 833 ?)
473 798 530 844 θεᾷ,
537 803 656 844 propter
664 798 793 844 divinam
809 808 843 830 ac
859 799 970 844 saluta-

1064 807 1079 832 ὖ
1106 804 1150 830 καὶ
1182 805 1306 842 Σωτῆρος
1341 805 1419 841 ἡμῶν
1455 803 1543 837 Ἰησοῦ
1571 808 1694 844 Χριστοῦ,
1725 808 1773 832 τοῦ
1800 805 1843 832 εἰ-

150 854 213 875 rem
223 853 326 875 vocem
340 844 467 882 Domini,
482 843 581 881 etDei,
594 848 622 874 et
633 843 790 874 servatoris
800 843 893 874 nostri
902 844 973 874 Jesu

151 889 275 926 Christi,
284 889 334 928 qui
342 888 455 919 dixitad
467 887 630 928 discipulos
637 887 734 928 ipsum
742 889 971 927 interrogantes,

152 934 295 965 liceretne
311 933 423 964 homini
437 933 584 964 divertere
600 933 636 964 ab
663 943 753 964 uxore
775 942 839 969 sua,
855 933 974 963 disertis

151 978 249 1009 verbis
261 978 322 1008 haec
333 977 540 1018 subjungendo
553 988 560 1007 :
573 977 636 1008 Non
648 977 769 1017 legistis,
794 987 860 1008 eum
873 977 924 1017 qui
937 977 974 1008 ab

152 1025 237 1056 initio
249 1034 297 1056 res
307 1024 450 1059 condidit.
464 1033 576 1055 marem
586 1024 847 1064 etfeminamipsos
854 1024 972 1055 fecisse:

153 1080 210 1111 qua
225 1070 262 1100 de
277 1078 366 1100 causa
375 1069 522 1110 relinquet
538 1069 628 1100 homo
641 1073 753 1110 patrem
765 1078 850 1100 suum
862 1073 891 1100 et
910 1077 973 1099 ma-

153 1114 520 1156 trem,etagglutinabitur
536 1114 620 1144 uxori
635 1123 706 1144 suae.
723 1114 756 1144 Et
768 1117 855 1144 erunt
870 1113 900 1144 hi
916 1113 974 1144 duo

153 1161 182 1192 in
195 1170 313 1192 carnem
326 1169 426 1191 unam.
441 1159 539 1195 Quare
551 1168 609 1190 non
621 1159 748 1199 amplius
763 1158 822 1189 duo
838 1162 907 1189 sunt
921 1158 974 1189 sed

153 1215 213 1237 una
225 1215 292 1236 caro
306 1215 313 1234 ε
328 1208 449 1245 propter
460 1204 536 1235 hanc
547 1212 617 1243 ergo
629 1212 730 1234 vocem
743 1203 866 1234 credere
883 1212 936 1233 nos
947 1207 976 1233 et

154 1249 394 1286 confiteri,unum
403 1248 616 1289 propemodum
630 1247 798 1278 unaminem
810 1247 973 1287 hominem,

155 1296 206 1336 qui
221 1294 335 1325 duabus
348 1294 379 1324 in
395 1293 532 1333 personis
551 1292 693 1329 cernitur,
722 1302 775 1332 pro
801 1292 976 1332 conjugibus

154 1339 334 1371 matrimonii
343 1347 432 1369 causa
439 1337 555 1369 haberi.
574 1337 631 1369 Sed
642 1337 721 1369 enim
731 1337 972 1377 permittendum,

153 1389 185 1415 ut
192 1385 272 1415 rivus
278 1383 420 1415 orationis
426 1383 514 1414 etiam
523 1382 560 1414 ad
568 1381 647 1413 aliud
657 1381 799 1421 quiddam
808 1386 976 1422 opportune

153 1433 264 1461 currat.

194 1473 344 1513 Unigeniti
366 1473 432 1504 Filii
453 1472 507 1504 Dei
527 1471 826 1512 incomprehensibils
840 1481 909 1511 erga
925 1481 978 1502 nos

155 1518 312 1553 demissio,
324 1521 353 1548 et
364 1517 470 1557 pignus
481 1516 583 1548 salutis
592 1516 713 1547 humani
725 1516 926 1555 generis,cum
944 1525 978 1547 ex

154 1563 220 1594 aliis
231 1561 331 1593 multis
343 1561 489 1602 mysteriis
498 1561 714 1601 magniﬁcatur,
731 1566 790 1592 tum
812 1562 900 1592 etiam
919 1570 978 1592 non

155 1616 257 1648 parum
271 1606 452 1646 gloriﬁcatur
459 1615 494 1637 ex
502 1605 712 1648 benedictione
723 1605 975 1646 nuptiali.Quippe

154 1661 221 1683 cum
234 1651 360 1682 obnoxia
371 1655 491 1691 peccato
503 1650 675 1691 conjunctio
686 1650 716 1680 in
740 1651 907 1681 universam
925 1651 976 1680 ho-

154 1698 267 1728 minum
285 1705 411 1728 massam
428 1695 531 1727 fuisset
546 1695 645 1727 dedita
661 1699 727 1736 post
741 1695 878 1726 draconis
894 1695 974 1726 invi-

153 1742 246 1779 diam,
261 1746 289 1773 et
303 1741 432 1773 mandati
448 1741 540 1772 divini
555 1740 832 1781 transgressionem,
855 1741 978 1781 jamque

156 1787 265 1824 malum
277 1786 350 1818 illud
361 1787 397 1818 ad
409 1785 468 1818 alia
481 1786 558 1818 mala
565 1786 891 1826 majoraprocessisset;
901 1795 980 1816 cura:

155 1832 284 1872 benigno
295 1832 356 1863 Deo
364 1831 419 1862 fuit
431 1831 619 1872 regeneratio
631 1836 730 1861 nostra
745 1835 773 1861 et
787 1830 977 1863 instauratio.

154 1879 328 1919 ltaquecum
338 1877 567 1917 unigenitusDei
575 1877 667 1908 Filius
680 1877 768 1907 homo
779 1877 871 1907 factus
879 1877 982 1907 fuisset

157 1924 250 1955 instar
264 1926 409 1960 nostrum,
427 1926 548 1963 propter
563 1930 630 1959 nos,
648 1926 676 1952 et
691 1931 812 1952 omnem
829 1921 915 1952 aliam
932 1921 981 1952 ad-

157 1967 407 1999 ministrationem
418 1966 629 2008 implesset,uti
640 1975 693 1996 nos
702 1965 873 1997 beatitatem
883 1965 980 2006 pristi-

157 2023 225 2045 nam
241 2020 474 2052 recuperamus:
492 2011 579 2042 etiam
594 2010 704 2052 nuptiis
713 2010 744 2041 in
765 2011 843 2042 Cana
857 2011 984 2042 Galilazze

156 2057 315 2089 celebratis
331 2055 495 2096 benedixit,
527 2060 555 2087 et
580 2064 684 2096 aquam
716 2055 935 2095 desperationis
952 2055 982 2085 in

157 2103 257 2133 vinum
275 2110 352 2132 verae
380 2100 434 2132 Dei
455 2100 637 2141 cognitionis
661 2100 782 2130 mutavit
800 2110 807 2137 ;
837 2100 982 2132 certiores

158 2155 212 2187 per
228 2146 283 2176 hoc
298 2145 429 2176 reddens
442 2145 590 2182 homines,
607 2144 685 2185 quod
701 2144 821 2176 femina),
840 2154 898 2175 non
915 2154 980 2176 am-

160 2190 236 2231 plius
263 2189 294 2220 in
308 2189 463 2220 doloribus
488 2189 599 2220 liberos
621 2189 746 2230 pariant,
774 2199 829 2220 nec
844 2190 894 2230 qui
910 2199 981 2230 pro-

1014 848 1110 879 πόντος
1140 848 1203 887 πρὸς
1228 849 1288 879 τοὺς
1317 847 1503 887 ὶρωτήααντας
1544 850 1622 877 αὖτὸν
1654 850 1788 886 μαθητὰς,
1820 850 1843 876 εἰ

1014 892 1112 924 ἔξεστιν
1146 892 1274 932 ἆιῶρώπῳ
1306 892 1435 921 ἀπολῦσαι
1460 894 1510 927 τὴν
1535 900 1648 933 γυναῖκα
1677 894 1767 933 αἰετοῦ,
1797 894 1845 921 καὶ

1015 936 1196 976 ἐπαγαγόντος
1226 941 1307 965 ταῦτα
1341 937 1428 975 ῥητῶς
1445 947 1452 953 '
1494 939 1547 967 Οὔκ
1582 939 1725 978 ἀνέγνωτε,
1754 938 1798 966 ὅτι
1828 939 1844 965 ὁ

1016 983 1131 1016 ποιήσας
1146 982 1285 1022 ἁπαρχῆς,
1314 982 1390 1021 ἄρσεν
1420 983 1463 1010 καὶ
1483 982 1550 1017 θῆλυ
1578 983 1701 1022 ἐποίησεν
1734 983 1840 1014 αὖτοὺς·

1014 1027 1057 1054 καὶ
1086 1025 1173 1054 ἕνεκεν
1202 1027 1295 1055 τούτου
1324 1026 1476 1064 καταλείψει
1506 1027 1638 1066 ἄνθρωπος
1666 1029 1711 1056 τὸν
1741 1028 1843 1066 πατέρα

1015 1072 1078 1100 αὖτο
1119 1072 1164 1099 καὶ
1198 1071 1246 1104 τὴν
1274 1071 1388 1111 μητέρα,
1424 1072 1467 1100 καὶ
1495 1072 1758 1111 προσκολληθήσεται
1809 1075 1844 1109 τῇ

1016 1117 1119 1154 γυναικὶ
1139 1117 1217 1144 αὺτοῦ
1231 1123 1238 1130 ’
1263 1116 1306 1144 καὶ
1333 1115 1434 1144 ἔσονται
1457 1118 1480 1144 οἱ
1507 1115 1552 1145 δύο
1580 1118 1616 1149 εἰς
1642 1118 1726 1156 σάρκα
1751 1117 1814 1155 μίαν
1833 1125 1842 1131 ³

1016 1161 1084 1189 ὥστε
1099 1161 1184 1190 οὐκέτι
1202 1161 1250 1188 εἶσὶ
1263 1160 1318 1198 δύο,
1335 1160 1403 1188 ἀλλὰ
1429 1161 1491 1200 σὰρξ
1507 1161 1555 1198 μία
1572 1171 1578 1178 ·
1606 1163 1738 1191 πιστεύειν
1753 1163 1842 1199 ἡμᾶς,

1016 1206 1060 1233 καὶ
1075 1205 1231 1244 ὁμολογεῖν,
1246 1204 1291 1233 ἕνα
1311 1204 1407 1245 σχεδὸν
1428 1207 1570 1246 ὁμόψυχον
1583 1207 1719 1246 ἄνθρωπον
1737 1207 1763 1235 ἐν
1787 1206 1845 1234 δνσὶ

1017 1250 1195 1289 Θεωρούμενον
1216 1250 1401 1288 ὑποστάσεσι-ι,
1417 1251 1560 1289 spor-$109;
1575 1250 1617 1278 διὰ
1630 1252 1675 1279 τὸν
1690 1252 1777 1290 γάμον
1792 1251 1846 1280 λο-

1017 1295 1140 1333 γίζεσθαι.
1159 1293 1242 1322 Ἀλλὰ
1256 1293 1343 1322 δοτέον
1355 1293 1515 1334 ἀναδραμεῖν
1536 1299 1582 1323 τοῦ
1603 1295 1684 1334 λόγου
1697 1297 1744 1324 τὸν

1016 1339 1060 1366 καὶ
1074 1339 1138 1378 πρὸς
1153 1338 1241 1377 ἕτερον
1253 1338 1363 1378 καίριον.

1060 1467 1091 1501 Ἠ
1124 1476 1171 1501 τοῦ
1199 1484 1356 1512 μονογενους
1400 1474 1459 1503 1·ἷοῦ
1493 1477 1539 1502 τοῦ
1569 1478 1635 1502 θεοῦ
1670 1476 1735 1514 πρὸς
1769 1476 1845 1512 ἡμᾶς

1019 1517 1206 1550 ἀκατάληπτος
1241 1517 1444 1556 συγκατάϐασις,
1488 1520 1532 1547 καὶ
1568 1520 1599 1547 τὸ
1627 1519 1675 1552 τῆς
1711 1521 1846 1559 σωτηρίας

1019 1567 1065 1591 τοῦ
1089 1562 1181 1601 γένους
1214 1565 1267 1590 τῶν
1302 1563 1445 1602 ἀνθρώπων
1481 1564 1624 1604 ἐχέγγυον,
1669 1564 1847 1604 μεγαλύνεται

1019 1607 1068 1643 μὲν
1083 1606 1129 1634 καί
1145 1606 1171 1639 ἐξ
1192 1606 1279 1634 ἄλλων
1304 1609 1453 1646 μυστηρίων
1481 1608 1598 1645 πολλῶν,
1636 1611 1688 1648 οὐχ
1712 1610 1794 1643 ἧττον
1819 1608 1847 1636 δὲ

1017 1652 1060 1679 καὶ
1089 1651 1119 1679 ἐκ
1145 1654 1194 1685 τῆς
1223 1655 1341 1691 γαμικῆς
1363 1652 1508 1692 ἱερολογίας
1538 1653 1682 1689 δοξάζεται.
1713 1656 1766 1687 Τῆς
1795 1654 1848 1692 γὰρ

1018 1697 1200 1735 ἁμαρτητικῆς
1235 1697 1373 1737 συναφείας
1412 1696 1573 1731 διαδοθείσης
1606 1699 1642 1730 εἰς
1679 1698 1750 1726 ἅπαν
1792 1701 1849 1725 τῶν

1020 1741 1162 1780 ἀνθρώπων
1196 1742 1227 1768 τὸ
1250 1741 1365 1780 φύραμα,
1388 1743 1455 1779 μετᾶ
1482 1743 1527 1770 τὸν
1553 1744 1647 1782 φθόνον
1671 1746 1716 1770 τοῦ
1731 1741 1848 1782 δράκον-

1020 1796 1078 1825 τος,
1105 1786 1149 1813 καὶ
1177 1787 1226 1818 τῆς
1254 1784 1364 1818 ἐντολῆς
1391 1789 1437 1814 τοῦ
1465 1789 1530 1815 Θεοῦ
1551 1787 1600 1820 τὴν
1626 1786 1785 1825 παράδοσιν,
1803 1788 1848 1815 καὶ

1022 1832 1068 1857 τοῦ
1094 1832 1177 1857 κακοῦ
1217 1829 1282 1868 πρὸς
1319 1829 1394 1868 ἕτερα
1431 1831 1498 1858 κακὰ
1526 1832 1755 1870 προχωρήσαντος
1783 1831 1848 1868 μεί-

1022 1877 1094 1909 ζονα,
1110 1873 1224 1912 ἐμέλησε
1252 1877 1291 1911 τῷ
1305 1873 1481 1914 «ριλανορὼπῳ
1502 1879 1559 1912 Θεῷ
1573 1878 1622 1909 τῆς
1649 1877 1725 1913 ἡμῶν
1741 1875 1847 1914 παλιγ-

1021 1919 1138 1957 γενεσίας
1175 1920 1218 1947 καὶ
1256 1919 1440 1951 ἂναπλάσεως,
1482 1921 1601 1958 Γεγονὼς
1626 1921 1710 1948 τοίνυν
1749 1920 1850 1959 ἄνθρωο

1023 1974 1072 1994 πος
1097 1963 1154 1992 καθ’
1169 1965 1251 2002 ἡμᾶς,
1269 1963 1302 1992 δι’
1318 1965 1389 2001 ἡμᾶς
1404 1965 1418 1992 ὁ
1433 1966 1580 2004 μονογενὴς
1608 1966 1666 1997 Υιὸς
1696 1970 1742 1994 τοῦ
1768 1969 1847 1999 Θεοῦ,

1023 2011 1067 2038 καὶ
1082 2014 1168 2040 πᾶσαν
1197 2009 1281 2043 ἄλλην
1309 2009 1453 2048 πληρώοας
1485 2011 1646 2048 οἶκονομίαν,
1683 2011 1729 2038 ’ίνα
1763 2012 1850 2048 ἡμεῖς

1023 2056 1072 2089 τὴν
1099 2055 1212 2095 ἀρχαίαν
1242 2055 1424 2095 μακαριότητα
1452 2055 1587 2093 λάϐωμεν,
1609 2056 1653 2083 καὶ
1680 2057 1726 2084 τὸν
1741 2055 1769 2084 ἐν
1791 2061 1850 2084 Κα-

1023 2103 1055 2127 νᾶ
1069 2101 1118 2133 τῆς
1133 2099 1274 2131 Γαλιλαίας
1302 2100 1388 2138 γάμον
1409 2100 1555 2139 ηὒλόγησε,
1578 2101 1622 2128 καὶ
1648 2101 1679 2128 τὸ
1707 2099 1776 2140 ὕδωρ
1799 2103 1850 2134 τῆς

1023 2144 1199 2183 ἀπογνώσεως
1216 2144 1252 2175 εἷς
1267 2144 1342 2172 οἶνον
1358 2143 1469 2177 ἀληθοῦς
1495 2145 1653 2183 θεογνωσίας
1675 2143 1822 2182 μετέϐαλεν
1840 2152 1848 2158 ·

1024 2189 1139 2217 ἐντεῦθεν
1154 2188 1329 2229 πληροφορῶν
1357 2189 1388 2216 τὸ
1416 2189 1588 2228 ἀνθρώπινον,
1618 2190 1653 2221 ὡς
1682 2188 1769 2217 οὒκὲτι
1797 2201 1851 2228 γ.)-

157 2238 299 2266 creantur
326 2243 361 2264 ex
397 2233 586 2274 copulatione
613 2233 829 2266 matrimoniali
857 2234 981 2274 amplius

1063 2240 1116 2266 ῐκες
1132 2234 1159 2262 ἐν
1181 2233 1277 2266 λυπαϊς
1306 2233 1385 2261 τέκνα
1412 2234 1594 2272 γεννήτουσιν,
1624 2233 1682 2262 ὠδὲ
1712 2233 1742 2261 ἐκ
1764 2245 1853 2272 γαμι-

159 2279 284 2321 pristino
302 2288 384 2310 ntere
399 2278 512 2319 dicant,
528 2279 560 2310 In
572 2278 704 2319 peccatis
715 2279 853 2319 concepit
863 2289 910 2310 me
925 2289 983 2310 ma-

159 2330 204 2356 ter
221 2333 305 2356 mea:
324 2323 377 2355 sed
393 2324 446 2356 Dei
458 2328 605 2365 praecepta
613 2327 775 2364 servantes,
788 2323 983 2364 quemadmo—

159 2370 230 2400 dum
248 2369 361 2409 primus
384 2369 435 2399 ille
457 2377 565 2409 parens
588 2372 690 2399 noster
715 2377 750 2399 ea
775 2369 901 2400 servavit
915 2373 984 2400 ante

161 2414 442 2454 transgressionem,
472 2413 610 2445 eumdem
638 2413 782 2444 honorem
807 2417 836 2444 et
859 2413 982 2452 gloriam

161 2463 392 2500 consequantur,
409 2467 468 2499 qua
481 2458 591 2490 fuerint
615 2459 711 2489 ornati
734 2458 822 2499 primi
848 2462 986 2498 parentes

161 2508 230 2536 ante
245 2503 479 2535 inobedientiam
487 2526 494 2533 .

203 2549 382 2581 Honorabile
398 2557 527 2589 namque
540 2547 761 2579 matrimonium
780 2552 834 2585 est,
851 2551 880 2579 et
891 2547 984 2578 lectus

161 2594 346 2635 impollutus,
363 2594 414 2635 qui
439 2593 564 2624 salutem
589 2593 722 2633 largitur.
753 2592 824 2629 Quae
849 2602 915 2624 cum
946 2592 986 2623 ita

161 2640 234 2678 sint,
253 2643 281 2671 et
295 2648 362 2670 cum
378 2638 486 2670 tabula:
501 2637 642 2669 divinitus
662 2637 781 2678 scriptae
795 2637 905 2675 dicant,
922 2636 985 2668 Non

163 2683 341 2724 ingredieris
356 2683 394 2715 ad
409 2682 544 2724 quemvis
558 2682 761 2714 necessarium
790 2683 886 2712 carnis
917 2685 984 2720 tuae,

162 2733 194 2760 ut
208 2728 322 2760 reveles
339 2728 484 2769 pudorem
497 2727 580 2767 ejus:
601 2736 668 2758 cum
683 2727 799 2767 primus
813 2726 863 2758 ille
878 2735 986 2766 parens

163 2780 265 2805 noster
279 2773 349 2806 alibi
363 2772 567 2814 responderit,
580 2772 645 2804 iam
662 2771 755 2811 magis
769 2779 844 2802 uxor
858 2780 925 2803 mea
943 2775 986 2802 est

1024 2281 1074 2311 κῆς
1103 2279 1241 2318 συναφείας
1275 2278 1436 2316 ¹ιικτόμενοι,
1474 2278 1542 2306 κατὰ
1578 2280 1608 2306 τὸ
1645 2279 1772 2319 πρότερον
1813 2278 1855 2306 εἴ-

1024 2334 1110 2360 ποιεν,
1128 2322 1173 2352 Ἐν
1186 2324 1324 2363 ἁμαρτίαις
1340 2322 1462 2356 ὲκίσσησέ
1477 2333 1509 2360 με
1525 2324 1542 2357 ἡ
1565 2324 1654 2362 μήτηρ
1682 2335 1734 2361 μου
1751 2332 1758 2339 ’
1784 2323 1854 2351 ana.

1024 2369 1188 2407 τηρήσαντες
1209 2369 1256 2400 τας
1279 2367 1385 2398 ἐντολὰς
1406 2371 1452 2396 τοῦ
1480 2371 1557 2404 Θεοῦ,
1587 2369 1673 2399 καθὼς
1702 2369 1716 2396 ὁ
1744 2370 1850 2408 πρε·κᾶ-

1025 2424 1079 2453 τωρ
1102 2413 1180 2445 αὒτὲις
1197 2413 1309 2452 ἐτήρησε
1337 2413 1387 2450 πρὸ
1408 2415 1457 2446 τῆς
1486 2411 1673 2452 παραϐάσεως,
1695 2415 1745 2446 τῆς
1768 2414 1853 2446 αὐτῆς

1025 2461 1107 2496 τιμῆς
1123 2458 1170 2486 καὶ
1185 2457 1262 2491 δόξης
1275 2457 1478 2494 ἆξιωθήσοντιι,
1504 2457 1564 2489 θ’ἷας
1580 2458 1631 2496 πρὸ
1646 2458 1695 2490 τῆς
1710 2459 1853 2497 παρακοῆς

1027 2504 1050 2532 οἱ
1073 2503 1248 2543 προπάτορες.

1067 2549 1158 2586 Τίμιος
1173 2549 1222 2587 γὰρ
1237 2549 1251 2576 ὁ
1267 2549 1363 2587 γάμος,
1380 2548 1423 2576 καὶ
1437 2549 1454 2582 ἡ
1484 2547 1561 2580 κοίτη
1589 2546 1728 2584 ἀμίαντος,
1758 2558 1853 2581 σωτη-

1027 2593 1082 2633 ρίαν
1111 2591 1342 2632 φιλοτιμούμενος.
1380 2593 1485 2622 Τούτων
1525 2592 1607 2622 οὕτως
1643 2590 1775 2631 ἑχόντων,
1808 2593 1855 2620 καὶ

1027 2641 1080 2666 τῶν
1107 2638 1257 2677 Geo—{paretat
1295 2637 1404 2666 πλακῶν
1439 2636 1572 2675 λεγουσῶν
1589 2642 1598 2651 ⁸
1633 2636 1687 2664 Οὐκ
1715 2635 1855 2675 εἷσελεύσῃ

1027 2683 1092 2721 πρὸς
1107 2683 1192 2710 πάντα
1221 2682 1322 2710 οἰκεῖον
1351 2681 1447 2721 σαρκός
1474 2692 1521 2710 σου
1549 2680 1717 2718 ἀποκαλύψαι
1754 2681 1856 2721 αἰσχύ-

1027 2739 1076 2760 νην
1106 2729 1182 2756 αὒτοῡ
1197 2736 1203 2743 “
1227 2727 1271 2755 καὶ
1295 2730 1341 2755 τοῦ
1369 2726 1533 2766 προπάτορος
1562 2725 1769 2764 ἀποκρινομένου
1792 2725 1856 2754 ἑτέ-

1027 2773 1119 2809 ρωθεν,
1150 2775 1201 2801 Νῦν
1235 2771 1278 2799 καὶ
1301 2771 1402 2809 μᾶλλον
1429 2771 1446 2805 ἡ
1475 2771 1540 2809 γυνή
1557 2781 1608 2808 μου
1636 2769 1728 2798 ὀστοῦν
1751 2769 1781 2798 ἐκ
1802 2773 1858 2798 τῶν
