  <div class='ocr_page' id='page_1' title='image "/cluster/home/n/w/nwhite01/storage/ocr_20150623/119/njp.32101010943965/1283.png"; bbox 0 0 1917 3080; ppageno 0'>
   <div class='ocr_carea' id='block_1_1' title="bbox 175 126 253 159">
    <p class='ocr_par' dir='ltr' id='par_1_1' title="bbox 175 126 253 159">
     <span class='ocr_line' id='line_1_1' title="bbox 175 126 253 159; baseline 0.051 -4"><span class='ocrx_word' id='word_1_1' title='bbox 175 126 253 159; x_wconf 72' lang='grc'><strong>1219</strong></span> 
     </span>
    </p>
   </div>
   <div class='ocr_carea' id='block_1_2' title="bbox 855 127 1169 162">
    <p class='ocr_par' dir='ltr' id='par_1_2' title="bbox 855 127 1169 162">
     <span class='ocr_line' id='line_1_2' title="bbox 855 127 1169 162; baseline 0.003 -1"><span class='ocrx_word' id='word_1_2' title='bbox 855 130 921 162; x_wconf 80' lang='lat' dir='ltr'><strong>JUS</strong></span> <span class='ocrx_word' id='word_1_3' title='bbox 943 127 1169 162; x_wconf 79' lang='lat' dir='ltr'><strong>CANONICUM</strong></span> 
     </span>
    </p>
   </div>
   <div class='ocr_carea' id='block_1_3' title="bbox 1794 128 1864 161">
    <p class='ocr_par' dir='ltr' id='par_1_3' title="bbox 1794 128 1864 161">
     <span class='ocr_line' id='line_1_3' title="bbox 1794 128 1864 161; baseline -0.029 0"><span class='ocrx_word' id='word_1_4' title='bbox 1794 128 1864 161; x_wconf 74' lang='lat'><strong>1220</strong></span> 
     </span>
    </p>
   </div>
   <div class='ocr_carea' id='block_1_4' title="bbox 175 194 932 239">
    <p class='ocr_par' dir='ltr' id='par_1_4' title="bbox 175 194 932 237">
     <span class='ocr_line' id='line_1_4' title="bbox 175 194 932 237; baseline 0.005 -13"><span class='ocrx_word' id='word_1_5' title='bbox 175 203 242 224; x_wconf 91' lang='lat' dir='ltr'><strong>rum</strong></span> <span class='ocrx_word' id='word_1_6' title='bbox 251 194 431 236; x_wconf 73' lang='lat' dir='ltr'><strong>festivitatis,</strong></span> <span class='ocrx_word' id='word_1_7' title='bbox 444 195 514 226; x_wconf 90' lang='lat' dir='ltr'><strong>dum</strong></span> <span class='ocrx_word' id='word_1_8' title='bbox 528 196 629 237; x_wconf 81' lang='lat' dir='ltr'><strong>populi</strong></span> <span class='ocrx_word' id='word_1_9' title='bbox 640 205 744 227; x_wconf 88' lang='lat' dir='ltr'><strong>cereos</strong></span> <span class='ocrx_word' id='word_1_10' title='bbox 763 202 793 228; x_wconf 90' lang='lat' dir='ltr'><strong>et</strong></span> <span class='ocrx_word' id='word_1_11' title='bbox 802 206 907 228; x_wconf 82' lang='lat' dir='ltr'><strong>cruces</strong></span> <span class='ocrx_word' id='word_1_12' title='bbox 920 207 932 227; x_wconf 85' lang='lat' dir='ltr'><strong>a</strong></span> 
     </span>
    </p>
   </div>
   <div class='ocr_carea' id='block_1_5' title="bbox 1105 194 1862 239">
    <p class='ocr_par' dir='ltr' id='par_1_5' title="bbox 1105 198 1862 239">
     <span class='ocr_line' id='line_1_5' title="bbox 1105 198 1862 239; baseline 0.001 -13"><span class='ocrx_word' id='word_1_13' title='bbox 1105 199 1212 234; x_wconf 74' lang='grc' dir='ltr'>υτίζουσι</span> <span class='ocrx_word' id='word_1_14' title='bbox 1226 199 1275 232; x_wconf 79' lang='grc' dir='ltr'><strong>τὴν</strong></span> <span class='ocrx_word' id='word_1_15' title='bbox 1296 198 1422 238; x_wconf 80' lang='grc' dir='ltr'>ἄναστρον</span> <span class='ocrx_word' id='word_1_16' title='bbox 1454 200 1571 239; x_wconf 71' lang='grc' dir='ltr'>σφαῖραν</span> <span class='ocrx_word' id='word_1_17' title='bbox 1599 201 1648 233; x_wconf 83' lang='grc' dir='ltr'>τῆς</span> <span class='ocrx_word' id='word_1_18' title='bbox 1677 198 1862 238; x_wconf 70' lang='grc' dir='ltr'>ἀπογνώσεως,</span> 
     </span>
    </p>
   </div>
   <div class='ocr_carea' id='block_1_6' title="bbox 179 239 999 279">
    <p class='ocr_par' dir='ltr' id='par_1_6' title="bbox 179 239 999 279">
     <span class='ocr_line' id='line_1_6' title="bbox 179 239 999 279; baseline 0.004 -10"><span class='ocrx_word' id='word_1_19' title='bbox 179 239 274 279; x_wconf 90' lang='lat' dir='ltr'><strong>piunt,</strong></span> <span class='ocrx_word' id='word_1_20' title='bbox 293 240 446 270; x_wconf 89' lang='lat' dir='ltr'><strong>victoriam</strong></span> <span class='ocrx_word' id='word_1_21' title='bbox 464 240 604 271; x_wconf 84' lang='lat' dir='ltr'><strong>adversus</strong></span> <span class='ocrx_word' id='word_1_22' title='bbox 620 245 745 272; x_wconf 88' lang='lat' dir='ltr'><strong>mortem</strong></span> <span class='ocrx_word' id='word_1_23' title='bbox 766 241 822 271; x_wconf 87' lang='lat' dir='ltr'><strong>sibi</strong></span> <span class='ocrx_word' id='word_1_24' title='bbox 838 245 917 273; x_wconf 86' lang='lat' dir='ltr'><strong>certe</strong></span> <span class='ocrx_word' id='word_1_25' title='bbox 931 243 999 272; x_wconf 89' lang='lat' dir='ltr'><strong>des-</strong></span> 
     </span>
    </p>
   </div>
   <div class='ocr_carea' id='block_1_7' title="bbox 177 283 1000 327">
    <p class='ocr_par' dir='ltr' id='par_1_7' title="bbox 177 283 1000 327">
     <span class='ocr_line' id='line_1_7' title="bbox 177 283 1000 327; baseline 0.004 -14"><span class='ocrx_word' id='word_1_26' title='bbox 177 283 322 323; x_wconf 86' lang='lat' dir='ltr'><strong>pondent,</strong></span> <span class='ocrx_word' id='word_1_27' title='bbox 339 291 369 315; x_wconf 88' lang='lat' dir='ltr'><strong>et</strong></span> <span class='ocrx_word' id='word_1_28' title='bbox 386 286 477 315; x_wconf 89' lang='lat' dir='ltr'><strong>instar</strong></span> <span class='ocrx_word' id='word_1_29' title='bbox 491 286 623 316; x_wconf 87' lang='lat' dir='ltr'><strong>siderum</strong></span> <span class='ocrx_word' id='word_1_30' title='bbox 650 286 817 316; x_wconf 89' lang='lat' dir='ltr'><strong>illuminant</strong></span> <span class='ocrx_word' id='word_1_31' title='bbox 849 291 1000 327; x_wconf 76' lang='lat' dir='ltr'><strong>expertem</strong></span> 
     </span>
    </p>
   </div>
   <div class='ocr_carea' id='block_1_8' title="bbox 176 329 999 371">
    <p class='ocr_par' dir='ltr' id='par_1_8' title="bbox 176 329 999 371">
     <span class='ocr_line' id='line_1_8' title="bbox 176 329 999 371; baseline 0.006 -14"><span class='ocrx_word' id='word_1_32' title='bbox 176 333 322 358; x_wconf 87' lang='lat' dir='ltr'><strong>astrorum</strong></span> <span class='ocrx_word' id='word_1_33' title='bbox 353 329 499 369; x_wconf 59' lang='lat' dir='ltr'><strong>sphaeram</strong></span> <span class='ocrx_word' id='word_1_34' title='bbox 526 329 768 370; x_wconf 79' lang='lat' dir='ltr'><strong>desperationis;</strong></span> <span class='ocrx_word' id='word_1_35' title='bbox 792 330 836 360; x_wconf 86' lang='lat' dir='ltr'><strong>vel</strong></span> <span class='ocrx_word' id='word_1_36' title='bbox 862 336 999 371; x_wconf 87' lang='lat' dir='ltr'><strong>tanquam</strong></span> 
     </span>
    </p>
   </div>
   <div class='ocr_carea' id='block_1_9' title="bbox 176 372 999 414">
    <p class='ocr_par' dir='ltr' id='par_1_9' title="bbox 176 372 999 414">
     <span class='ocr_line' id='line_1_9' title="bbox 176 372 999 414; baseline 0.004 -12"><span class='ocrx_word' id='word_1_37' title='bbox 176 372 252 402; x_wconf 84' lang='lat' dir='ltr'><strong>servi</strong></span> <span class='ocrx_word' id='word_1_38' title='bbox 269 373 383 409; x_wconf 82' lang='lat' dir='ltr'><strong>ﬁdeles,</strong></span> <span class='ocrx_word' id='word_1_39' title='bbox 403 373 452 413; x_wconf 91' lang='lat' dir='ltr'><strong>qui</strong></span> <span class='ocrx_word' id='word_1_40' title='bbox 468 374 548 404; x_wconf 87' lang='lat' dir='ltr'><strong>faces</strong></span> <span class='ocrx_word' id='word_1_41' title='bbox 563 378 689 413; x_wconf 72' lang='lat' dir='ltr'><strong>gestant,</strong></span> <span class='ocrx_word' id='word_1_42' title='bbox 708 383 761 414; x_wconf 84' lang='lat' dir='ltr'><strong>per</strong></span> <span class='ocrx_word' id='word_1_43' title='bbox 775 374 860 405; x_wconf 84' lang='lat' dir='ltr'><strong>trivia</strong></span> <span class='ocrx_word' id='word_1_44' title='bbox 875 376 999 406; x_wconf 90' lang='lat' dir='ltr'><strong>circum-</strong></span> 
     </span>
    </p>
   </div>
   <div class='ocr_carea' id='block_1_10' title="bbox 176 418 997 460">
    <p class='ocr_par' dir='ltr' id='par_1_10' title="bbox 176 418 997 460">
     <span class='ocr_line' id='line_1_10' title="bbox 176 418 997 460; baseline 0.004 -14"><span class='ocrx_word' id='word_1_45' title='bbox 176 424 293 457; x_wconf 79' lang='lat' dir='ltr'><strong>euntes,</strong></span> <span class='ocrx_word' id='word_1_46' title='bbox 309 418 466 449; x_wconf 79' lang='lat' dir='ltr'><strong>adventum</strong></span> <span class='ocrx_word' id='word_1_47' title='bbox 485 419 587 458; x_wconf 64' lang='lat' dir='ltr'><strong>sponsi</strong></span> <span class='ocrx_word' id='word_1_48' title='bbox 612 419 843 458; x_wconf 81' lang='lat' dir='ltr'><strong>splendidiorem</strong></span> <span class='ocrx_word' id='word_1_49' title='bbox 859 419 997 460; x_wconf 88' lang='lat' dir='ltr'><strong>reddunt,</strong></span> 
     </span>
    </p>
   </div>
   <div class='ocr_carea' id='block_1_11' title="bbox 176 462 998 504">
    <p class='ocr_par' dir='ltr' id='par_1_11' title="bbox 176 462 998 504">
     <span class='ocr_line' id='line_1_11' title="bbox 176 462 998 504; baseline 0.002 -13"><span class='ocrx_word' id='word_1_50' title='bbox 176 462 272 502; x_wconf 88' lang='lat' dir='ltr'><strong>deque</strong></span> <span class='ocrx_word' id='word_1_51' title='bbox 282 462 364 502; x_wconf 82' lang='lat' dir='ltr'><strong>lepra</strong></span> <span class='ocrx_word' id='word_1_52' title='bbox 375 462 568 493; x_wconf 84' lang='lat' dir='ltr'><strong>sectariorum</strong></span> <span class='ocrx_word' id='word_1_53' title='bbox 583 463 612 493; x_wconf 93' lang='lat' dir='ltr'><strong>in</strong></span> <span class='ocrx_word' id='word_1_54' title='bbox 624 463 749 502; x_wconf 80' lang='lat' dir='ltr'><strong>caligine</strong></span> <span class='ocrx_word' id='word_1_55' title='bbox 756 463 922 494; x_wconf 83' lang='lat' dir='ltr'><strong>sedentium</strong></span> <span class='ocrx_word' id='word_1_56' title='bbox 930 475 998 504; x_wconf 88' lang='lat' dir='ltr'><strong>qua-</strong></span> 
     </span>
    </p>
   </div>
   <div class='ocr_carea' id='block_1_12' title="bbox 1041 241 1866 283">
    <p class='ocr_par' dir='ltr' id='par_1_12' title="bbox 1041 241 1866 283">
     <span class='ocr_line' id='line_1_12' title="bbox 1041 241 1866 283; baseline -0.016 -8"><span class='ocrx_word' id='word_1_57' title='bbox 1041 241 1060 275; x_wconf 70' lang='grc' dir='ltr'><strong>ἢ</strong></span> <span class='ocrx_word' id='word_1_58' title='bbox 1074 243 1111 272; x_wconf 80' lang='grc' dir='ltr'>ὡς</span> <span class='ocrx_word' id='word_1_59' title='bbox 1133 241 1219 270; x_wconf 82' lang='grc' dir='ltr'>δοῦλοι</span> <span class='ocrx_word' id='word_1_60' title='bbox 1241 244 1330 271; x_wconf 81' lang='grc' dir='ltr'>πιστοὶ</span> <span class='ocrx_word' id='word_1_61' title='bbox 1356 242 1561 283; x_wconf 81' lang='grc' dir='ltr'>λαμπαδηφόροι</span> <span class='ocrx_word' id='word_1_62' title='bbox 1589 243 1637 275; x_wconf 69' lang='grc' dir='ltr'>τὰς</span> <span class='ocrx_word' id='word_1_63' title='bbox 1664 243 1785 282; x_wconf 72' lang='grc' dir='ltr'>τριόδους</span> <span class='ocrx_word' id='word_1_64' title='bbox 1801 252 1866 280; x_wconf 62' lang='grc' dir='ltr'>περί-</span> 
     </span>
    </p>
   </div>
   <div class='ocr_carea' id='block_1_13' title="bbox 1042 285 1865 328">
    <p class='ocr_par' dir='ltr' id='par_1_13' title="bbox 1042 285 1865 328">
     <span class='ocr_line' id='line_1_13' title="bbox 1042 285 1865 328; baseline 0.001 -15"><span class='ocrx_word' id='word_1_65' title='bbox 1042 286 1195 326; x_wconf 79' lang='grc' dir='ltr'><strong>ερχόμενοι¹</strong></span> <span class='ocrx_word' id='word_1_66' title='bbox 1231 291 1277 315; x_wconf 77' lang='grc' dir='ltr'>τοῦ</span> <span class='ocrx_word' id='word_1_67' title='bbox 1304 288 1415 328; x_wconf 80' lang='grc' dir='ltr'>νυμφίου</span> <span class='ocrx_word' id='word_1_68' title='bbox 1462 288 1512 321; x_wconf 76' lang='grc' dir='ltr'>τὴν</span> <span class='ocrx_word' id='word_1_69' title='bbox 1555 286 1681 325; x_wconf 66' lang='grc' dir='ltr'>ἰνδημίαν</span> <span class='ocrx_word' id='word_1_70' title='bbox 1725 285 1865 323; x_wconf 78' lang='grc' dir='ltr'>καταλαμ-</span> 
     </span>
    </p>
   </div>
   <div class='ocr_carea' id='block_1_14' title="bbox 1042 330 1865 371">
    <p class='ocr_par' dir='ltr' id='par_1_14' title="bbox 1042 330 1865 371">
     <span class='ocr_line' id='line_1_14' title="bbox 1042 330 1865 371; baseline -0.001 -13"><span class='ocrx_word' id='word_1_71' title='bbox 1042 331 1176 371; x_wconf 71' lang='grc' dir='ltr'>πρύνουσι,</span> <span class='ocrx_word' id='word_1_72' title='bbox 1199 332 1244 359; x_wconf 83' lang='grc' dir='ltr'><strong>καὶ</strong></span> <span class='ocrx_word' id='word_1_73' title='bbox 1264 331 1313 365; x_wconf 79' lang='grc' dir='ltr'><strong>τὴν</strong></span> <span class='ocrx_word' id='word_1_74' title='bbox 1345 330 1435 365; x_wconf 79' lang='grc' dir='ltr'>λώϐην</span> <span class='ocrx_word' id='word_1_75' title='bbox 1456 335 1509 360; x_wconf 77' lang='grc' dir='ltr'>τῶν</span> <span class='ocrx_word' id='word_1_76' title='bbox 1539 332 1566 360; x_wconf 74' lang='grc' dir='ltr'>ἐν</span> <span class='ocrx_word' id='word_1_77' title='bbox 1586 333 1676 360; x_wconf 82' lang='grc' dir='ltr'>σκότει</span> <span class='ocrx_word' id='word_1_78' title='bbox 1710 330 1865 366; x_wconf 77' lang='grc' dir='ltr'>καθημένων</span> 
     </span>
    </p>
   </div>
   <div class='ocr_carea' id='block_1_15' title="bbox 1042 375 1864 415">
    <p class='ocr_par' dir='ltr' id='par_1_15' title="bbox 1042 375 1864 415">
     <span class='ocr_line' id='line_1_15' title="bbox 1042 375 1864 415; baseline 0 -13"><span class='ocrx_word' id='word_1_79' title='bbox 1042 375 1202 414; x_wconf 73' lang='grc' dir='ltr'>αἰρεσιωτῶν</span> <span class='ocrx_word' id='word_1_80' title='bbox 1229 375 1423 415; x_wconf 76' lang='grc' dir='ltr'>θριαμϐεύουσι,</span> <span class='ocrx_word' id='word_1_81' title='bbox 1454 377 1527 404; x_wconf 71' lang='grc' dir='ltr'>Μετὰ</span> <span class='ocrx_word' id='word_1_82' title='bbox 1575 375 1603 404; x_wconf 82' lang='grc' dir='ltr'><em>δέ</em></span> <span class='ocrx_word' id='word_1_83' title='bbox 1635 376 1726 415; x_wconf 79' lang='grc' dir='ltr'>τρίτην</span> <span class='ocrx_word' id='word_1_84' title='bbox 1756 375 1864 413; x_wconf 77' lang='grc' dir='ltr'>ἡμέραν,</span> 
     </span>
    </p>
   </div>
   <div class='ocr_carea' id='block_1_16' title="bbox 1041 419 1864 460">
    <p class='ocr_par' dir='ltr' id='par_1_16' title="bbox 1041 419 1864 460">
     <span class='ocr_line' id='line_1_16' title="bbox 1041 419 1864 460; baseline 0.002 -13"><span class='ocrx_word' id='word_1_85' title='bbox 1041 419 1056 446; x_wconf 78' lang='grc' dir='ltr'><strong>ὸ</strong></span> <span class='ocrx_word' id='word_1_86' title='bbox 1071 422 1125 447; x_wconf 86' lang='grc' dir='ltr'>τῶν</span> <span class='ocrx_word' id='word_1_87' title='bbox 1148 419 1316 459; x_wconf 77' lang='grc' dir='ltr'><strong>ἀνθρωπίνων</strong></span> <span class='ocrx_word' id='word_1_88' title='bbox 1348 423 1444 460; x_wconf 82' lang='grc' dir='ltr'>ψυχῶν</span> <span class='ocrx_word' id='word_1_89' title='bbox 1480 420 1617 458; x_wconf 75' lang='grc' dir='ltr'>κηδεμὼν,</span> <span class='ocrx_word' id='word_1_90' title='bbox 1650 422 1664 448; x_wconf 76' lang='grc' dir='ltr'><strong>ὁ</strong></span> <span class='ocrx_word' id='word_1_91' title='bbox 1699 420 1864 459; x_wconf 68' lang='grc' dir='ltr'><strong>πατριάρχης</strong></span> 
     </span>
    </p>
   </div>
   <div class='ocr_carea' id='block_1_17' title="bbox 1041 463 1862 504">
    <p class='ocr_par' dir='ltr' id='par_1_17' title="bbox 1041 463 1862 504">
     <span class='ocr_line' id='line_1_17' title="bbox 1041 463 1862 504; baseline 0.002 -13"><span class='ocrx_word' id='word_1_92' title='bbox 1041 465 1120 502; x_wconf 80' lang='grc' dir='ltr'>φημὶ,</span> <span class='ocrx_word' id='word_1_93' title='bbox 1141 463 1198 492; x_wconf 81' lang='grc' dir='ltr'>καθ’</span> <span class='ocrx_word' id='word_1_94' title='bbox 1215 465 1307 492; x_wconf 76' lang='grc' dir='ltr'>ἑαυτὸν</span> <span class='ocrx_word' id='word_1_95' title='bbox 1330 465 1420 503; x_wconf 78' lang='grc' dir='ltr'>ὥσπερ</span> <span class='ocrx_word' id='word_1_96' title='bbox 1449 464 1686 504; x_wconf 76' lang='grc' dir='ltr'><strong>συλλογισάμενος,</strong></span> <span class='ocrx_word' id='word_1_97' title='bbox 1725 464 1768 502; x_wconf 74' lang='grc' dir='ltr'><strong>μὴ</strong></span> <span class='ocrx_word' id='word_1_98' title='bbox 1803 464 1862 498; x_wconf 66' lang='grc' dir='ltr'>λάθῃ</span> 
     </span>
    </p>
   </div>
   <div class='ocr_carea' id='block_1_18' title="bbox 175 506 932 548">
    <p class='ocr_par' dir='ltr' id='par_1_18' title="bbox 175 507 932 547">
     <span class='ocr_line' id='line_1_18' title="bbox 175 507 932 547; baseline 0.001 -9"><span class='ocrx_word' id='word_1_99' title='bbox 175 508 199 538; x_wconf 80' lang='lat' dir='ltr'><strong>si</strong></span> <span class='ocrx_word' id='word_1_100' title='bbox 216 507 408 547; x_wconf 85' lang='lat' dir='ltr'><strong>triumphant.</strong></span> <span class='ocrx_word' id='word_1_101' title='bbox 427 507 496 538; x_wconf 89' lang='lat' dir='ltr'><strong>Post</strong></span> <span class='ocrx_word' id='word_1_102' title='bbox 510 508 588 538; x_wconf 89' lang='lat' dir='ltr'><strong>diem</strong></span> <span class='ocrx_word' id='word_1_103' title='bbox 606 517 673 538; x_wconf 91' lang='lat' dir='ltr'><strong>vero</strong></span> <span class='ocrx_word' id='word_1_104' title='bbox 690 509 808 538; x_wconf 89' lang='lat' dir='ltr'><strong>tertium</strong></span> <span class='ocrx_word' id='word_1_105' title='bbox 821 514 932 540; x_wconf 74' lang='lat' dir='ltr'><strong>curator</strong></span> 
     </span>
    </p>
   </div>
   <div class='ocr_carea' id='block_1_19' title="bbox 1104 506 1861 548">
    <p class='ocr_par' dir='ltr' id='par_1_19' title="bbox 1107 506 1861 548">
     <span class='ocr_line' id='line_1_19' title="bbox 1107 506 1861 548; baseline -0.001 -13"><span class='ocrx_word' id='word_1_106' title='bbox 1107 507 1252 547; x_wconf 77' lang='grc' dir='ltr'>ἆχρειῶσαι</span> <span class='ocrx_word' id='word_1_107' title='bbox 1291 514 1337 539; x_wconf 78' lang='grc' dir='ltr'>τοῦ</span> <span class='ocrx_word' id='word_1_108' title='bbox 1386 510 1515 548; x_wconf 79' lang='grc' dir='ltr'>σωτηρίου</span> <span class='ocrx_word' id='word_1_109' title='bbox 1556 509 1650 541; x_wconf 80' lang='grc' dir='ltr'>πέθους</span> <span class='ocrx_word' id='word_1_110' title='bbox 1679 510 1713 536; x_wconf 74' lang='grc' dir='ltr'>τὰ</span> <span class='ocrx_word' id='word_1_111' title='bbox 1750 506 1861 542; x_wconf 73' lang='grc' dir='ltr'>ἄπαθλι,</span> 
     </span>
    </p>
   </div>
   <div class='ocr_carea' id='block_1_20' title="bbox 178 551 935 598">
    <p class='ocr_par' dir='ltr' id='par_1_20' title="bbox 178 552 935 598">
     <span class='ocr_line' id='line_1_20' title="bbox 178 552 935 598; baseline 0.003 -16"><span class='ocrx_word' id='word_1_112' title='bbox 178 553 375 582; x_wconf 87' lang='lat' dir='ltr'><strong>humanarum</strong></span> <span class='ocrx_word' id='word_1_113' title='bbox 393 552 570 598; x_wconf 44' lang='lat' dir='ltr'><strong>animaruuk,</strong></span> <span class='ocrx_word' id='word_1_114' title='bbox 587 552 726 583; x_wconf 87' lang='lat' dir='ltr'><strong>videlicet</strong></span> <span class='ocrx_word' id='word_1_115' title='bbox 740 552 803 592; x_wconf 86' lang='lat' dir='ltr'><strong>ipse</strong></span> <span class='ocrx_word' id='word_1_116' title='bbox 819 553 935 593; x_wconf 63' lang='lat' dir='ltr'><strong>patriari</strong></span> 
     </span>
    </p>
   </div>
   <div class='ocr_carea' id='block_1_21' title="bbox 1104 551 1861 598">
    <p class='ocr_par' dir='ltr' id='par_1_21' title="bbox 1111 552 1861 598">
     <span class='ocr_line' id='line_1_21' title="bbox 1111 552 1861 598; baseline -0.003 -18"><span class='ocrx_word' id='word_1_117' title='bbox 1111 552 1172 589; x_wconf 83' lang='grc' dir='ltr'><strong>μέλι</strong></span> <span class='ocrx_word' id='word_1_118' title='bbox 1188 554 1237 592; x_wconf 75' lang='grc' dir='ltr'>γὰρ</span> <span class='ocrx_word' id='word_1_119' title='bbox 1251 553 1331 582; x_wconf 76' lang='grc' dir='ltr'>εἴωθε</span> <span class='ocrx_word' id='word_1_120' title='bbox 1359 553 1488 586; x_wconf 71' lang='grc' dir='ltr'>πολλάκις</span> <span class='ocrx_word' id='word_1_121' title='bbox 1516 553 1566 587; x_wconf 77' lang='grc' dir='ltr'><strong>τὴν</strong></span> <span class='ocrx_word' id='word_1_122' title='bbox 1594 552 1713 587; x_wconf 77' lang='grc' dir='ltr'>ἦδύτητα</span> <span class='ocrx_word' id='word_1_123' title='bbox 1742 552 1861 598; x_wconf 66' lang='grc' dir='ltr'>μετάγειν</span> 
     </span>
    </p>
   </div>
   <div class='ocr_carea' id='block_1_22' title="bbox 177 596 934 638">
    <p class='ocr_par' dir='ltr' id='par_1_22' title="bbox 177 596 934 638">
     <span class='ocr_line' id='line_1_22' title="bbox 177 596 934 638; baseline 0.004 -12"><span class='ocrx_word' id='word_1_124' title='bbox 177 597 260 637; x_wconf 89' lang='lat' dir='ltr'><strong>quasi</strong></span> <span class='ocrx_word' id='word_1_125' title='bbox 275 596 440 627; x_wconf 85' lang='lat' dir='ltr'><strong>rationibus</strong></span> <span class='ocrx_word' id='word_1_126' title='bbox 468 596 569 627; x_wconf 86' lang='lat' dir='ltr'><strong>secum</strong></span> <span class='ocrx_word' id='word_1_127' title='bbox 595 599 745 637; x_wconf 85' lang='lat' dir='ltr'><strong>expensis,</strong></span> <span class='ocrx_word' id='word_1_128' title='bbox 775 599 893 637; x_wconf 78' lang='lat' dir='ltr'><strong>nequis</strong></span> <span class='ocrx_word' id='word_1_129' title='bbox 908 609 934 638; x_wconf 87' lang='lat' dir='ltr'><strong>ql</strong></span> 
     </span>
    </p>
   </div>
   <div class='ocr_carea' id='block_1_23' title="bbox 1104 596 1861 638">
    <p class='ocr_par' dir='ltr' id='par_1_23' title="bbox 1105 597 1861 637">
     <span class='ocr_line' id='line_1_23' title="bbox 1105 597 1861 637; baseline 0.001 -12"><span class='ocrx_word' id='word_1_130' title='bbox 1105 607 1184 633; x_wconf 71' lang='grc' dir='ltr'>μεῖον</span> <span class='ocrx_word' id='word_1_131' title='bbox 1201 620 1208 632; x_wconf 85' lang='grc'><strong>,</strong></span> <span class='ocrx_word' id='word_1_132' title='bbox 1239 598 1261 625; x_wconf 80' lang='grc' dir='ltr'><strong>εί</strong></span> <span class='ocrx_word' id='word_1_133' title='bbox 1292 597 1476 637; x_wconf 69' lang='grc' dir='ltr'>μετιληφθείη</span> <span class='ocrx_word' id='word_1_134' title='bbox 1498 598 1569 637; x_wconf 75' lang='grc' dir='ltr'>παρὰ</span> <span class='ocrx_word' id='word_1_135' title='bbox 1596 599 1627 625; x_wconf 73' lang='grc' dir='ltr'><strong>τὸ</strong></span> <span class='ocrx_word' id='word_1_136' title='bbox 1655 597 1861 637; x_wconf 50' lang='grc' dir='ltr'>χρήσιμονῄὼς</span> 
     </span>
    </p>
   </div>
   <div class='ocr_carea' id='block_1_24' title="bbox 176 639 933 682">
    <p class='ocr_par' dir='ltr' id='par_1_24' title="bbox 176 640 933 681">
     <span class='ocr_line' id='line_1_24' title="bbox 176 640 933 681; baseline 0.003 -10"><span class='ocrx_word' id='word_1_137' title='bbox 176 641 240 681; x_wconf 89' lang='lat' dir='ltr'><strong>ipso</strong></span> <span class='ocrx_word' id='word_1_138' title='bbox 268 640 406 671; x_wconf 83' lang='lat' dir='ltr'><strong>salutaris</strong></span> <span class='ocrx_word' id='word_1_139' title='bbox 435 641 582 680; x_wconf 86' lang='lat' dir='ltr'><strong>passionis</strong></span> <span class='ocrx_word' id='word_1_140' title='bbox 610 641 732 681; x_wconf 64' lang='lat' dir='ltr'><strong>prazmia</strong></span> <span class='ocrx_word' id='word_1_141' title='bbox 758 643 933 673; x_wconf 64' lang='lat' dir='ltr'><strong>lractetindt</strong></span> 
     </span>
    </p>
   </div>
   <div class='ocr_carea' id='block_1_25' title="bbox 1104 639 1861 682">
    <p class='ocr_par' dir='ltr' id='par_1_25' title="bbox 1104 641 1861 682">
     <span class='ocr_line' id='line_1_25' title="bbox 1104 641 1861 682; baseline 0.001 -13"><span class='ocrx_word' id='word_1_142' title='bbox 1104 652 1168 673; x_wconf 79' lang='grc' dir='ltr'>πνος</span> <span class='ocrx_word' id='word_1_143' title='bbox 1197 641 1279 682; x_wconf 81' lang='grc' dir='ltr'>φύλαξ</span> <span class='ocrx_word' id='word_1_144' title='bbox 1308 643 1421 674; x_wconf 78' lang='grc' dir='ltr'>ἀναστὰς</span> <span class='ocrx_word' id='word_1_145' title='bbox 1466 643 1650 682; x_wconf 80' lang='grc' dir='ltr'>ὀρθριαίτερον,</span> <span class='ocrx_word' id='word_1_146' title='bbox 1687 641 1778 670; x_wconf 83' lang='grc' dir='ltr'>δίδωσι</span> <span class='ocrx_word' id='word_1_147' title='bbox 1810 647 1861 670; x_wconf 68' lang='grc' dir='ltr'>τοῗς</span> 
     </span>
    </p>
   </div>
   <div class='ocr_carea' id='block_1_26' title="bbox 177 685 934 725">
    <p class='ocr_par' dir='ltr' id='par_1_26' title="bbox 177 685 934 725">
     <span class='ocr_line' id='line_1_26' title="bbox 177 685 934 725; baseline 0.003 -10"><span class='ocrx_word' id='word_1_148' title='bbox 177 687 257 725; x_wconf 88' lang='lat' dir='ltr'><strong>(nam</strong></span> <span class='ocrx_word' id='word_1_149' title='bbox 274 686 370 725; x_wconf 91' lang='lat' dir='ltr'><strong>ipsum</strong></span> <span class='ocrx_word' id='word_1_150' title='bbox 385 685 442 716; x_wconf 90' lang='lat' dir='ltr'><strong>mel</strong></span> <span class='ocrx_word' id='word_1_151' title='bbox 458 694 576 725; x_wconf 88' lang='lat' dir='ltr'><strong>quoque</strong></span> <span class='ocrx_word' id='word_1_152' title='bbox 592 685 700 724; x_wconf 65' lang='lat' dir='ltr'><strong>saepius</strong></span> <span class='ocrx_word' id='word_1_153' title='bbox 712 686 901 717; x_wconf 86' lang='lat' dir='ltr'><strong>dulcedinem</strong></span> <span class='ocrx_word' id='word_1_154' title='bbox 913 696 934 717; x_wconf 77' lang='lat' dir='ltr'><strong>su</strong></span> 
     </span>
    </p>
   </div>
   <div class='ocr_carea' id='block_1_27' title="bbox 1103 685 1860 725">
    <p class='ocr_par' dir='ltr' id='par_1_27' title="bbox 1103 687 1860 725">
     <span class='ocr_line' id='line_1_27' title="bbox 1103 687 1860 725; baseline 0.001 -11"><span class='ocrx_word' id='word_1_155' title='bbox 1103 693 1145 718; x_wconf 78' lang='grc' dir='ltr'>οῖς</span> <span class='ocrx_word' id='word_1_156' title='bbox 1160 688 1322 725; x_wconf 71' lang='grc' dir='ltr'><strong>θυμιάματα,</strong></span> <span class='ocrx_word' id='word_1_157' title='bbox 1356 688 1458 718; x_wconf 78' lang='grc' dir='ltr'>ὁμιλῶν</span> <span class='ocrx_word' id='word_1_158' title='bbox 1488 689 1548 716; x_wconf 83' lang='grc' dir='ltr'>οἷον</span> <span class='ocrx_word' id='word_1_159' title='bbox 1577 687 1619 716; x_wconf 74' lang='grc' dir='ltr'><strong>διὰ</strong></span> <span class='ocrx_word' id='word_1_160' title='bbox 1644 688 1746 717; x_wconf 80' lang='grc' dir='ltr'>τούτων</span> <span class='ocrx_word' id='word_1_161' title='bbox 1762 687 1860 716; x_wconf 70' lang='grc' dir='ltr'>αὐτοῖς.</span> 
     </span>
    </p>
   </div>
   <div class='ocr_carea' id='block_1_28' title="bbox 175 729 932 772">
    <p class='ocr_par' dir='ltr' id='par_1_28' title="bbox 175 729 932 771">
     <span class='ocr_line' id='line_1_28' title="bbox 175 729 932 771; baseline 0.003 -11"><span class='ocrx_word' id='word_1_162' title='bbox 175 731 206 760; x_wconf 95' lang='lat' dir='ltr'><strong>in</strong></span> <span class='ocrx_word' id='word_1_163' title='bbox 223 733 363 760; x_wconf 81' lang='lat' dir='ltr'><strong>vomitum</strong></span> <span class='ocrx_word' id='word_1_164' title='bbox 381 734 555 760; x_wconf 79' lang='lat' dir='ltr'><strong>convertere</strong></span> <span class='ocrx_word' id='word_1_165' title='bbox 566 729 652 766; x_wconf 86' lang='lat' dir='ltr'><strong>solet,</strong></span> <span class='ocrx_word' id='word_1_166' title='bbox 665 730 689 760; x_wconf 92' lang='lat' dir='ltr'><strong>si</strong></span> <span class='ocrx_word' id='word_1_167' title='bbox 704 730 789 761; x_wconf 83' lang='lat' dir='ltr'><strong>aliter</strong></span> <span class='ocrx_word' id='word_1_168' title='bbox 799 740 887 771; x_wconf 79' lang='lat' dir='ltr'><strong>quam</strong></span> <span class='ocrx_word' id='word_1_169' title='bbox 904 740 932 762; x_wconf 77' lang='lat' dir='ltr'><strong>ei</strong></span> 
     </span>
    </p>
   </div>
   <div class='ocr_carea' id='block_1_29' title="bbox 1104 729 1861 772">
    <p class='ocr_par' dir='ltr' id='par_1_29' title="bbox 1110 731 1861 772">
     <span class='ocr_line' id='line_1_29' title="bbox 1110 731 1861 772; baseline -0.001 -13"><span class='ocrx_word' id='word_1_170' title='bbox 1110 732 1306 769; x_wconf 69' lang='grc' dir='ltr'>ὑποτιθεμενος,</span> <span class='ocrx_word' id='word_1_171' title='bbox 1345 733 1383 766; x_wconf 80' lang='grc' dir='ltr'><strong>μὴ</strong></span> <span class='ocrx_word' id='word_1_172' title='bbox 1416 735 1616 772; x_wconf 82' lang='grc' dir='ltr'>πανηγυρικῶς,</span> <span class='ocrx_word' id='word_1_173' title='bbox 1660 732 1731 760; x_wconf 74' lang='grc' dir='ltr'>ἀλλὰ</span> <span class='ocrx_word' id='word_1_174' title='bbox 1766 731 1861 770; x_wconf 70' lang='grc' dir='ltr'>ἂγωνι-</span> 
     </span>
    </p>
   </div>
   <div class='ocr_carea' id='block_1_30' title="bbox 175 773 932 816">
    <p class='ocr_par' dir='ltr' id='par_1_30' title="bbox 175 773 932 814">
     <span class='ocr_line' id='line_1_30' title="bbox 175 773 932 814; baseline 0.001 -10"><span class='ocrx_word' id='word_1_175' title='bbox 175 774 247 811; x_wconf 88' lang='lat' dir='ltr'><strong>diat,</strong></span> <span class='ocrx_word' id='word_1_176' title='bbox 264 779 413 814; x_wconf 87' lang='lat' dir='ltr'><strong>sumptutn</strong></span> <span class='ocrx_word' id='word_1_177' title='bbox 430 777 489 811; x_wconf 84' lang='lat' dir='ltr'><strong>sit),</strong></span> <span class='ocrx_word' id='word_1_178' title='bbox 507 773 602 804; x_wconf 87' lang='lat' dir='ltr'><strong>instar</strong></span> <span class='ocrx_word' id='word_1_179' title='bbox 617 775 749 806; x_wconf 72' lang='lat' dir='ltr'><strong>custodis</strong></span> <span class='ocrx_word' id='word_1_180' title='bbox 757 775 886 814; x_wconf 75' lang='lat' dir='ltr'><strong>vigilacis</strong></span> <span class='ocrx_word' id='word_1_181' title='bbox 899 786 932 805; x_wconf 70' lang='lat' dir='ltr'><strong>in;</strong></span> 
     </span>
    </p>
   </div>
   <div class='ocr_carea' id='block_1_31' title="bbox 1106 773 1863 816">
    <p class='ocr_par' dir='ltr' id='par_1_31' title="bbox 1106 775 1863 816">
     <span class='ocr_line' id='line_1_31' title="bbox 1106 775 1863 816; baseline -0.003 -12"><span class='ocrx_word' id='word_1_182' title='bbox 1106 778 1137 808; x_wconf 69' lang='grc' dir='ltr'>ὦς</span> <span class='ocrx_word' id='word_1_183' title='bbox 1175 778 1227 804; x_wconf 81' lang='grc' dir='ltr'><strong>τῶν</strong></span> <span class='ocrx_word' id='word_1_184' title='bbox 1256 776 1349 816; x_wconf 69' lang='grc' dir='ltr'>ἑφεξῆς</span> <span class='ocrx_word' id='word_1_185' title='bbox 1377 778 1456 816; x_wconf 81' lang='grc' dir='ltr'>τριῶν</span> <span class='ocrx_word' id='word_1_186' title='bbox 1478 777 1588 816; x_wconf 73' lang='grc' dir='ltr'>ἡμερῶν</span> <span class='ocrx_word' id='word_1_187' title='bbox 1616 778 1647 804; x_wconf 80' lang='grc' dir='ltr'><strong>τὸ</strong></span> <span class='ocrx_word' id='word_1_188' title='bbox 1674 775 1783 804; x_wconf 71' lang='grc' dir='ltr'>στάδιον</span> <span class='ocrx_word' id='word_1_189' title='bbox 1807 775 1863 802; x_wconf 65' lang='grc' dir='ltr'>ἀναι</span> 
     </span>
    </p>
   </div>
   <div class='ocr_carea' id='block_1_32' title="bbox 175 818 932 870">
    <p class='ocr_par' dir='ltr' id='par_1_32' title="bbox 175 818 928 858">
     <span class='ocr_line' id='line_1_32' title="bbox 175 818 928 858; baseline 0.004 -9"><span class='ocrx_word' id='word_1_190' title='bbox 175 819 238 849; x_wconf 85' lang='lat' dir='ltr'><strong>rius</strong></span> <span class='ocrx_word' id='word_1_191' title='bbox 252 828 388 858; x_wconf 75' lang='lat' dir='ltr'><strong>surgens,</strong></span> <span class='ocrx_word' id='word_1_192' title='bbox 406 818 522 849; x_wconf 91' lang='lat' dir='ltr'><strong>incensi</strong></span> <span class='ocrx_word' id='word_1_193' title='bbox 551 820 600 849; x_wconf 87' lang='lat' dir='ltr'><strong>dat</strong></span> <span class='ocrx_word' id='word_1_194' title='bbox 628 819 778 855; x_wconf 59' lang='lat' dir='ltr'><strong>fidi-libus,</strong></span> <span class='ocrx_word' id='word_1_195' title='bbox 797 821 858 850; x_wconf 77' lang='lat' dir='ltr'><strong>indi</strong></span> <span class='ocrx_word' id='word_1_196' title='bbox 870 829 928 852; x_wconf 74' lang='lat' dir='ltr'><strong>are</strong></span> 
     </span>
    </p>
   </div>
   <div class='ocr_carea' id='block_1_33' title="bbox 1103 818 1860 870">
    <p class='ocr_par' dir='ltr' id='par_1_33' title="bbox 1103 821 1860 862">
     <span class='ocr_line' id='line_1_33' title="bbox 1103 821 1860 862; baseline 0.003 -14"><span class='ocrx_word' id='word_1_197' title='bbox 1103 822 1167 850; x_wconf 75' lang='grc' dir='ltr'>τθαι.</span> <span class='ocrx_word' id='word_1_198' title='bbox 1202 821 1256 849; x_wconf 69' lang='grc' dir='ltr'><strong>Κᾶν</strong></span> <span class='ocrx_word' id='word_1_199' title='bbox 1281 822 1331 861; x_wconf 76' lang='grc' dir='ltr'>γίιρ</span> <span class='ocrx_word' id='word_1_200' title='bbox 1358 821 1511 861; x_wconf 74' lang='grc' dir='ltr'>ἆκινδύνως,</span> <span class='ocrx_word' id='word_1_201' title='bbox 1545 823 1620 862; x_wconf 81' lang='grc' dir='ltr'>φησὶ,</span> <span class='ocrx_word' id='word_1_202' title='bbox 1652 822 1683 850; x_wconf 77' lang='grc' dir='ltr'><strong>τὸ</strong></span> <span class='ocrx_word' id='word_1_203' title='bbox 1715 821 1789 860; x_wconf 76' lang='grc' dir='ltr'>μέγα</span> <span class='ocrx_word' id='word_1_204' title='bbox 1817 822 1860 853; x_wconf 74' lang='grc' dir='ltr'>τῆς</span> 
     </span>
    </p>
   </div>
   <div class='ocr_carea' id='block_1_34' title="bbox 177 863 934 905">
    <p class='ocr_par' dir='ltr' id='par_1_34' title="bbox 177 863 926 904">
     <span class='ocr_line' id='line_1_34' title="bbox 177 863 926 904; baseline 0.003 -10"><span class='ocrx_word' id='word_1_205' title='bbox 177 864 240 894; x_wconf 64' lang='lat' dir='ltr'><strong>haec</strong></span> <span class='ocrx_word' id='word_1_206' title='bbox 271 863 383 904; x_wconf 87' lang='lat' dir='ltr'><strong>volens,</strong></span> <span class='ocrx_word' id='word_1_207' title='bbox 411 867 440 894; x_wconf 91' lang='lat' dir='ltr'><strong>et</strong></span> <span class='ocrx_word' id='word_1_208' title='bbox 467 863 641 900; x_wconf 89' lang='lat' dir='ltr'><strong>admonere,</strong></span> <span class='ocrx_word' id='word_1_209' title='bbox 660 873 697 894; x_wconf 86' lang='lat' dir='ltr'><strong>ne</strong></span> <span class='ocrx_word' id='word_1_210' title='bbox 713 864 816 895; x_wconf 88' lang='lat' dir='ltr'><strong>festivo</strong></span> <span class='ocrx_word' id='word_1_211' title='bbox 832 875 926 903; x_wconf 90' lang='lat' dir='ltr'><strong>more,</strong></span> 
     </span>
    </p>
   </div>
   <div class='ocr_carea' id='block_1_35' title="bbox 1104 863 1861 905">
    <p class='ocr_par' dir='ltr' id='par_1_35' title="bbox 1105 864 1861 905">
     <span class='ocr_line' id='line_1_35' title="bbox 1105 864 1861 905; baseline 0.003 -13"><span class='ocrx_word' id='word_1_212' title='bbox 1105 865 1160 896; x_wconf 85' lang='grc' dir='ltr'>είας</span> <span class='ocrx_word' id='word_1_213' title='bbox 1203 864 1406 904; x_wconf 76' lang='grc' dir='ltr'>διεπεραιώθητε</span> <span class='ocrx_word' id='word_1_214' title='bbox 1452 865 1569 905; x_wconf 81' lang='grc' dir='ltr'>πέλαγος</span> <span class='ocrx_word' id='word_1_215' title='bbox 1615 869 1654 903; x_wconf 87' lang='grc' dir='ltr'>τῷ</span> <span class='ocrx_word' id='word_1_216' title='bbox 1713 867 1791 902; x_wconf 75' lang='grc' dir='ltr'>ἱστίῳ</span> <span class='ocrx_word' id='word_1_217' title='bbox 1821 868 1861 893; x_wconf 76' lang='grc' dir='ltr'>τοῦ</span> 
     </span>
    </p>
   </div>
   <div class='ocr_carea' id='block_1_36' title="bbox 175 907 932 949">
    <p class='ocr_par' dir='ltr' id='par_1_36' title="bbox 175 907 932 948">
     <span class='ocr_line' id='line_1_36' title="bbox 175 907 932 948; baseline 0.003 -10"><span class='ocrx_word' id='word_1_218' title='bbox 175 907 306 948; x_wconf 73' lang='lat' dir='ltr'><strong>pugilum</strong></span> <span class='ocrx_word' id='word_1_219' title='bbox 322 908 379 938; x_wconf 90' lang='lat' dir='ltr'><strong>ritu</strong></span> <span class='ocrx_word' id='word_1_220' title='bbox 395 908 535 948; x_wconf 82' lang='lat' dir='ltr'><strong>deinceps</strong></span> <span class='ocrx_word' id='word_1_221' title='bbox 564 908 680 938; x_wconf 90' lang='lat' dir='ltr'><strong>dierum</strong></span> <span class='ocrx_word' id='word_1_222' title='bbox 702 909 882 940; x_wconf 87' lang='lat' dir='ltr'><strong>curricu&#39;mn</strong></span> <span class='ocrx_word' id='word_1_223' title='bbox 899 919 932 940; x_wconf 89' lang='lat' dir='ltr'><strong>su</strong></span> 
     </span>
    </p>
   </div>
   <div class='ocr_carea' id='block_1_37' title="bbox 1102 907 1859 949">
    <p class='ocr_par' dir='ltr' id='par_1_37' title="bbox 1102 909 1859 949">
     <span class='ocr_line' id='line_1_37' title="bbox 1102 909 1859 949; baseline -0.003 -12"><span class='ocrx_word' id='word_1_224' title='bbox 1102 912 1148 948; x_wconf 85' lang='grc' dir='ltr'>ροῦ</span> <span class='ocrx_word' id='word_1_225' title='bbox 1187 910 1384 949; x_wconf 77' lang='grc' dir='ltr'>κουφιζόμένοι,</span> <span class='ocrx_word' id='word_1_226' title='bbox 1421 911 1464 938; x_wconf 85' lang='grc' dir='ltr'><strong>καὶ</strong></span> <span class='ocrx_word' id='word_1_227' title='bbox 1508 911 1579 949; x_wconf 72' lang='grc' dir='ltr'>παρὰ</span> <span class='ocrx_word' id='word_1_228' title='bbox 1619 914 1659 948; x_wconf 87' lang='grc' dir='ltr'><strong>τῷ</strong></span> <span class='ocrx_word' id='word_1_229' title='bbox 1685 911 1749 947; x_wconf 79' lang='grc' dir='ltr'>θείῳ</span> <span class='ocrx_word' id='word_1_230' title='bbox 1778 909 1859 947; x_wconf 74' lang='grc' dir='ltr'>λιμέντ</span> 
     </span>
    </p>
   </div>
   <div class='ocr_carea' id='block_1_38' title="bbox 175 952 932 995">
    <p class='ocr_par' dir='ltr' id='par_1_38' title="bbox 175 952 932 994">
     <span class='ocr_line' id='line_1_38' title="bbox 175 952 932 994; baseline 0.001 -12"><span class='ocrx_word' id='word_1_231' title='bbox 175 953 267 993; x_wconf 84' lang='lat' dir='ltr'><strong>piant.</strong></span> <span class='ocrx_word' id='word_1_232' title='bbox 283 953 363 983; x_wconf 87' lang='lat' dir='ltr'><strong>Licet</strong></span> <span class='ocrx_word' id='word_1_233' title='bbox 373 953 464 984; x_wconf 83' lang='lat' dir='ltr'><strong>enim.</strong></span> <span class='ocrx_word' id='word_1_234' title='bbox 476 952 580 993; x_wconf 89' lang='lat' dir='ltr'><strong>inquit,</strong></span> <span class='ocrx_word' id='word_1_235' title='bbox 592 952 704 993; x_wconf 87' lang='lat' dir='ltr'><strong>absque</strong></span> <span class='ocrx_word' id='word_1_236' title='bbox 714 953 846 993; x_wconf 80' lang='lat' dir='ltr'><strong>periculo</strong></span> <span class='ocrx_word' id='word_1_237' title='bbox 858 963 932 994; x_wconf 71' lang='lat' dir='ltr'><strong>magi</strong></span> 
     </span>
    </p>
   </div>
   <div class='ocr_carea' id='block_1_39' title="bbox 1103 952 1860 995">
    <p class='ocr_par' dir='ltr' id='par_1_39' title="bbox 1105 953 1860 995">
     <span class='ocr_line' id='line_1_39' title="bbox 1105 953 1860 995; baseline 0.001 -14"><span class='ocrx_word' id='word_1_238' title='bbox 1105 953 1186 992; x_wconf 80' lang='grc' dir='ltr'>ἁγίων</span> <span class='ocrx_word' id='word_1_239' title='bbox 1214 957 1305 982; x_wconf 83' lang='grc' dir='ltr'>παθῶν</span> <span class='ocrx_word' id='word_1_240' title='bbox 1326 960 1373 984; x_wconf 82' lang='grc' dir='ltr'>τοῦ</span> <span class='ocrx_word' id='word_1_241' title='bbox 1400 959 1513 995; x_wconf 74' lang='grc' dir='ltr'>Χριστοῦ</span> <span class='ocrx_word' id='word_1_242' title='bbox 1535 956 1580 983; x_wconf 84' lang='grc' dir='ltr'><strong>καὶ</strong></span> <span class='ocrx_word' id='word_1_243' title='bbox 1614 959 1680 984; x_wconf 81' lang='grc' dir='ltr'>Θεοῦ</span> <span class='ocrx_word' id='word_1_244' title='bbox 1704 956 1784 993; x_wconf 75' lang='grc' dir='ltr'>ἡμῶν</span> <span class='ocrx_word' id='word_1_245' title='bbox 1799 965 1860 982; x_wconf 81' lang='grc' dir='ltr'>κατ-</span> 
     </span>
    </p>
   </div>
   <div class='ocr_carea' id='block_1_40' title="bbox 175 997 932 1039">
    <p class='ocr_par' dir='ltr' id='par_1_40' title="bbox 175 997 932 1038">
     <span class='ocr_line' id='line_1_40' title="bbox 175 997 932 1038; baseline 0.003 -11"><span class='ocrx_word' id='word_1_246' title='bbox 175 997 247 1028; x_wconf 93' lang='lat' dir='ltr'><strong>illud</strong></span> <span class='ocrx_word' id='word_1_247' title='bbox 260 997 367 1037; x_wconf 83' lang='lat' dir='ltr'><strong>jejunii</strong></span> <span class='ocrx_word' id='word_1_248' title='bbox 385 997 506 1038; x_wconf 77' lang='lat' dir='ltr'><strong>pelagus</strong></span> <span class='ocrx_word' id='word_1_249' title='bbox 520 1007 537 1028; x_wconf 91' lang='lat' dir='ltr'><strong>a</strong></span> <span class='ocrx_word' id='word_1_250' title='bbox 554 998 651 1028; x_wconf 84' lang='lat' dir='ltr'><strong>crucis</strong></span> <span class='ocrx_word' id='word_1_251' title='bbox 671 998 736 1028; x_wconf 89' lang='lat' dir='ltr'><strong>velo</strong></span> <span class='ocrx_word' id='word_1_252' title='bbox 750 998 893 1029; x_wconf 85' lang='lat' dir='ltr'><strong>sublevati</strong></span> <span class='ocrx_word' id='word_1_253' title='bbox 907 1004 932 1029; x_wconf 93' lang='lat' dir='ltr'><strong>tr</strong></span> 
     </span>
    </p>
   </div>
   <div class='ocr_carea' id='block_1_41' title="bbox 1104 997 1861 1039">
    <p class='ocr_par' dir='ltr' id='par_1_41' title="bbox 1104 998 1861 1039">
     <span class='ocr_line' id='line_1_41' title="bbox 1104 998 1861 1039; baseline 0.004 -14"><span class='ocrx_word' id='word_1_254' title='bbox 1104 1008 1183 1038; x_wconf 56' lang='lat' dir='ltr'><strong>pars,</strong></span> <span class='ocrx_word' id='word_1_255' title='bbox 1225 998 1294 1026; x_wconf 70' lang='grc' dir='ltr'>ἀλλὰ</span> <span class='ocrx_word' id='word_1_256' title='bbox 1331 1000 1376 1027; x_wconf 82' lang='grc' dir='ltr'><strong>τὸν</strong></span> <span class='ocrx_word' id='word_1_257' title='bbox 1419 999 1548 1036; x_wconf 77' lang='grc' dir='ltr'>ἀτίμητον</span> <span class='ocrx_word' id='word_1_258' title='bbox 1593 999 1640 1027; x_wconf 73' lang='grc' dir='ltr'><strong>οὐκ</strong></span> <span class='ocrx_word' id='word_1_259' title='bbox 1676 999 1861 1039; x_wconf 63' lang='grc' dir='ltr'>ἆπλουτήῖιτε</span> 
     </span>
    </p>
   </div>
   <div class='ocr_carea' id='block_1_42' title="bbox 173 1032 930 1084">
    <p class='ocr_par' dir='ltr' id='par_1_42' title="bbox 173 1032 930 1082">
     <span class='ocr_line' id='line_1_42' title="bbox 173 1032 930 1082; baseline 0.004 -10"><span class='ocrx_word' id='word_1_260' title='bbox 173 1032 272 1077; x_wconf 57' lang='lat' dir='ltr'><strong>cistis:</strong></span> <span class='ocrx_word' id='word_1_261' title='bbox 282 1032 311 1073; x_wconf 71' lang='lat' dir='ltr'><strong>et</strong></span> <span class='ocrx_word' id='word_1_262' title='bbox 325 1042 361 1072; x_wconf 90' lang='lat' dir='ltr'><strong>ad</strong></span> <span class='ocrx_word' id='word_1_263' title='bbox 380 1032 516 1072; x_wconf 62' lang='lat' dir='ltr'><strong>dividam</strong></span> <span class='ocrx_word' id='word_1_264' title='bbox 545 1047 660 1082; x_wconf 88' lang='lat' dir='ltr'><strong>portum</strong></span> <span class='ocrx_word' id='word_1_265' title='bbox 689 1047 859 1074; x_wconf 82' lang='lat' dir='ltr'><strong>sanctorum</strong></span> <span class='ocrx_word' id='word_1_266' title='bbox 888 1043 930 1075; x_wconf 87' lang='lat' dir='ltr'><strong>Ch</strong></span> 
     </span>
    </p>
   </div>
   <div class='ocr_carea' id='block_1_43' title="bbox 1103 1032 1860 1084">
    <p class='ocr_par' dir='ltr' id='par_1_43' title="bbox 1103 1032 1860 1084">
     <span class='ocr_line' id='line_1_43' title="bbox 1103 1032 1860 1084; baseline 0.001 -13"><span class='ocrx_word' id='word_1_267' title='bbox 1103 1032 1185 1083; x_wconf 57' lang='grc' dir='ltr'>τερον,</span> <span class='ocrx_word' id='word_1_268' title='bbox 1210 1044 1248 1076; x_wconf 82' lang='grc' dir='ltr'>ὣς</span> <span class='ocrx_word' id='word_1_269' title='bbox 1293 1043 1394 1075; x_wconf 62' lang='lat' dir='ltr'><strong>have:</strong></span> <span class='ocrx_word' id='word_1_270' title='bbox 1430 1044 1444 1072; x_wconf 84' lang='grc' dir='ltr'><strong>ό</strong></span> <span class='ocrx_word' id='word_1_271' title='bbox 1462 1032 1467 1036; x_wconf 35' lang='grc'><strong>1</strong></span> <span class='ocrx_word' id='word_1_272' title='bbox 1486 1044 1612 1084; x_wconf 79' lang='grc' dir='ltr'>φρόνιμος</span> <span class='ocrx_word' id='word_1_273' title='bbox 1649 1043 1781 1084; x_wconf 77' lang='grc' dir='ltr'>ἔμπορος.</span> <span class='ocrx_word' id='word_1_274' title='bbox 1797 1032 1860 1072; x_wconf 18' lang='grc' dir='ltr'>ν”Ετι</span> 
     </span>
    </p>
   </div>
   <div class='ocr_carea' id='block_1_44' title="bbox 171 1086 928 1128">
    <p class='ocr_par' dir='ltr' id='par_1_44' title="bbox 171 1086 928 1127">
     <span class='ocr_line' id='line_1_44' title="bbox 171 1086 928 1127; baseline 0.001 -10"><span class='ocrx_word' id='word_1_275' title='bbox 171 1087 286 1126; x_wconf 85' lang='lat' dir='ltr'><strong>Deique</strong></span> <span class='ocrx_word' id='word_1_276' title='bbox 301 1087 395 1117; x_wconf 83' lang='lat' dir='ltr'><strong>nostri</strong></span> <span class='ocrx_word' id='word_1_277' title='bbox 407 1087 568 1117; x_wconf 82' lang='lat' dir='ltr'><strong>cruciatum</strong></span> <span class='ocrx_word' id='word_1_278' title='bbox 584 1086 739 1127; x_wconf 71' lang='lat' dir='ltr'><strong>appulisti:</strong></span> <span class='ocrx_word' id='word_1_279' title='bbox 754 1097 761 1117; x_wconf 91' lang='lat'>:</span> <span class='ocrx_word' id='word_1_280' title='bbox 791 1091 889 1118; x_wconf 89' lang='lat' dir='ltr'><strong>tamen</strong></span> <span class='ocrx_word' id='word_1_281' title='bbox 903 1088 928 1118; x_wconf 85' lang='lat' dir='ltr'><strong>in</strong></span> 
     </span>
    </p>
   </div>
   <div class='ocr_carea' id='block_1_45' title="bbox 1106 1086 1863 1128">
    <p class='ocr_par' dir='ltr' id='par_1_45' title="bbox 1106 1087 1863 1128">
     <span class='ocr_line' id='line_1_45' title="bbox 1106 1087 1863 1128; baseline 0 -14"><span class='ocrx_word' id='word_1_282' title='bbox 1106 1087 1216 1126; x_wconf 76' lang='grc' dir='ltr'>ἱρπαγες</span> <span class='ocrx_word' id='word_1_283' title='bbox 1250 1089 1295 1116; x_wconf 72' lang='grc' dir='ltr'><strong>καὶ</strong></span> <span class='ocrx_word' id='word_1_284' title='bbox 1322 1087 1419 1126; x_wconf 69' lang='grc' dir='ltr'>λῃσταὶ</span> <span class='ocrx_word' id='word_1_285' title='bbox 1444 1088 1592 1120; x_wconf 66' lang='grc' dir='ltr'>σπουδαίως</span> <span class='ocrx_word' id='word_1_286' title='bbox 1623 1087 1798 1128; x_wconf 75' lang='grc' dir='ltr'>ὶριὸοδιφώσι</span> <span class='ocrx_word' id='word_1_287' title='bbox 1822 1089 1863 1115; x_wconf 75' lang='grc' dir='ltr'>τὸν</span> 
     </span>
    </p>
   </div>
   <div class='ocr_carea' id='block_1_46' title="bbox 171 1131 928 1175">
    <p class='ocr_par' dir='ltr' id='par_1_46' title="bbox 171 1131 928 1171">
     <span class='ocr_line' id='line_1_46' title="bbox 171 1131 928 1171; baseline 0.001 -9"><span class='ocrx_word' id='word_1_288' title='bbox 171 1131 250 1162; x_wconf 85' lang='lat' dir='ltr'><strong>illius</strong></span> <span class='ocrx_word' id='word_1_289' title='bbox 265 1131 419 1171; x_wconf 86' lang='lat' dir='ltr'><strong>prudentis</strong></span> <span class='ocrx_word' id='word_1_290' title='bbox 435 1131 643 1171; x_wconf 79' lang='lat' dir='ltr'><strong>negociatoris,</strong></span> <span class='ocrx_word' id='word_1_291' title='bbox 658 1131 895 1163; x_wconf 67' lang='lat' dir='ltr'><strong>inaestimabilem</strong></span> <span class='ocrx_word' id='word_1_292' title='bbox 912 1133 928 1163; x_wconf 91' lang='lat' dir='ltr'><strong>il</strong></span> 
     </span>
    </p>
   </div>
   <div class='ocr_carea' id='block_1_47' title="bbox 1104 1131 1861 1175">
    <p class='ocr_par' dir='ltr' id='par_1_47' title="bbox 1104 1134 1861 1175">
     <span class='ocr_line' id='line_1_47' title="bbox 1104 1134 1861 1175; baseline -0.001 -13"><span class='ocrx_word' id='word_1_293' title='bbox 1104 1144 1141 1173; x_wconf 84' lang='grc' dir='ltr'><strong>ον,</strong></span> <span class='ocrx_word' id='word_1_294' title='bbox 1171 1135 1215 1162; x_wconf 84' lang='grc' dir='ltr'><strong>καὶ</strong></span> <span class='ocrx_word' id='word_1_295' title='bbox 1243 1135 1364 1173; x_wconf 79' lang='grc' dir='ltr'>σαγήνην</span> <span class='ocrx_word' id='word_1_296' title='bbox 1391 1135 1543 1175; x_wconf 73' lang='grc' dir='ltr'>μιαιφονίας</span> <span class='ocrx_word' id='word_1_297' title='bbox 1574 1134 1772 1174; x_wconf 69' lang='grc' dir='ltr'>συρῥέψαντες,</span> <span class='ocrx_word' id='word_1_298' title='bbox 1803 1145 1861 1161; x_wconf 76' lang='grc' dir='ltr'>και-</span> 
     </span>
    </p>
   </div>
   <div class='ocr_carea' id='block_1_48' title="bbox 173 1176 930 1218">
    <p class='ocr_par' dir='ltr' id='par_1_48' title="bbox 173 1176 930 1217">
     <span class='ocr_line' id='line_1_48' title="bbox 173 1176 930 1217; baseline 0 -11"><span class='ocrx_word' id='word_1_299' title='bbox 173 1176 312 1206; x_wconf 88' lang='lat' dir='ltr'><strong>unionem</strong></span> <span class='ocrx_word' id='word_1_300' title='bbox 320 1176 474 1207; x_wconf 87' lang='lat' dir='ltr'><strong>consecuti</strong></span> <span class='ocrx_word' id='word_1_301' title='bbox 484 1186 542 1206; x_wconf 93' lang='lat' dir='ltr'><strong>non</strong></span> <span class='ocrx_word' id='word_1_302' title='bbox 550 1176 632 1207; x_wconf 89' lang='lat' dir='ltr'><strong>estis.</strong></span> <span class='ocrx_word' id='word_1_303' title='bbox 643 1176 746 1206; x_wconf 80' lang='lat' dir='ltr'><strong>Adhuc</strong></span> <span class='ocrx_word' id='word_1_304' title='bbox 754 1177 833 1207; x_wconf 91' lang='lat' dir='ltr'><strong>enim</strong></span> <span class='ocrx_word' id='word_1_305' title='bbox 843 1177 930 1217; x_wconf 68' lang='lat' dir='ltr'><strong>praedi</strong></span> 
     </span>
    </p>
   </div>
   <div class='ocr_carea' id='block_1_49' title="bbox 1104 1176 1861 1218">
    <p class='ocr_par' dir='ltr' id='par_1_49' title="bbox 1104 1178 1861 1218">
     <span class='ocr_line' id='line_1_49' title="bbox 1104 1178 1861 1218; baseline -0.001 -12"><span class='ocrx_word' id='word_1_306' title='bbox 1104 1181 1195 1206; x_wconf 83' lang='grc' dir='ltr'>οποῦσι</span> <span class='ocrx_word' id='word_1_307' title='bbox 1221 1179 1314 1207; x_wconf 78' lang='grc' dir='ltr'>τούτου</span> <span class='ocrx_word' id='word_1_308' title='bbox 1343 1179 1392 1212; x_wconf 80' lang='grc' dir='ltr'><strong>τὴν</strong></span> <span class='ocrx_word' id='word_1_309' title='bbox 1413 1178 1523 1210; x_wconf 71' lang='grc' dir='ltr'>ἅλωσιν,</span> <span class='ocrx_word' id='word_1_310' title='bbox 1540 1179 1759 1218; x_wconf 71' lang='grc' dir='ltr'>Γρηγορησωμεν</span> <span class='ocrx_word' id='word_1_311' title='bbox 1776 1179 1861 1206; x_wconf 70' lang='grc' dir='ltr'>τοίνυν</span> 
     </span>
    </p>
   </div>
   <div class='ocr_carea' id='block_1_50' title="bbox 171 1220 928 1263">
    <p class='ocr_par' dir='ltr' id='par_1_50' title="bbox 171 1220 928 1260">
     <span class='ocr_line' id='line_1_50' title="bbox 171 1220 928 1260; baseline 0 -8"><span class='ocrx_word' id='word_1_312' title='bbox 171 1230 205 1252; x_wconf 87' lang='lat' dir='ltr'><strong>ac</strong></span> <span class='ocrx_word' id='word_1_313' title='bbox 217 1221 347 1252; x_wconf 87' lang='lat' dir='ltr'><strong>latrones</strong></span> <span class='ocrx_word' id='word_1_314' title='bbox 356 1221 488 1251; x_wconf 80' lang='lat' dir='ltr'><strong>studiose</strong></span> <span class='ocrx_word' id='word_1_315' title='bbox 502 1220 624 1251; x_wconf 90' lang='lat' dir='ltr'><strong>domino</strong></span> <span class='ocrx_word' id='word_1_316' title='bbox 638 1229 691 1260; x_wconf 87' lang='lat' dir='ltr'><strong>per</strong></span> <span class='ocrx_word' id='word_1_317' title='bbox 705 1220 842 1252; x_wconf 86' lang='lat' dir='ltr'><strong>tenebras</strong></span> <span class='ocrx_word' id='word_1_318' title='bbox 853 1222 928 1252; x_wconf 89' lang='lat' dir='ltr'><strong>insid</strong></span> 
     </span>
    </p>
   </div>
   <div class='ocr_carea' id='block_1_51' title="bbox 1102 1220 1859 1263">
    <p class='ocr_par' dir='ltr' id='par_1_51' title="bbox 1123 1222 1859 1263">
     <span class='ocr_line' id='line_1_51' title="bbox 1123 1222 1859 1263; baseline 0 -13"><span class='ocrx_word' id='word_1_319' title='bbox 1123 1222 1228 1263; x_wconf 74' lang='grc' dir='ltr'>ἑφεξῆς,</span> <span class='ocrx_word' id='word_1_320' title='bbox 1259 1225 1305 1251; x_wconf 82' lang='grc' dir='ltr'>καὶ</span> <span class='ocrx_word' id='word_1_321' title='bbox 1330 1230 1388 1256; x_wconf 75' lang='grc' dir='ltr'>τοῖς</span> <span class='ocrx_word' id='word_1_322' title='bbox 1417 1223 1590 1263; x_wconf 72' lang='grc' dir='ltr'>ἀγρυπνοῦσιν</span> <span class='ocrx_word' id='word_1_323' title='bbox 1619 1222 1756 1255; x_wconf 76' lang='grc' dir='ltr'>Ἰουδαίοις</span> <span class='ocrx_word' id='word_1_324' title='bbox 1801 1233 1859 1250; x_wconf 79' lang='grc' dir='ltr'>συν-</span> 
     </span>
    </p>
   </div>
   <div class='ocr_carea' id='block_1_52' title="bbox 172 1265 929 1307">
    <p class='ocr_par' dir='ltr' id='par_1_52' title="bbox 172 1265 929 1307">
     <span class='ocr_line' id='line_1_52' title="bbox 172 1265 929 1307; baseline -0.001 -11"><span class='ocrx_word' id='word_1_325' title='bbox 172 1271 229 1303; x_wconf 89' lang='lat' dir='ltr'><strong>tur,</strong></span> <span class='ocrx_word' id='word_1_326' title='bbox 246 1270 276 1297; x_wconf 91' lang='lat' dir='ltr'><strong>et</strong></span> <span class='ocrx_word' id='word_1_327' title='bbox 290 1266 346 1296; x_wconf 89' lang='lat' dir='ltr'><strong>reti</strong></span> <span class='ocrx_word' id='word_1_328' title='bbox 362 1265 490 1306; x_wconf 84' lang='lat' dir='ltr'><strong>quodam</strong></span> <span class='ocrx_word' id='word_1_329' title='bbox 508 1265 661 1296; x_wconf 89' lang='lat' dir='ltr'><strong>homicidii</strong></span> <span class='ocrx_word' id='word_1_330' title='bbox 691 1270 826 1303; x_wconf 91' lang='lat' dir='ltr'><strong>consuto,</strong></span> <span class='ocrx_word' id='word_1_331' title='bbox 856 1266 929 1307; x_wconf 57' lang='lat' dir='ltr'><strong>capit</strong></span> 
     </span>
    </p>
   </div>
   <div class='ocr_carea' id='block_1_53' title="bbox 1102 1265 1859 1307">
    <p class='ocr_par' dir='ltr' id='par_1_53' title="bbox 1102 1267 1859 1307">
     <span class='ocr_line' id='line_1_53' title="bbox 1102 1267 1859 1307; baseline -0.001 -12"><span class='ocrx_word' id='word_1_332' title='bbox 1102 1268 1260 1305; x_wconf 75' lang='grc' dir='ltr'>πνήσωμεν,</span> <span class='ocrx_word' id='word_1_333' title='bbox 1292 1267 1367 1296; x_wconf 65' lang='grc' dir='ltr'>Αὐτοὶ</span> <span class='ocrx_word' id='word_1_334' title='bbox 1396 1267 1445 1305; x_wconf 82' lang='grc' dir='ltr'>μὲν</span> <span class='ocrx_word' id='word_1_335' title='bbox 1469 1268 1519 1307; x_wconf 78' lang='grc' dir='ltr'><strong>γὰρ</strong></span> <span class='ocrx_word' id='word_1_336' title='bbox 1546 1267 1574 1296; x_wconf 78' lang='grc' dir='ltr'>ἐν</span> <span class='ocrx_word' id='word_1_337' title='bbox 1605 1267 1693 1296; x_wconf 85' lang='grc' dir='ltr'>σκότει</span> <span class='ocrx_word' id='word_1_338' title='bbox 1723 1277 1859 1295; x_wconf 85' lang='grc' dir='ltr'>ποντοπο-</span> 
     </span>
    </p>
   </div>
   <div class='ocr_carea' id='block_1_54' title="bbox 171 1309 928 1352">
    <p class='ocr_par' dir='ltr' id='par_1_54' title="bbox 171 1309 928 1350">
     <span class='ocr_line' id='line_1_54' title="bbox 171 1309 928 1350; baseline 0 -9"><span class='ocrx_word' id='word_1_339' title='bbox 171 1311 236 1350; x_wconf 89' lang='lat' dir='ltr'><strong>ejus</strong></span> <span class='ocrx_word' id='word_1_340' title='bbox 251 1310 437 1341; x_wconf 85' lang='lat' dir='ltr'><strong>occasionem</strong></span> <span class='ocrx_word' id='word_1_341' title='bbox 454 1313 600 1349; x_wconf 79' lang='lat' dir='ltr'><strong>quaerunt.</strong></span> <span class='ocrx_word' id='word_1_342' title='bbox 631 1309 727 1347; x_wconf 74' lang='lat' dir='ltr'><strong>Igitur</strong></span> <span class='ocrx_word' id='word_1_343' title='bbox 751 1310 838 1340; x_wconf 89' lang='lat' dir='ltr'><strong>etiam</strong></span> <span class='ocrx_word' id='word_1_344' title='bbox 853 1311 928 1341; x_wconf 48' lang='lat' dir='ltr'><strong>deint</strong></span> 
     </span>
    </p>
   </div>
   <div class='ocr_carea' id='block_1_55' title="bbox 1100 1309 1857 1352">
    <p class='ocr_par' dir='ltr' id='par_1_55' title="bbox 1100 1310 1857 1352">
     <span class='ocr_line' id='line_1_55' title="bbox 1100 1310 1857 1352; baseline -0.001 -13"><span class='ocrx_word' id='word_1_345' title='bbox 1100 1322 1158 1347; x_wconf 78' lang='grc' dir='ltr'>ιυσι,</span> <span class='ocrx_word' id='word_1_346' title='bbox 1201 1318 1291 1344; x_wconf 72' lang='grc' dir='ltr'>κεναῖς</span> <span class='ocrx_word' id='word_1_347' title='bbox 1321 1311 1432 1343; x_wconf 79' lang='grc' dir='ltr'>ὠλέναις</span> <span class='ocrx_word' id='word_1_348' title='bbox 1462 1312 1609 1352; x_wconf 74' lang='grc' dir='ltr'>ὰφάσοντες</span> <span class='ocrx_word' id='word_1_349' title='bbox 1637 1310 1728 1340; x_wconf 81' lang='grc' dir='ltr'>δίκτυα</span> <span class='ocrx_word' id='word_1_350' title='bbox 1752 1320 1760 1327; x_wconf 84' lang='grc'><strong><em>⁸</em></strong></span> <span class='ocrx_word' id='word_1_351' title='bbox 1779 1312 1857 1348; x_wconf 71' lang='grc' dir='ltr'>ἡμεῖς</span> 
     </span>
    </p>
   </div>
   <div class='ocr_carea' id='block_1_56' title="bbox 170 1353 927 1396">
    <p class='ocr_par' dir='ltr' id='par_1_56' title="bbox 170 1353 925 1393">
     <span class='ocr_line' id='line_1_56' title="bbox 170 1353 925 1393; baseline 0.003 -9"><span class='ocrx_word' id='word_1_352' title='bbox 170 1355 336 1392; x_wconf 78' lang='lat' dir='ltr'><strong>vigilemus,</strong></span> <span class='ocrx_word' id='word_1_353' title='bbox 349 1359 378 1385; x_wconf 90' lang='lat' dir='ltr'><strong>et</strong></span> <span class='ocrx_word' id='word_1_354' title='bbox 389 1363 456 1384; x_wconf 89' lang='lat' dir='ltr'><strong>cum</strong></span> <span class='ocrx_word' id='word_1_355' title='bbox 467 1353 577 1385; x_wconf 77' lang='lat' dir='ltr'><strong>Judzeis</strong></span> <span class='ocrx_word' id='word_1_356' title='bbox 588 1353 730 1385; x_wconf 74' lang='lat' dir='ltr'><strong>excubias</strong></span> <span class='ocrx_word' id='word_1_357' title='bbox 741 1355 898 1393; x_wconf 76' lang='lat' dir='ltr'><strong>agentibus</strong></span> <span class='ocrx_word' id='word_1_358' title='bbox 910 1365 925 1386; x_wconf 89' lang='lat' dir='ltr'><strong>e</strong></span> 
     </span>
    </p>
   </div>
   <div class='ocr_carea' id='block_1_57' title="bbox 1102 1353 1859 1396">
    <p class='ocr_par' dir='ltr' id='par_1_57' title="bbox 1102 1355 1859 1396">
     <span class='ocr_line' id='line_1_57' title="bbox 1102 1355 1859 1396; baseline -0.001 -13"><span class='ocrx_word' id='word_1_359' title='bbox 1102 1368 1103 1375; x_wconf 61' lang='grc' dir='ltr'><strong>ι</strong></span> <span class='ocrx_word' id='word_1_360' title='bbox 1130 1356 1215 1395; x_wconf 76' lang='grc' dir='ltr'>ἡμέρᾳ</span> <span class='ocrx_word' id='word_1_361' title='bbox 1238 1357 1472 1396; x_wconf 69' lang='grc' dir='ltr'>περιπατήσωμεν,</span> <span class='ocrx_word' id='word_1_362' title='bbox 1494 1358 1539 1385; x_wconf 88' lang='grc' dir='ltr'><strong>καὶ</strong></span> <span class='ocrx_word' id='word_1_363' title='bbox 1566 1361 1612 1386; x_wconf 83' lang='grc' dir='ltr'>τοῦ</span> <span class='ocrx_word' id='word_1_364' title='bbox 1638 1357 1728 1396; x_wconf 79' lang='grc' dir='ltr'>φωτὸς</span> <span class='ocrx_word' id='word_1_365' title='bbox 1751 1357 1787 1384; x_wconf 72' lang='grc' dir='ltr'><strong>τὰ</strong></span> <span class='ocrx_word' id='word_1_366' title='bbox 1802 1355 1859 1395; x_wconf 76' lang='grc' dir='ltr'>’ἔργα</span> 
     </span>
    </p>
   </div>
   <div class='ocr_carea' id='block_1_58' title="bbox 171 1398 928 1440">
    <p class='ocr_par' dir='ltr' id='par_1_58' title="bbox 171 1398 928 1440">
     <span class='ocr_line' id='line_1_58' title="bbox 171 1398 928 1440; baseline 0 -10"><span class='ocrx_word' id='word_1_367' title='bbox 171 1399 286 1430; x_wconf 87' lang='lat' dir='ltr'><strong>bemus.</strong></span> <span class='ocrx_word' id='word_1_368' title='bbox 303 1398 361 1438; x_wconf 87' lang='lat' dir='ltr'><strong>Ipsi</strong></span> <span class='ocrx_word' id='word_1_369' title='bbox 373 1398 492 1438; x_wconf 87' lang='lat' dir='ltr'><strong>quidem</strong></span> <span class='ocrx_word' id='word_1_370' title='bbox 505 1398 534 1428; x_wconf 94' lang='lat' dir='ltr'><strong>in</strong></span> <span class='ocrx_word' id='word_1_371' title='bbox 544 1398 675 1428; x_wconf 72' lang='lat' dir='ltr'><strong>tenebris</strong></span> <span class='ocrx_word' id='word_1_372' title='bbox 688 1408 741 1439; x_wconf 89' lang='lat' dir='ltr'><strong>per</strong></span> <span class='ocrx_word' id='word_1_373' title='bbox 754 1408 835 1430; x_wconf 91' lang='lat' dir='ltr'><strong>mare</strong></span> <span class='ocrx_word' id='word_1_374' title='bbox 845 1400 928 1440; x_wconf 76' lang='lat' dir='ltr'><strong>vagat</strong></span> 
     </span>
    </p>
   </div>
   <div class='ocr_carea' id='block_1_59' title="bbox 1102 1398 1859 1440">
    <p class='ocr_par' dir='ltr' id='par_1_59' title="bbox 1102 1401 1859 1439">
     <span class='ocr_line' id='line_1_59' title="bbox 1102 1401 1859 1439; baseline -0.003 -10"><span class='ocrx_word' id='word_1_375' title='bbox 1102 1401 1190 1438; x_wconf 65' lang='grc' dir='ltr'>ίμεθα.</span> <span class='ocrx_word' id='word_1_376' title='bbox 1225 1401 1303 1429; x_wconf 68' lang='grc' dir='ltr'>Αὐτοὶ</span> <span class='ocrx_word' id='word_1_377' title='bbox 1343 1401 1403 1432; x_wconf 69' lang='grc' dir='ltr'>τοὺς</span> <span class='ocrx_word' id='word_1_378' title='bbox 1448 1401 1582 1433; x_wconf 73' lang='grc' dir='ltr'>σκόλοπας</span> <span class='ocrx_word' id='word_1_379' title='bbox 1618 1401 1859 1439; x_wconf 75' lang='grc' dir='ltr'>ἆγκιστρεύσουσιν,</span> 
     </span>
    </p>
   </div>
   <div class='ocr_carea' id='block_1_60' title="bbox 171 1441 928 1484">
    <p class='ocr_par' dir='ltr' id='par_1_60' title="bbox 171 1441 925 1478">
     <span class='ocr_line' id='line_1_60' title="bbox 171 1441 925 1478; baseline 0.003 -6"><span class='ocrx_word' id='word_1_380' title='bbox 171 1448 228 1478; x_wconf 84' lang='lat' dir='ltr'><strong>tur,</strong></span> <span class='ocrx_word' id='word_1_381' title='bbox 241 1443 387 1472; x_wconf 77' lang='lat' dir='ltr'><strong>incassum</strong></span> <span class='ocrx_word' id='word_1_382' title='bbox 400 1442 474 1472; x_wconf 84' lang='lat' dir='ltr'><strong>retia</strong></span> <span class='ocrx_word' id='word_1_383' title='bbox 499 1441 649 1472; x_wconf 79' lang='lat' dir='ltr'><strong>laxantes:</strong></span> <span class='ocrx_word' id='word_1_384' title='bbox 672 1452 725 1472; x_wconf 89' lang='lat' dir='ltr'><strong>nos</strong></span> <span class='ocrx_word' id='word_1_385' title='bbox 741 1447 840 1473; x_wconf 87' lang='lat' dir='ltr'><strong>autem</strong></span> <span class='ocrx_word' id='word_1_386' title='bbox 857 1444 925 1474; x_wconf 90' lang='lat' dir='ltr'><strong>amb</strong></span> 
     </span>
    </p>
   </div>
   <div class='ocr_carea' id='block_1_61' title="bbox 1102 1441 1859 1484">
    <p class='ocr_par' dir='ltr' id='par_1_61' title="bbox 1102 1444 1859 1484">
     <span class='ocr_line' id='line_1_61' title="bbox 1102 1444 1859 1484; baseline 0 -12"><span class='ocrx_word' id='word_1_387' title='bbox 1102 1452 1118 1477; x_wconf 67' lang='grc' dir='ltr'>¹ς</span> <span class='ocrx_word' id='word_1_388' title='bbox 1131 1444 1159 1473; x_wconf 77' lang='grc' dir='ltr'><strong>δὲ</strong></span> <span class='ocrx_word' id='word_1_389' title='bbox 1180 1446 1230 1479; x_wconf 78' lang='grc' dir='ltr'>τὴν</span> <span class='ocrx_word' id='word_1_390' title='bbox 1257 1444 1338 1484; x_wconf 76' lang='grc' dir='ltr'>ἄγραν</span> <span class='ocrx_word' id='word_1_391' title='bbox 1367 1444 1551 1484; x_wconf 57' lang='grc' dir='ltr'>κεῷήσωμεν.</span> <span class='ocrx_word' id='word_1_392' title='bbox 1573 1446 1650 1474; x_wconf 78' lang='grc' dir='ltr'>Αὐτοὶ</span> <span class='ocrx_word' id='word_1_393' title='bbox 1679 1446 1727 1473; x_wconf 77' lang='grc' dir='ltr'><strong>τὸν</strong></span> <span class='ocrx_word' id='word_1_394' title='bbox 1757 1446 1859 1484; x_wconf 71' lang='grc' dir='ltr'>μάργα-</span> 
     </span>
    </p>
   </div>
   <div class='ocr_carea' id='block_1_62' title="bbox 172 1486 929 1530">
    <p class='ocr_par' dir='ltr' id='par_1_62' title="bbox 172 1486 929 1528">
     <span class='ocr_line' id='line_1_62' title="bbox 172 1486 929 1528; baseline 0.003 -12"><span class='ocrx_word' id='word_1_395' title='bbox 172 1496 238 1517; x_wconf 92' lang='lat' dir='ltr'><strong>mus</strong></span> <span class='ocrx_word' id='word_1_396' title='bbox 254 1487 284 1516; x_wconf 93' lang='lat' dir='ltr'><strong>in</strong></span> <span class='ocrx_word' id='word_1_397' title='bbox 292 1487 393 1523; x_wconf 87' lang='lat' dir='ltr'><strong>die,ac</strong></span> <span class='ocrx_word' id='word_1_398' title='bbox 407 1486 480 1516; x_wconf 92' lang='lat' dir='ltr'><strong>lucis</strong></span> <span class='ocrx_word' id='word_1_399' title='bbox 494 1495 585 1526; x_wconf 88' lang='lat' dir='ltr'><strong>opera</strong></span> <span class='ocrx_word' id='word_1_400' title='bbox 593 1495 826 1527; x_wconf 84' lang='lat' dir='ltr'><strong>consequemur:</strong></span> <span class='ocrx_word' id='word_1_401' title='bbox 841 1488 896 1528; x_wconf 88' lang='lat' dir='ltr'><strong>ipsi</strong></span> <span class='ocrx_word' id='word_1_402' title='bbox 906 1498 929 1518; x_wconf 74' lang='lat' dir='ltr'><strong>su</strong></span> 
     </span>
    </p>
   </div>
   <div class='ocr_carea' id='block_1_63' title="bbox 1103 1486 1860 1530">
    <p class='ocr_par' dir='ltr' id='par_1_63' title="bbox 1103 1489 1860 1530">
     <span class='ocr_line' id='line_1_63' title="bbox 1103 1489 1860 1530; baseline 0 -13"><span class='ocrx_word' id='word_1_403' title='bbox 1103 1502 1120 1517; x_wconf 67' lang='grc' dir='ltr'>,ν</span> <span class='ocrx_word' id='word_1_404' title='bbox 1145 1489 1209 1526; x_wconf 84' lang='grc' dir='ltr'>λίθῳ</span> <span class='ocrx_word' id='word_1_405' title='bbox 1229 1489 1403 1530; x_wconf 79' lang='grc' dir='ltr'>καλύψουσιν,</span> <span class='ocrx_word' id='word_1_406' title='bbox 1425 1491 1508 1527; x_wconf 75' lang='grc' dir='ltr'>ἡμεῖς</span> <span class='ocrx_word' id='word_1_407' title='bbox 1542 1489 1569 1517; x_wconf 78' lang='grc' dir='ltr'><strong>δὲ</strong></span> <span class='ocrx_word' id='word_1_408' title='bbox 1599 1493 1691 1518; x_wconf 74' lang='grc' dir='ltr'>τουτον</span> <span class='ocrx_word' id='word_1_409' title='bbox 1721 1489 1751 1517; x_wconf 76' lang='grc' dir='ltr'>ἐν</span> <span class='ocrx_word' id='word_1_410' title='bbox 1766 1490 1860 1529; x_wconf 82' lang='grc' dir='ltr'>ὀστρα-</span> 
     </span>
    </p>
   </div>
   <div class='ocr_carea' id='block_1_64' title="bbox 174 1530 931 1574">
    <p class='ocr_par' dir='ltr' id='par_1_64' title="bbox 174 1530 918 1570">
     <span class='ocr_line' id='line_1_64' title="bbox 174 1530 918 1570; baseline 0.004 -9"><span class='ocrx_word' id='word_1_411' title='bbox 174 1531 272 1562; x_wconf 86' lang='lat' dir='ltr'><strong>hamis</strong></span> <span class='ocrx_word' id='word_1_412' title='bbox 284 1530 480 1566; x_wconf 82' lang='lat' dir='ltr'><strong>uncinabunt,</strong></span> <span class='ocrx_word' id='word_1_413' title='bbox 502 1539 555 1561; x_wconf 89' lang='lat' dir='ltr'><strong>nos</strong></span> <span class='ocrx_word' id='word_1_414' title='bbox 570 1531 698 1570; x_wconf 75' lang='lat' dir='ltr'><strong>praedam</strong></span> <span class='ocrx_word' id='word_1_415' title='bbox 716 1532 898 1563; x_wconf 89' lang='lat' dir='ltr'><strong>lucrabimur</strong></span> <span class='ocrx_word' id='word_1_416' title='bbox 912 1542 918 1564; x_wconf 91' lang='lat'><strong>:</strong></span> 
     </span>
    </p>
   </div>
   <div class='ocr_carea' id='block_1_65' title="bbox 1103 1530 1860 1574">
    <p class='ocr_par' dir='ltr' id='par_1_65' title="bbox 1103 1534 1860 1574">
     <span class='ocr_line' id='line_1_65' title="bbox 1103 1534 1860 1574; baseline 0.003 -12"><span class='ocrx_word' id='word_1_417' title='bbox 1103 1546 1116 1566; x_wconf 88' lang='grc' dir='ltr'><strong>ς</strong></span> <span class='ocrx_word' id='word_1_418' title='bbox 1144 1534 1396 1574; x_wconf 68' lang='grc' dir='ltr'>ἀποθησαυρίσωμεν</span> <span class='ocrx_word' id='word_1_419' title='bbox 1435 1535 1566 1564; x_wconf 77' lang='grc' dir='ltr'>σκεύεσιν.</span> <span class='ocrx_word' id='word_1_420' title='bbox 1606 1534 1681 1563; x_wconf 71' lang='grc' dir='ltr'>Οὕτω</span> <span class='ocrx_word' id='word_1_421' title='bbox 1717 1534 1860 1573; x_wconf 78' lang='grc' dir='ltr'>γινομένης</span> 
     </span>
    </p>
   </div>
   <div class='ocr_carea' id='block_1_66' title="bbox 172 1575 929 1616">
    <p class='ocr_par' dir='ltr' id='par_1_66' title="bbox 172 1575 929 1615">
     <span class='ocr_line' id='line_1_66' title="bbox 172 1575 929 1615; baseline 0.004 -9"><span class='ocrx_word' id='word_1_422' title='bbox 172 1577 314 1606; x_wconf 90' lang='lat' dir='ltr'><strong>unionem</strong></span> <span class='ocrx_word' id='word_1_423' title='bbox 330 1575 360 1605; x_wconf 90' lang='lat' dir='ltr'><strong>in</strong></span> <span class='ocrx_word' id='word_1_424' title='bbox 376 1575 473 1615; x_wconf 90' lang='lat' dir='ltr'><strong>lapide</strong></span> <span class='ocrx_word' id='word_1_425' title='bbox 489 1580 599 1614; x_wconf 81' lang='lat' dir='ltr'><strong>tegent,</strong></span> <span class='ocrx_word' id='word_1_426' title='bbox 616 1585 670 1606; x_wconf 91' lang='lat' dir='ltr'><strong>nos</strong></span> <span class='ocrx_word' id='word_1_427' title='bbox 699 1584 765 1607; x_wconf 89' lang='lat' dir='ltr'><strong>eum</strong></span> <span class='ocrx_word' id='word_1_428' title='bbox 796 1577 827 1607; x_wconf 89' lang='lat' dir='ltr'><strong>in</strong></span> <span class='ocrx_word' id='word_1_429' title='bbox 857 1582 929 1609; x_wconf 91' lang='lat' dir='ltr'><strong>testa</strong></span> 
     </span>
    </p>
   </div>
   <div class='ocr_carea' id='block_1_67' title="bbox 1104 1575 1861 1616">
    <p class='ocr_par' dir='ltr' id='par_1_67' title="bbox 1104 1577 1861 1616">
     <span class='ocr_line' id='line_1_67' title="bbox 1104 1577 1861 1616; baseline -0.001 -9"><span class='ocrx_word' id='word_1_430' title='bbox 1104 1579 1189 1612; x_wconf 71' lang='grc' dir='ltr'>ῑαύτης</span> <span class='ocrx_word' id='word_1_431' title='bbox 1204 1582 1256 1607; x_wconf 85' lang='grc' dir='ltr'>τῶν</span> <span class='ocrx_word' id='word_1_432' title='bbox 1271 1579 1443 1616; x_wconf 81' lang='grc' dir='ltr'>θυμιαμάτων</span> <span class='ocrx_word' id='word_1_433' title='bbox 1475 1580 1526 1612; x_wconf 72' lang='grc' dir='ltr'>τῆς</span> <span class='ocrx_word' id='word_1_434' title='bbox 1560 1577 1714 1616; x_wconf 77' lang='grc' dir='ltr'>διαδόσεως,</span> <span class='ocrx_word' id='word_1_435' title='bbox 1738 1580 1785 1607; x_wconf 78' lang='grc' dir='ltr'><strong>καὶ</strong></span> <span class='ocrx_word' id='word_1_436' title='bbox 1820 1583 1861 1607; x_wconf 63' lang='lat' dir='ltr'><strong>toi</strong></span> 
     </span>
    </p>
   </div>
   <div class='ocr_carea' id='block_1_68' title="bbox 168 1620 994 1660">
    <p class='ocr_par' dir='ltr' id='par_1_68' title="bbox 168 1620 994 1660">
     <span class='ocr_line' id='line_1_68' title="bbox 168 1620 994 1660; baseline 0.002 -9"><span class='ocrx_word' id='word_1_437' title='bbox 168 1621 245 1651; x_wconf 89' lang='lat' dir='ltr'><strong>vasis</strong></span> <span class='ocrx_word' id='word_1_438' title='bbox 261 1621 468 1652; x_wconf 82' lang='lat' dir='ltr'><strong>recondemus.</strong></span> <span class='ocrx_word' id='word_1_439' title='bbox 484 1620 645 1660; x_wconf 87' lang='lat' dir='ltr'><strong>Postquam</strong></span> <span class='ocrx_word' id='word_1_440' title='bbox 658 1620 688 1650; x_wconf 92' lang='lat' dir='ltr'><strong>in</strong></span> <span class='ocrx_word' id='word_1_441' title='bbox 700 1621 778 1651; x_wconf 88' lang='lat' dir='ltr'><strong>hunc</strong></span> <span class='ocrx_word' id='word_1_442' title='bbox 791 1622 910 1652; x_wconf 90' lang='lat' dir='ltr'><strong>modum</strong></span> <span class='ocrx_word' id='word_1_443' title='bbox 926 1622 994 1653; x_wconf 87' lang='lat' dir='ltr'><strong>data</strong></span> 
     </span>
    </p>
   </div>
   <div class='ocr_carea' id='block_1_69' title="bbox 168 1665 992 1705">
    <p class='ocr_par' dir='ltr' id='par_1_69' title="bbox 168 1665 992 1705">
     <span class='ocr_line' id='line_1_69' title="bbox 168 1665 992 1705; baseline 0.002 -9"><span class='ocrx_word' id='word_1_444' title='bbox 168 1671 238 1697; x_wconf 90' lang='lat' dir='ltr'><strong>sunt</strong></span> <span class='ocrx_word' id='word_1_445' title='bbox 251 1665 384 1702; x_wconf 82' lang='lat' dir='ltr'><strong>incensa,</strong></span> <span class='ocrx_word' id='word_1_446' title='bbox 401 1669 430 1695; x_wconf 90' lang='lat' dir='ltr'><strong>et</strong></span> <span class='ocrx_word' id='word_1_447' title='bbox 459 1665 584 1705; x_wconf 91' lang='lat' dir='ltr'><strong>populus</strong></span> <span class='ocrx_word' id='word_1_448' title='bbox 609 1674 728 1696; x_wconf 81' lang='lat' dir='ltr'><strong>rursum</strong></span> <span class='ocrx_word' id='word_1_449' title='bbox 755 1675 858 1697; x_wconf 90' lang='lat' dir='ltr'><strong>manus</strong></span> <span class='ocrx_word' id='word_1_450' title='bbox 873 1676 941 1697; x_wconf 86' lang='lat' dir='ltr'><strong>suas</strong></span> <span class='ocrx_word' id='word_1_451' title='bbox 955 1668 992 1698; x_wconf 90' lang='lat' dir='ltr'><strong>ad</strong></span> 
     </span>
    </p>
   </div>
   <div class='ocr_carea' id='block_1_70' title="bbox 165 1711 992 1753">
    <p class='ocr_par' dir='ltr' id='par_1_70' title="bbox 165 1711 992 1753">
     <span class='ocr_line' id='line_1_70' title="bbox 165 1711 992 1753; baseline 0.002 -11"><span class='ocrx_word' id='word_1_452' title='bbox 165 1711 272 1751; x_wconf 87' lang='lat' dir='ltr'><strong>jejunii</strong></span> <span class='ocrx_word' id='word_1_453' title='bbox 288 1711 408 1752; x_wconf 79' lang='lat' dir='ltr'><strong>pelagus</strong></span> <span class='ocrx_word' id='word_1_454' title='bbox 423 1719 563 1751; x_wconf 85' lang='lat' dir='ltr'><strong>prospero</strong></span> <span class='ocrx_word' id='word_1_455' title='bbox 579 1720 668 1742; x_wconf 90' lang='lat' dir='ltr'><strong>cursu</strong></span> <span class='ocrx_word' id='word_1_456' title='bbox 677 1711 797 1749; x_wconf 79' lang='lat' dir='ltr'><strong>dixerit,</strong></span> <span class='ocrx_word' id='word_1_457' title='bbox 812 1716 992 1753; x_wconf 89' lang='lat' dir='ltr'><strong>noctemque</strong></span> 
     </span>
    </p>
   </div>
   <div class='ocr_carea' id='block_1_71' title="bbox 168 1755 991 1788">
    <p class='ocr_par' dir='ltr' id='par_1_71' title="bbox 168 1755 991 1788">
     <span class='ocr_line' id='line_1_71' title="bbox 168 1755 991 1788; baseline 0.002 -2"><span class='ocrx_word' id='word_1_458' title='bbox 168 1760 337 1787; x_wconf 91' lang='lat' dir='ltr'><strong>sanctorum</strong></span> <span class='ocrx_word' id='word_1_459' title='bbox 367 1755 476 1787; x_wconf 86' lang='lat' dir='ltr'><strong>Christi</strong></span> <span class='ocrx_word' id='word_1_460' title='bbox 505 1755 687 1786; x_wconf 88' lang='lat' dir='ltr'><strong>cruciatuum</strong></span> <span class='ocrx_word' id='word_1_461' title='bbox 725 1755 828 1787; x_wconf 85' lang='lat' dir='ltr'><strong>faculis</strong></span> <span class='ocrx_word' id='word_1_462' title='bbox 858 1758 991 1788; x_wconf 89' lang='lat' dir='ltr'><strong>accensis</strong></span> 
     </span>
    </p>
   </div>
   <div class='ocr_carea' id='block_1_72' title="bbox 170 1800 990 1840">
    <p class='ocr_par' dir='ltr' id='par_1_72' title="bbox 170 1800 990 1840">
     <span class='ocr_line' id='line_1_72' title="bbox 170 1800 990 1840; baseline 0.001 -9"><span class='ocrx_word' id='word_1_463' title='bbox 170 1800 352 1831; x_wconf 87' lang='lat' dir='ltr'><strong>collustravit</strong></span> <span class='ocrx_word' id='word_1_464' title='bbox 365 1803 447 1840; x_wconf 88' lang='lat' dir='ltr'><strong>(nam</strong></span> <span class='ocrx_word' id='word_1_465' title='bbox 463 1800 494 1830; x_wconf 87' lang='lat' dir='ltr'><strong>in</strong></span> <span class='ocrx_word' id='word_1_466' title='bbox 524 1800 572 1830; x_wconf 90' lang='lat' dir='ltr'><strong>die</strong></span> <span class='ocrx_word' id='word_1_467' title='bbox 601 1800 799 1838; x_wconf 88' lang='lat' dir='ltr'><strong>ambulantes,</strong></span> <span class='ocrx_word' id='word_1_468' title='bbox 832 1805 863 1831; x_wconf 86' lang='lat' dir='ltr'><strong>ut</strong></span> <span class='ocrx_word' id='word_1_469' title='bbox 888 1811 990 1832; x_wconf 92' lang='lat' dir='ltr'><strong>eorum</strong></span> 
     </span>
    </p>
   </div>
   <div class='ocr_carea' id='block_1_73' title="bbox 168 1844 993 1886">
    <p class='ocr_par' dir='ltr' id='par_1_73' title="bbox 168 1844 993 1886">
     <span class='ocr_line' id='line_1_73' title="bbox 168 1844 993 1886; baseline 0.001 -10"><span class='ocrx_word' id='word_1_470' title='bbox 168 1855 264 1886; x_wconf 86' lang='lat' dir='ltr'><strong>more,</strong></span> <span class='ocrx_word' id='word_1_471' title='bbox 287 1845 338 1886; x_wconf 91' lang='lat' dir='ltr'><strong>qui</strong></span> <span class='ocrx_word' id='word_1_472' title='bbox 352 1845 504 1876; x_wconf 88' lang='lat' dir='ltr'><strong>ambulant</strong></span> <span class='ocrx_word' id='word_1_473' title='bbox 518 1845 549 1874; x_wconf 93' lang='lat' dir='ltr'><strong>in</strong></span> <span class='ocrx_word' id='word_1_474' title='bbox 566 1844 708 1882; x_wconf 88' lang='lat' dir='ltr'><strong>tenebris,</strong></span> <span class='ocrx_word' id='word_1_475' title='bbox 723 1849 867 1876; x_wconf 90' lang='lat' dir='ltr'><strong>nocturna</strong></span> <span class='ocrx_word' id='word_1_476' title='bbox 883 1846 993 1878; x_wconf 80' lang='lat' dir='ltr'><strong>faciant</strong></span> 
     </span>
    </p>
   </div>
   <div class='ocr_carea' id='block_1_74' title="bbox 168 1889 992 1931">
    <p class='ocr_par' dir='ltr' id='par_1_74' title="bbox 168 1889 992 1931">
     <span class='ocr_line' id='line_1_74' title="bbox 168 1889 992 1931; baseline 0.001 -10"><span class='ocrx_word' id='word_1_477' title='bbox 168 1891 276 1921; x_wconf 86' lang='lat' dir='ltr'><strong>itinera</strong></span> <span class='ocrx_word' id='word_1_478' title='bbox 287 1890 350 1920; x_wconf 78' lang='lat' dir='ltr'><strong>fieri</strong></span> <span class='ocrx_word' id='word_1_479' title='bbox 360 1889 441 1920; x_wconf 92' lang='lat' dir='ltr'><strong>nullo</strong></span> <span class='ocrx_word' id='word_1_480' title='bbox 454 1889 542 1919; x_wconf 89' lang='lat' dir='ltr'><strong>modo</strong></span> <span class='ocrx_word' id='word_1_481' title='bbox 564 1893 674 1929; x_wconf 89' lang='lat' dir='ltr'><strong>potest:</strong></span> <span class='ocrx_word' id='word_1_482' title='bbox 704 1898 765 1920; x_wconf 84' lang='lat' dir='ltr'><strong>ium</strong></span> <span class='ocrx_word' id='word_1_483' title='bbox 781 1900 850 1921; x_wconf 87' lang='lat' dir='ltr'><strong>vero</strong></span> <span class='ocrx_word' id='word_1_484' title='bbox 865 1900 992 1931; x_wconf 89' lang='lat' dir='ltr'><strong>sponsus</strong></span> 
     </span>
    </p>
   </div>
   <div class='ocr_carea' id='block_1_75' title="bbox 167 1933 992 1976">
    <p class='ocr_par' dir='ltr' id='par_1_75' title="bbox 167 1933 992 1976">
     <span class='ocr_line' id='line_1_75' title="bbox 167 1933 992 1976; baseline 0 -10"><span class='ocrx_word' id='word_1_485' title='bbox 167 1935 307 1966; x_wconf 82' lang='lat' dir='ltr'><strong>Ecclesiae</strong></span> <span class='ocrx_word' id='word_1_486' title='bbox 316 1943 420 1965; x_wconf 87' lang='lat' dir='ltr'><strong>rursus</strong></span> <span class='ocrx_word' id='word_1_487' title='bbox 431 1933 568 1964; x_wconf 84' lang='lat' dir='ltr'><strong>exoriens</strong></span> <span class='ocrx_word' id='word_1_488' title='bbox 575 1934 667 1964; x_wconf 85' lang='lat' dir='ltr'><strong>instar</strong></span> <span class='ocrx_word' id='word_1_489' title='bbox 674 1934 992 1976; x_wconf 80' lang='lat' dir='ltr'><strong>matutiniautvesper-</strong></span> 
     </span>
    </p>
   </div>
   <div class='ocr_carea' id='block_1_76' title="bbox 167 1978 991 2020">
    <p class='ocr_par' dir='ltr' id='par_1_76' title="bbox 167 1978 991 2020">
     <span class='ocr_line' id='line_1_76' title="bbox 167 1978 991 2020; baseline 0 -9"><span class='ocrx_word' id='word_1_490' title='bbox 167 1979 362 2020; x_wconf 87' lang='lat' dir='ltr'><strong>tiniArcturi,</strong></span> <span class='ocrx_word' id='word_1_491' title='bbox 388 1979 437 2009; x_wconf 92' lang='lat' dir='ltr'><strong>die</strong></span> <span class='ocrx_word' id='word_1_492' title='bbox 457 1979 551 2009; x_wconf 87' lang='lat' dir='ltr'><strong>fausto</strong></span> <span class='ocrx_word' id='word_1_493' title='bbox 564 1978 657 2008; x_wconf 89' lang='lat' dir='ltr'><strong>sancti</strong></span> <span class='ocrx_word' id='word_1_494' title='bbox 672 1978 821 2010; x_wconf 89' lang='lat' dir='ltr'><strong>Paschatis</strong></span> <span class='ocrx_word' id='word_1_495' title='bbox 837 1980 991 2011; x_wconf 87' lang='lat' dir='ltr'><strong>Dominico</strong></span> 
     </span>
    </p>
   </div>
   <div class='ocr_carea' id='block_1_77' title="bbox 168 2023 988 2065">
    <p class='ocr_par' dir='ltr' id='par_1_77' title="bbox 168 2023 988 2065">
     <span class='ocr_line' id='line_1_77' title="bbox 168 2023 988 2065; baseline 0.001 -10"><span class='ocrx_word' id='word_1_496' title='bbox 168 2025 246 2055; x_wconf 89' lang='lat' dir='ltr'><strong>velut</strong></span> <span class='ocrx_word' id='word_1_497' title='bbox 256 2024 330 2055; x_wconf 84' lang='lat' dir='ltr'><strong>alter</strong></span> <span class='ocrx_word' id='word_1_498' title='bbox 341 2023 457 2054; x_wconf 77' lang='lat' dir='ltr'><strong>divinus</strong></span> <span class='ocrx_word' id='word_1_499' title='bbox 475 2023 571 2054; x_wconf 87' lang='lat' dir='ltr'><strong>Moses</strong></span> <span class='ocrx_word' id='word_1_500' title='bbox 582 2023 649 2054; x_wconf 89' lang='lat' dir='ltr'><strong>sinu</strong></span> <span class='ocrx_word' id='word_1_501' title='bbox 662 2032 716 2054; x_wconf 92' lang='lat' dir='ltr'><strong>suo</strong></span> <span class='ocrx_word' id='word_1_502' title='bbox 735 2024 830 2055; x_wconf 87' lang='lat' dir='ltr'><strong>Chrisi</strong></span> <span class='ocrx_word' id='word_1_503' title='bbox 850 2026 988 2065; x_wconf 88' lang='lat' dir='ltr'><strong>populum</strong></span> 
     </span>
    </p>
   </div>
   <div class='ocr_carea' id='block_1_78' title="bbox 166 2068 989 2110">
    <p class='ocr_par' dir='ltr' id='par_1_78' title="bbox 166 2068 989 2110">
     <span class='ocr_line' id='line_1_78' title="bbox 166 2068 989 2110; baseline 0.001 -10"><span class='ocrx_word' id='word_1_504' title='bbox 166 2070 287 2110; x_wconf 81' lang='lat' dir='ltr'><strong>excipit,</strong></span> <span class='ocrx_word' id='word_1_505' title='bbox 304 2068 448 2109; x_wconf 89' lang='lat' dir='ltr'><strong>quasique</strong></span> <span class='ocrx_word' id='word_1_506' title='bbox 476 2068 681 2107; x_wconf 77' lang='lat' dir='ltr'><strong>congratularis</strong></span> <span class='ocrx_word' id='word_1_507' title='bbox 710 2068 763 2105; x_wconf 89' lang='lat' dir='ltr'><strong>eis,</strong></span> <span class='ocrx_word' id='word_1_508' title='bbox 792 2069 840 2110; x_wconf 88' lang='lat' dir='ltr'><strong>qui</strong></span> <span class='ocrx_word' id='word_1_509' title='bbox 869 2079 989 2101; x_wconf 92' lang='lat' dir='ltr'><strong>omnem</strong></span> 
     </span>
    </p>
   </div>
   <div class='ocr_carea' id='block_1_79' title="bbox 165 2113 1020 2167">
    <p class='ocr_par' dir='ltr' id='par_1_79' title="bbox 165 2113 1020 2167">
     <span class='ocr_line' id='line_1_79' title="bbox 165 2113 1020 2167; baseline 0 -22"><span class='ocrx_word' id='word_1_510' title='bbox 165 2115 363 2146; x_wconf 90' lang='lat' dir='ltr'><strong>sceleritatem</strong></span> <span class='ocrx_word' id='word_1_511' title='bbox 380 2113 583 2153; x_wconf 65' lang='lat' dir='ltr'><strong>Egyptiacam</strong></span> <span class='ocrx_word' id='word_1_512' title='bbox 600 2113 795 2167; x_wconf 74' lang='lat' dir='ltr'><strong>excusserint,</strong></span> <span class='ocrx_word' id='word_1_513' title='bbox 813 2118 841 2144; x_wconf 87' lang='lat' dir='ltr'><strong>et</strong></span> <span class='ocrx_word' id='word_1_514' title='bbox 858 2114 987 2145; x_wconf 82' lang='lat' dir='ltr'><strong>Pharao—</strong></span> <span class='ocrx_word' id='word_1_515' title='bbox 998 2143 1020 2167; x_wconf 66' lang='grc' dir='ltr'>Ι,</span> 
     </span>
    </p>
   </div>
   <div class='ocr_carea' id='block_1_80' title="bbox 166 2157 984 2199">
    <p class='ocr_par' dir='ltr' id='par_1_80' title="bbox 166 2157 984 2199">
     <span class='ocr_line' id='line_1_80' title="bbox 166 2157 984 2199; baseline 0 -9"><span class='ocrx_word' id='word_1_516' title='bbox 166 2169 234 2190; x_wconf 92' lang='lat' dir='ltr'><strong>nem</strong></span> <span class='ocrx_word' id='word_1_517' title='bbox 251 2161 473 2199; x_wconf 89' lang='lat' dir='ltr'><strong>persecutorem</strong></span> <span class='ocrx_word' id='word_1_518' title='bbox 504 2158 578 2188; x_wconf 88' lang='lat' dir='ltr'><strong>mari</strong></span> <span class='ocrx_word' id='word_1_519' title='bbox 604 2157 824 2188; x_wconf 84' lang='lat' dir='ltr'><strong>submerserint</strong></span> <span class='ocrx_word' id='word_1_520' title='bbox 840 2167 847 2189; x_wconf 88' lang='lat'><strong>:</strong></span> <span class='ocrx_word' id='word_1_521' title='bbox 864 2158 984 2198; x_wconf 80' lang='lat' dir='ltr'><strong>Adeste,</strong></span> 
     </span>
    </p>
   </div>
   <div class='ocr_carea' id='block_1_81' title="bbox 165 2202 985 2244">
    <p class='ocr_par' dir='ltr' id='par_1_81' title="bbox 165 2202 985 2244">
     <span class='ocr_line' id='line_1_81' title="bbox 165 2202 985 2244; baseline 0 -10"><span class='ocrx_word' id='word_1_522' title='bbox 165 2203 270 2244; x_wconf 89' lang='lat' dir='ltr'><strong>inquit,</strong></span> <span class='ocrx_word' id='word_1_523' title='bbox 278 2202 403 2243; x_wconf 85' lang='lat' dir='ltr'><strong>aspicite</strong></span> <span class='ocrx_word' id='word_1_524' title='bbox 409 2211 460 2232; x_wconf 92' lang='lat' dir='ltr'><strong>vos</strong></span> <span class='ocrx_word' id='word_1_525' title='bbox 469 2206 649 2232; x_wconf 87' lang='lat' dir='ltr'><strong>mercatores</strong></span> <span class='ocrx_word' id='word_1_526' title='bbox 657 2202 825 2233; x_wconf 65' lang='lat' dir='ltr'><strong>orthodoxa:</strong></span> <span class='ocrx_word' id='word_1_527' title='bbox 831 2202 985 2242; x_wconf 61' lang='lat' dir='ltr'><strong>doctrinae,</strong></span> 
     </span>
    </p>
   </div>
   <div class='ocr_carea' id='block_1_82' title="bbox 165 2247 985 2289">
    <p class='ocr_par' dir='ltr' id='par_1_82' title="bbox 165 2247 985 2289">
     <span class='ocr_line' id='line_1_82' title="bbox 165 2247 985 2289; baseline 0 -11"><span class='ocrx_word' id='word_1_528' title='bbox 165 2249 215 2289; x_wconf 91' lang='lat' dir='ltr'><strong>qui</strong></span> <span class='ocrx_word' id='word_1_529' title='bbox 245 2247 318 2278; x_wconf 91' lang='lat' dir='ltr'><strong>citra</strong></span> <span class='ocrx_word' id='word_1_530' title='bbox 348 2247 514 2287; x_wconf 84' lang='lat' dir='ltr'><strong>periculum</strong></span> <span class='ocrx_word' id='word_1_531' title='bbox 542 2247 665 2287; x_wconf 81' lang='lat' dir='ltr'><strong>pelagus</strong></span> <span class='ocrx_word' id='word_1_532' title='bbox 682 2247 792 2287; x_wconf 87' lang='lat' dir='ltr'><strong>jejunii</strong></span> <span class='ocrx_word' id='word_1_533' title='bbox 815 2247 985 2288; x_wconf 69' lang='lat' dir='ltr'><strong>trajecistis,</strong></span> 
     </span>
    </p>
   </div>
   <div class='ocr_carea' id='block_1_83' title="bbox 164 2291 985 2334">
    <p class='ocr_par' dir='ltr' id='par_1_83' title="bbox 164 2291 985 2334">
     <span class='ocr_line' id='line_1_83' title="bbox 164 2291 985 2334; baseline 0.001 -11"><span class='ocrx_word' id='word_1_534' title='bbox 164 2302 292 2334; x_wconf 87' lang='lat' dir='ltr'><strong>quonam</strong></span> <span class='ocrx_word' id='word_1_535' title='bbox 306 2291 423 2322; x_wconf 71' lang='lat' dir='ltr'><strong>invidia:</strong></span> <span class='ocrx_word' id='word_1_536' title='bbox 433 2291 537 2322; x_wconf 86' lang='lat' dir='ltr'><strong>ﬂuctus</strong></span> <span class='ocrx_word' id='word_1_537' title='bbox 547 2291 612 2322; x_wconf 63' lang='lat' dir='ltr'><strong>vitae</strong></span> <span class='ocrx_word' id='word_1_538' title='bbox 623 2292 794 2334; x_wconf 80' lang='lat' dir='ltr'><strong>thesaurum</strong></span> <span class='ocrx_word' id='word_1_539' title='bbox 807 2292 961 2332; x_wconf 84' lang='lat' dir='ltr'><strong>jactaverit</strong></span> <span class='ocrx_word' id='word_1_540' title='bbox 977 2302 985 2325; x_wconf 86' lang='lat'>:</span> 
     </span>
    </p>
   </div>
   <div class='ocr_carea' id='block_1_84' title="bbox 164 2336 987 2368">
    <p class='ocr_par' dir='ltr' id='par_1_84' title="bbox 164 2336 987 2368">
     <span class='ocr_line' id='line_1_84' title="bbox 164 2336 987 2368; baseline 0 0"><span class='ocrx_word' id='word_1_541' title='bbox 164 2337 287 2368; x_wconf 82' lang='lat' dir='ltr'><strong>ubinam</strong></span> <span class='ocrx_word' id='word_1_542' title='bbox 304 2339 470 2367; x_wconf 89' lang='lat' dir='ltr'><strong>insomnem</strong></span> <span class='ocrx_word' id='word_1_543' title='bbox 486 2336 571 2368; x_wconf 91' lang='lat' dir='ltr'><strong>illum</strong></span> <span class='ocrx_word' id='word_1_544' title='bbox 586 2336 727 2368; x_wconf 90' lang='lat' dir='ltr'><strong>unionem</strong></span> <span class='ocrx_word' id='word_1_545' title='bbox 744 2336 870 2367; x_wconf 88' lang='lat' dir='ltr'><strong>turbinis</strong></span> <span class='ocrx_word' id='word_1_546' title='bbox 899 2341 987 2368; x_wconf 56' lang='lat' dir='ltr'><strong>aestus</strong></span> 
     </span>
    </p>
   </div>
   <div class='ocr_carea' id='block_1_85' title="bbox 164 2381 985 2422">
    <p class='ocr_par' dir='ltr' id='par_1_85' title="bbox 164 2381 985 2422">
     <span class='ocr_line' id='line_1_85' title="bbox 164 2381 985 2422; baseline 0.001 -10"><span class='ocrx_word' id='word_1_547' title='bbox 164 2382 318 2422; x_wconf 89' lang='lat' dir='ltr'><strong>abreptum</strong></span> <span class='ocrx_word' id='word_1_548' title='bbox 334 2381 364 2412; x_wconf 94' lang='lat' dir='ltr'><strong>in</strong></span> <span class='ocrx_word' id='word_1_549' title='bbox 379 2381 528 2422; x_wconf 91' lang='lat' dir='ltr'><strong>sepulcro,</strong></span> <span class='ocrx_word' id='word_1_550' title='bbox 542 2385 679 2421; x_wconf 84' lang='lat' dir='ltr'><strong>tanquam</strong></span> <span class='ocrx_word' id='word_1_551' title='bbox 691 2381 722 2411; x_wconf 93' lang='lat' dir='ltr'><strong>in</strong></span> <span class='ocrx_word' id='word_1_552' title='bbox 733 2385 844 2418; x_wconf 85' lang='lat' dir='ltr'><strong>ostreo,</strong></span> <span class='ocrx_word' id='word_1_553' title='bbox 862 2382 985 2413; x_wconf 60' lang='lat' dir='ltr'><strong>caelave-</strong></span> 
     </span>
    </p>
   </div>
   <div class='ocr_carea' id='block_1_86' title="bbox 164 2426 986 2467">
    <p class='ocr_par' dir='ltr' id='par_1_86' title="bbox 164 2426 986 2467">
     <span class='ocr_line' id='line_1_86' title="bbox 164 2426 986 2467; baseline 0 -9"><span class='ocrx_word' id='word_1_554' title='bbox 164 2428 215 2458; x_wconf 90' lang='lat' dir='ltr'><strong>rit.</strong></span> <span class='ocrx_word' id='word_1_555' title='bbox 230 2429 363 2467; x_wconf 86' lang='lat' dir='ltr'><strong>Cumque</strong></span> <span class='ocrx_word' id='word_1_556' title='bbox 389 2426 522 2457; x_wconf 87' lang='lat' dir='ltr'><strong>videritis</strong></span> <span class='ocrx_word' id='word_1_557' title='bbox 550 2426 662 2456; x_wconf 87' lang='lat' dir='ltr'><strong>saniem</strong></span> <span class='ocrx_word' id='word_1_558' title='bbox 690 2426 718 2456; x_wconf 96' lang='lat' dir='ltr'><strong>vi</strong></span> <span class='ocrx_word' id='word_1_559' title='bbox 745 2426 869 2466; x_wconf 76' lang='lat' dir='ltr'><strong>fulguris</strong></span> <span class='ocrx_word' id='word_1_560' title='bbox 895 2427 986 2458; x_wconf 89' lang='lat' dir='ltr'><strong>divini</strong></span> 
     </span>
    </p>
   </div>
   <div class='ocr_carea' id='block_1_87' title="bbox 164 2470 983 2511">
    <p class='ocr_par' dir='ltr' id='par_1_87' title="bbox 164 2470 983 2511">
     <span class='ocr_line' id='line_1_87' title="bbox 164 2470 983 2511; baseline 0 -9"><span class='ocrx_word' id='word_1_561' title='bbox 164 2477 355 2508; x_wconf 88' lang='lat' dir='ltr'><strong>commotam,</strong></span> <span class='ocrx_word' id='word_1_562' title='bbox 369 2470 543 2501; x_wconf 88' lang='lat' dir='ltr'><strong>etunionem</strong></span> <span class='ocrx_word' id='word_1_563' title='bbox 550 2471 669 2511; x_wconf 88' lang='lat' dir='ltr'><strong>propria</strong></span> <span class='ocrx_word' id='word_1_564' title='bbox 676 2474 819 2511; x_wconf 77' lang='lat' dir='ltr'><strong>potestate</strong></span> <span class='ocrx_word' id='word_1_565' title='bbox 832 2471 983 2511; x_wconf 89' lang='lat' dir='ltr'><strong>prodeun-</strong></span> 
     </span>
    </p>
   </div>
   <div class='ocr_carea' id='block_1_88' title="bbox 164 2515 983 2556">
    <p class='ocr_par' dir='ltr' id='par_1_88' title="bbox 164 2515 983 2556">
     <span class='ocr_line' id='line_1_88' title="bbox 164 2515 983 2556; baseline 0 -10"><span class='ocrx_word' id='word_1_566' title='bbox 164 2520 235 2554; x_wconf 89' lang='lat' dir='ltr'><strong>tem,</strong></span> <span class='ocrx_word' id='word_1_567' title='bbox 249 2525 283 2546; x_wconf 86' lang='lat' dir='ltr'><strong>ac</strong></span> <span class='ocrx_word' id='word_1_568' title='bbox 295 2515 460 2556; x_wconf 87' lang='lat' dir='ltr'><strong>expositum</strong></span> <span class='ocrx_word' id='word_1_569' title='bbox 471 2515 655 2556; x_wconf 87' lang='lat' dir='ltr'><strong>emptoribus</strong></span> <span class='ocrx_word' id='word_1_570' title='bbox 661 2515 734 2545; x_wconf 88' lang='lat' dir='ltr'><strong>citra</strong></span> <span class='ocrx_word' id='word_1_571' title='bbox 740 2515 835 2546; x_wconf 90' lang='lat' dir='ltr'><strong>ullum</strong></span> <span class='ocrx_word' id='word_1_572' title='bbox 843 2515 983 2555; x_wconf 88' lang='lat' dir='ltr'><strong>pretium;</strong></span> 
     </span>
    </p>
   </div>
   <div class='ocr_carea' id='block_1_89' title="bbox 162 2559 986 2602">
    <p class='ocr_par' dir='ltr' id='par_1_89' title="bbox 162 2559 986 2602">
     <span class='ocr_line' id='line_1_89' title="bbox 162 2559 986 2602; baseline -0.001 -10"><span class='ocrx_word' id='word_1_573' title='bbox 162 2561 288 2602; x_wconf 83' lang='lat' dir='ltr'><strong>accipite</strong></span> <span class='ocrx_word' id='word_1_574' title='bbox 303 2569 371 2591; x_wconf 88' lang='lat' dir='ltr'><strong>eum</strong></span> <span class='ocrx_word' id='word_1_575' title='bbox 388 2559 529 2600; x_wconf 87' lang='lat' dir='ltr'><strong>vobisque</strong></span> <span class='ocrx_word' id='word_1_576' title='bbox 551 2559 730 2600; x_wconf 81' lang='lat' dir='ltr'><strong>peculiarem</strong></span> <span class='ocrx_word' id='word_1_577' title='bbox 755 2559 855 2599; x_wconf 85' lang='lat' dir='ltr'><strong>facite,</strong></span> <span class='ocrx_word' id='word_1_578' title='bbox 871 2569 906 2591; x_wconf 88' lang='lat' dir='ltr'><strong>ac</strong></span> <span class='ocrx_word' id='word_1_579' title='bbox 920 2560 986 2591; x_wconf 82' lang='lat' dir='ltr'><strong>vitae</strong></span> 
     </span>
    </p>
   </div>
   <div class='ocr_carea' id='block_1_90' title="bbox 162 2604 984 2645">
    <p class='ocr_par' dir='ltr' id='par_1_90' title="bbox 162 2604 984 2645">
     <span class='ocr_line' id='line_1_90' title="bbox 162 2604 984 2645; baseline 0 -9"><span class='ocrx_word' id='word_1_580' title='bbox 162 2609 281 2637; x_wconf 71' lang='lat' dir='ltr'><strong>aeterna:</strong></span> <span class='ocrx_word' id='word_1_581' title='bbox 297 2606 468 2636; x_wconf 86' lang='lat' dir='ltr'><strong>thesaurum</strong></span> <span class='ocrx_word' id='word_1_582' title='bbox 485 2604 704 2645; x_wconf 73' lang='lat' dir='ltr'><strong>vobismetipsis</strong></span> <span class='ocrx_word' id='word_1_583' title='bbox 726 2604 883 2644; x_wconf 87' lang='lat' dir='ltr'><strong>acquirite.</strong></span> <span class='ocrx_word' id='word_1_584' title='bbox 909 2606 984 2637; x_wconf 85' lang='lat' dir='ltr'><strong>For-</strong></span> 
     </span>
    </p>
   </div>
   <div class='ocr_carea' id='block_1_91' title="bbox 164 2649 985 2691">
    <p class='ocr_par' dir='ltr' id='par_1_91' title="bbox 164 2649 985 2691">
     <span class='ocr_line' id='line_1_91' title="bbox 164 2649 985 2691; baseline -0.002 -9"><span class='ocrx_word' id='word_1_585' title='bbox 164 2652 251 2682; x_wconf 87' lang='lat' dir='ltr'><strong>tassis</strong></span> <span class='ocrx_word' id='word_1_586' title='bbox 273 2650 362 2682; x_wconf 82' lang='lat' dir='ltr'><strong>etiam</strong></span> <span class='ocrx_word' id='word_1_587' title='bbox 388 2658 472 2680; x_wconf 91' lang='lat' dir='ltr'><strong>more</strong></span> <span class='ocrx_word' id='word_1_588' title='bbox 501 2649 596 2690; x_wconf 84' lang='lat' dir='ltr'><strong>patris</strong></span> <span class='ocrx_word' id='word_1_589' title='bbox 624 2649 751 2680; x_wconf 90' lang='lat' dir='ltr'><strong>liberum</strong></span> <span class='ocrx_word' id='word_1_590' title='bbox 780 2649 917 2688; x_wconf 87' lang='lat' dir='ltr'><strong>amantis,</strong></span> <span class='ocrx_word' id='word_1_591' title='bbox 935 2650 985 2691; x_wconf 90' lang='lat' dir='ltr'><strong>qui</strong></span> 
     </span>
    </p>
   </div>
   <div class='ocr_carea' id='block_1_92' title="bbox 1035 1622 1861 1662">
    <p class='ocr_par' dir='ltr' id='par_1_92' title="bbox 1035 1622 1861 1662">
     <span class='ocr_line' id='line_1_92' title="bbox 1035 1622 1861 1662; baseline 0 -11"><span class='ocrx_word' id='word_1_592' title='bbox 1035 1622 1099 1651; x_wconf 80' lang='grc' dir='ltr'>λαοῦ</span> <span class='ocrx_word' id='word_1_593' title='bbox 1113 1623 1160 1655; x_wconf 81' lang='grc' dir='ltr'><strong>τὰς</strong></span> <span class='ocrx_word' id='word_1_594' title='bbox 1175 1630 1272 1662; x_wconf 74' lang='grc' dir='ltr'>χεῖρας</span> <span class='ocrx_word' id='word_1_595' title='bbox 1292 1623 1373 1652; x_wconf 75' lang='grc' dir='ltr'>πάλιν</span> <span class='ocrx_word' id='word_1_596' title='bbox 1389 1623 1431 1651; x_wconf 82' lang='grc' dir='ltr'>ἐπὶ</span> <span class='ocrx_word' id='word_1_597' title='bbox 1460 1625 1490 1651; x_wconf 82' lang='grc' dir='ltr'>τὸ</span> <span class='ocrx_word' id='word_1_598' title='bbox 1513 1626 1563 1657; x_wconf 83' lang='grc' dir='ltr'>τῆς</span> <span class='ocrx_word' id='word_1_599' title='bbox 1583 1623 1707 1657; x_wconf 84' lang='grc' dir='ltr'>νηστείας</span> <span class='ocrx_word' id='word_1_600' title='bbox 1725 1622 1861 1662; x_wconf 72' lang='grc' dir='ltr'>οὐριοδρο-</span> 
     </span>
    </p>
   </div>
   <div class='ocr_carea' id='block_1_93' title="bbox 1035 1667 1861 1706">
    <p class='ocr_par' dir='ltr' id='par_1_93' title="bbox 1035 1667 1861 1706">
     <span class='ocr_line' id='line_1_93' title="bbox 1035 1667 1861 1706; baseline 0 -10"><span class='ocrx_word' id='word_1_601' title='bbox 1035 1668 1171 1704; x_wconf 75' lang='grc' dir='ltr'>μήσαντος</span> <span class='ocrx_word' id='word_1_602' title='bbox 1186 1667 1315 1706; x_wconf 80' lang='grc' dir='ltr'>πέλαγος,</span> <span class='ocrx_word' id='word_1_603' title='bbox 1338 1669 1382 1696; x_wconf 82' lang='grc' dir='ltr'>καὶ</span> <span class='ocrx_word' id='word_1_604' title='bbox 1409 1668 1458 1701; x_wconf 83' lang='grc' dir='ltr'>τὴν</span> <span class='ocrx_word' id='word_1_605' title='bbox 1473 1668 1553 1696; x_wconf 77' lang='grc' dir='ltr'>νύκτα</span> <span class='ocrx_word' id='word_1_606' title='bbox 1581 1671 1634 1696; x_wconf 83' lang='grc' dir='ltr'><strong>τῶν</strong></span> <span class='ocrx_word' id='word_1_607' title='bbox 1658 1668 1742 1706; x_wconf 81' lang='grc' dir='ltr'>ἁγίων</span> <span class='ocrx_word' id='word_1_608' title='bbox 1771 1669 1861 1696; x_wconf 74' lang='grc' dir='ltr'>παθῶν</span> 
     </span>
    </p>
   </div>
   <div class='ocr_carea' id='block_1_94' title="bbox 1033 1711 1860 1752">
    <p class='ocr_par' dir='ltr' id='par_1_94' title="bbox 1033 1711 1860 1752">
     <span class='ocr_line' id='line_1_94' title="bbox 1033 1711 1860 1752; baseline 0 -12"><span class='ocrx_word' id='word_1_609' title='bbox 1033 1716 1080 1741; x_wconf 78' lang='grc' dir='ltr'>τοῦ</span> <span class='ocrx_word' id='word_1_610' title='bbox 1116 1715 1228 1750; x_wconf 80' lang='grc' dir='ltr'>Χριστοῦ</span> <span class='ocrx_word' id='word_1_611' title='bbox 1247 1711 1368 1750; x_wconf 75' lang='grc' dir='ltr'>λαμπάσι</span> <span class='ocrx_word' id='word_1_612' title='bbox 1396 1713 1670 1752; x_wconf 83' lang='grc' dir='ltr'>καταπυρσεύσαντος,</span> <span class='ocrx_word' id='word_1_613' title='bbox 1708 1713 1783 1750; x_wconf 84' lang='grc' dir='ltr'>(τοὺς</span> 
     </span>
    </p>
   </div>
   <div class='ocr_carea' id='block_1_95' title="bbox 1034 1755 1860 1796">
    <p class='ocr_par' dir='ltr' id='par_1_95' title="bbox 1034 1755 1860 1796">
     <span class='ocr_line' id='line_1_95' title="bbox 1034 1755 1860 1796; baseline 0.001 -13"><span class='ocrx_word' id='word_1_614' title='bbox 1034 1755 1060 1783; x_wconf 76' lang='grc' dir='ltr'>ἐν</span> <span class='ocrx_word' id='word_1_615' title='bbox 1101 1756 1187 1796; x_wconf 75' lang='grc' dir='ltr'>ἡμέρᾳ</span> <span class='ocrx_word' id='word_1_616' title='bbox 1227 1760 1435 1796; x_wconf 77' lang='grc' dir='ltr'>περιπατοῦντας</span> <span class='ocrx_word' id='word_1_617' title='bbox 1486 1755 1657 1785; x_wconf 77' lang='grc' dir='ltr'>νυκτοϐατετν</span> <span class='ocrx_word' id='word_1_618' title='bbox 1692 1757 1763 1784; x_wconf 80' lang='grc' dir='ltr'>κατὰ</span> <span class='ocrx_word' id='word_1_619' title='bbox 1801 1758 1860 1787; x_wconf 81' lang='grc' dir='ltr'>τοὺς</span> 
     </span>
    </p>
   </div>
   <div class='ocr_carea' id='block_1_96' title="bbox 1033 1799 1858 1842">
    <p class='ocr_par' dir='ltr' id='par_1_96' title="bbox 1033 1799 1858 1842">
     <span class='ocr_line' id='line_1_96' title="bbox 1033 1799 1858 1842; baseline 0.001 -14"><span class='ocrx_word' id='word_1_620' title='bbox 1033 1800 1237 1832; x_wconf 78' lang='grc' dir='ltr'>ἐσποτισμένους</span> <span class='ocrx_word' id='word_1_621' title='bbox 1273 1799 1423 1841; x_wconf 81' lang='grc' dir='ltr'>ἆδύνατον,)</span> <span class='ocrx_word' id='word_1_622' title='bbox 1453 1803 1467 1829; x_wconf 82' lang='grc' dir='ltr'>ὁ</span> <span class='ocrx_word' id='word_1_623' title='bbox 1495 1804 1544 1834; x_wconf 78' lang='grc' dir='ltr'>τῆς</span> <span class='ocrx_word' id='word_1_624' title='bbox 1568 1801 1718 1835; x_wconf 77' lang='grc' dir='ltr'>Εκκλησίας</span> <span class='ocrx_word' id='word_1_625' title='bbox 1747 1801 1858 1842; x_wconf 88' lang='grc' dir='ltr'>νυμφίος</span> 
     </span>
    </p>
   </div>
   <div class='ocr_carea' id='block_1_97' title="bbox 1033 1844 1859 1886">
    <p class='ocr_par' dir='ltr' id='par_1_97' title="bbox 1033 1844 1859 1886">
     <span class='ocr_line' id='line_1_97' title="bbox 1033 1844 1859 1886; baseline 0.006 -15"><span class='ocrx_word' id='word_1_626' title='bbox 1033 1844 1171 1878; x_wconf 69' lang='grc' dir='ltr'>ἀνατείλας</span> <span class='ocrx_word' id='word_1_627' title='bbox 1185 1846 1229 1874; x_wconf 86' lang='grc' dir='ltr'><strong>καὶ</strong></span> <span class='ocrx_word' id='word_1_628' title='bbox 1243 1845 1336 1882; x_wconf 79' lang='grc' dir='ltr'>πάλιν,</span> <span class='ocrx_word' id='word_1_629' title='bbox 1357 1847 1425 1874; x_wconf 80' lang='grc' dir='ltr'>καθα</span> <span class='ocrx_word' id='word_1_630' title='bbox 1448 1857 1488 1878; x_wconf 86' lang='grc' dir='ltr'><strong>τις</strong></span> <span class='ocrx_word' id='word_1_631' title='bbox 1514 1845 1594 1886; x_wconf 79' lang='grc' dir='ltr'>εἴπῃ,</span> <span class='ocrx_word' id='word_1_632' title='bbox 1619 1845 1686 1882; x_wconf 70' lang='grc' dir='ltr'>ἑῷος</span> <span class='ocrx_word' id='word_1_633' title='bbox 1715 1845 1859 1885; x_wconf 74' lang='grc' dir='ltr'>ἆρκτοῦρος</span> 
     </span>
    </p>
   </div>
   <div class='ocr_carea' id='block_1_98' title="bbox 1032 1889 1858 1931">
    <p class='ocr_par' dir='ltr' id='par_1_98' title="bbox 1032 1889 1858 1931">
     <span class='ocr_line' id='line_1_98' title="bbox 1032 1889 1858 1931; baseline 0.001 -14"><span class='ocrx_word' id='word_1_634' title='bbox 1032 1890 1076 1917; x_wconf 86' lang='grc' dir='ltr'><strong>καὶ</strong></span> <span class='ocrx_word' id='word_1_635' title='bbox 1090 1889 1292 1931; x_wconf 75' lang='grc' dir='ltr'>ἀκροκνέφαιος,</span> <span class='ocrx_word' id='word_1_636' title='bbox 1307 1892 1376 1920; x_wconf 65' lang='grc' dir='ltr'>κατὰ</span> <span class='ocrx_word' id='word_1_637' title='bbox 1395 1891 1446 1924; x_wconf 80' lang='grc' dir='ltr'><strong>τὴν</strong></span> <span class='ocrx_word' id='word_1_638' title='bbox 1472 1889 1580 1931; x_wconf 75' lang='grc' dir='ltr'>φαιδρὰν</span> <span class='ocrx_word' id='word_1_639' title='bbox 1607 1894 1654 1918; x_wconf 74' lang='grc' dir='ltr'>τοῦ</span> <span class='ocrx_word' id='word_1_640' title='bbox 1668 1890 1745 1929; x_wconf 83' lang='grc' dir='ltr'>ἁγίου</span> <span class='ocrx_word' id='word_1_641' title='bbox 1761 1891 1858 1930; x_wconf 81' lang='grc' dir='ltr'>Πάσχα</span> 
     </span>
    </p>
   </div>
   <div class='ocr_carea' id='block_1_99' title="bbox 1032 1934 1857 1975">
    <p class='ocr_par' dir='ltr' id='par_1_99' title="bbox 1032 1934 1857 1975">
     <span class='ocr_line' id='line_1_99' title="bbox 1032 1934 1857 1975; baseline 0 -13"><span class='ocrx_word' id='word_1_642' title='bbox 1032 1934 1134 1974; x_wconf 75' lang='grc' dir='ltr'>ἡμέραν</span> <span class='ocrx_word' id='word_1_643' title='bbox 1155 1935 1203 1969; x_wconf 78' lang='grc' dir='ltr'>τὴν</span> <span class='ocrx_word' id='word_1_644' title='bbox 1232 1935 1394 1975; x_wconf 88' lang='grc' dir='ltr'>κυριώνυμον</span> <span class='ocrx_word' id='word_1_645' title='bbox 1429 1937 1465 1967; x_wconf 83' lang='grc' dir='ltr'>ὡς</span> <span class='ocrx_word' id='word_1_646' title='bbox 1488 1935 1568 1966; x_wconf 79' lang='grc' dir='ltr'>ἄλλος</span> <span class='ocrx_word' id='word_1_647' title='bbox 1596 1934 1734 1966; x_wconf 78' lang='grc' dir='ltr'>θεσπέσιος</span> <span class='ocrx_word' id='word_1_648' title='bbox 1758 1935 1857 1968; x_wconf 74' lang='grc' dir='ltr'>Μωσῆς</span> 
     </span>
    </p>
   </div>
   <div class='ocr_carea' id='block_1_100' title="bbox 1032 1979 1857 2019">
    <p class='ocr_par' dir='ltr' id='par_1_100' title="bbox 1032 1979 1857 2019">
     <span class='ocr_line' id='line_1_100' title="bbox 1032 1979 1857 2019; baseline 0 -12"><span class='ocrx_word' id='word_1_649' title='bbox 1032 1980 1078 2007; x_wconf 84' lang='grc' dir='ltr'><strong>τὸν</strong></span> <span class='ocrx_word' id='word_1_650' title='bbox 1105 1982 1152 2007; x_wconf 81' lang='grc' dir='ltr'>τοῦ</span> <span class='ocrx_word' id='word_1_651' title='bbox 1182 1983 1297 2019; x_wconf 77' lang='grc' dir='ltr'>Χριστοῦ</span> <span class='ocrx_word' id='word_1_652' title='bbox 1318 1981 1384 2008; x_wconf 83' lang='grc' dir='ltr'>λαὸν</span> <span class='ocrx_word' id='word_1_653' title='bbox 1403 1979 1601 2019; x_wconf 67' lang='grc' dir='ltr'>ἓγκολπίζεται,</span> <span class='ocrx_word' id='word_1_654' title='bbox 1626 1980 1675 2008; x_wconf 73' lang='grc' dir='ltr'><strong>Καὶ</strong></span> <span class='ocrx_word' id='word_1_655' title='bbox 1703 1979 1857 2019; x_wconf 76' lang='grc' dir='ltr'>συγχαίρων</span> 
     </span>
    </p>
   </div>
   <div class='ocr_carea' id='block_1_101' title="bbox 1031 2023 1857 2064">
    <p class='ocr_par' dir='ltr' id='par_1_101' title="bbox 1031 2023 1857 2064">
     <span class='ocr_line' id='line_1_101' title="bbox 1031 2023 1857 2064; baseline 0.001 -14"><span class='ocrx_word' id='word_1_656' title='bbox 1031 2025 1089 2051; x_wconf 82' lang='grc' dir='ltr'>οἴιιν</span> <span class='ocrx_word' id='word_1_657' title='bbox 1130 2026 1233 2062; x_wconf 65' lang='grc' dir='ltr'>αὺτοῖς,</span> <span class='ocrx_word' id='word_1_658' title='bbox 1275 2027 1361 2052; x_wconf 73' lang='grc' dir='ltr'>πᾶσαν</span> <span class='ocrx_word' id='word_1_659' title='bbox 1397 2024 1580 2064; x_wconf 71' lang='grc' dir='ltr'>Αἰγυπτιακὴν</span> <span class='ocrx_word' id='word_1_660' title='bbox 1620 2023 1857 2061; x_wconf 76' lang='grc' dir='ltr'>ἀποτιναξαμένοις</span> 
     </span>
    </p>
   </div>
   <div class='ocr_carea' id='block_1_102' title="bbox 1031 2067 1853 2107">
    <p class='ocr_par' dir='ltr' id='par_1_102' title="bbox 1031 2067 1853 2107">
     <span class='ocr_line' id='line_1_102' title="bbox 1031 2067 1853 2107; baseline 0.001 -12"><span class='ocrx_word' id='word_1_661' title='bbox 1031 2068 1166 2101; x_wconf 79' lang='grc' dir='ltr'>κακότητα</span> <span class='ocrx_word' id='word_1_662' title='bbox 1181 2069 1226 2097; x_wconf 79' lang='grc' dir='ltr'>καὶ</span> <span class='ocrx_word' id='word_1_663' title='bbox 1238 2069 1337 2107; x_wconf 80' lang='grc' dir='ltr'>Φαραὼ</span> <span class='ocrx_word' id='word_1_664' title='bbox 1363 2067 1478 2102; x_wconf 81' lang='grc' dir='ltr'>διώκτην</span> <span class='ocrx_word' id='word_1_665' title='bbox 1506 2068 1711 2096; x_wconf 82' lang='grc' dir='ltr'>καταποντίσασι</span> <span class='ocrx_word' id='word_1_666' title='bbox 1736 2076 1743 2084; x_wconf 89' lang='grc'><strong>·</strong></span> <span class='ocrx_word' id='word_1_667' title='bbox 1763 2071 1853 2104; x_wconf 73' lang='grc' dir='ltr'>Δεῦτε,</span> 
     </span>
    </p>
   </div>
   <div class='ocr_carea' id='block_1_103' title="bbox 1030 2112 1852 2153">
    <p class='ocr_par' dir='ltr' id='par_1_103' title="bbox 1030 2112 1852 2153">
     <span class='ocr_line' id='line_1_103' title="bbox 1030 2112 1852 2153; baseline 0 -13"><span class='ocrx_word' id='word_1_668' title='bbox 1030 2113 1119 2153; x_wconf 80' lang='grc' dir='ltr'>φησὶν,</span> <span class='ocrx_word' id='word_1_669' title='bbox 1138 2112 1210 2141; x_wconf 81' lang='grc' dir='ltr'>ἴδετε</span> <span class='ocrx_word' id='word_1_670' title='bbox 1245 2116 1292 2146; x_wconf 76' lang='grc' dir='ltr'><strong>τῆς</strong></span> <span class='ocrx_word' id='word_1_671' title='bbox 1321 2112 1467 2153; x_wconf 75' lang='grc' dir='ltr'>ὀρθαδοξίας</span> <span class='ocrx_word' id='word_1_672' title='bbox 1494 2114 1517 2141; x_wconf 80' lang='lat' dir='ltr'><strong>oi</strong></span> <span class='ocrx_word' id='word_1_673' title='bbox 1544 2112 1668 2152; x_wconf 75' lang='grc' dir='ltr'>ἔμποροι,</span> <span class='ocrx_word' id='word_1_674' title='bbox 1705 2114 1731 2140; x_wconf 85' lang='lat' dir='ltr'><strong>oi</strong></span> <span class='ocrx_word' id='word_1_675' title='bbox 1757 2113 1789 2140; x_wconf 81' lang='grc' dir='ltr'>τὸ</span> <span class='ocrx_word' id='word_1_676' title='bbox 1804 2115 1852 2146; x_wconf 79' lang='grc' dir='ltr'><strong>τῆς</strong></span> 
     </span>
    </p>
   </div>
   <div class='ocr_carea' id='block_1_104' title="bbox 1028 2156 1853 2197">
    <p class='ocr_par' dir='ltr' id='par_1_104' title="bbox 1028 2156 1853 2197">
     <span class='ocr_line' id='line_1_104' title="bbox 1028 2156 1853 2197; baseline -0.001 -11"><span class='ocrx_word' id='word_1_677' title='bbox 1028 2158 1149 2191; x_wconf 78' lang='grc' dir='ltr'>νηστείας</span> <span class='ocrx_word' id='word_1_678' title='bbox 1195 2156 1335 2190; x_wconf 71' lang='grc' dir='ltr'>ἀκινδύνως</span> <span class='ocrx_word' id='word_1_679' title='bbox 1387 2159 1547 2197; x_wconf 81' lang='grc' dir='ltr'>περάσαντες</span> <span class='ocrx_word' id='word_1_680' title='bbox 1587 2157 1714 2196; x_wconf 81' lang='grc' dir='ltr'>πέλαγος,</span> <span class='ocrx_word' id='word_1_681' title='bbox 1739 2162 1791 2187; x_wconf 74' lang='grc' dir='ltr'>ποῦ</span> <span class='ocrx_word' id='word_1_682' title='bbox 1824 2157 1853 2185; x_wconf 83' lang='grc' dir='ltr'><strong>τὸ</strong></span> 
     </span>
    </p>
   </div>
   <div class='ocr_carea' id='block_1_105' title="bbox 1030 2201 1851 2243">
    <p class='ocr_par' dir='ltr' id='par_1_105' title="bbox 1030 2201 1851 2243">
     <span class='ocr_line' id='line_1_105' title="bbox 1030 2201 1851 2243; baseline 0.001 -14"><span class='ocrx_word' id='word_1_683' title='bbox 1030 2201 1100 2241; x_wconf 83' lang='grc' dir='ltr'>μέγα</span> <span class='ocrx_word' id='word_1_684' title='bbox 1115 2207 1186 2242; x_wconf 78' lang='grc' dir='ltr'>κῦμα</span> <span class='ocrx_word' id='word_1_685' title='bbox 1207 2207 1253 2232; x_wconf 78' lang='grc' dir='ltr'><strong>τοῦ</strong></span> <span class='ocrx_word' id='word_1_686' title='bbox 1278 2203 1372 2243; x_wconf 82' lang='grc' dir='ltr'>φθόνου</span> <span class='ocrx_word' id='word_1_687' title='bbox 1399 2204 1446 2231; x_wconf 81' lang='grc' dir='ltr'>τὸν</span> <span class='ocrx_word' id='word_1_688' title='bbox 1472 2203 1523 2236; x_wconf 77' lang='grc' dir='ltr'>τῆς</span> <span class='ocrx_word' id='word_1_689' title='bbox 1551 2205 1622 2238; x_wconf 80' lang='grc' dir='ltr'>ζωῆς</span> <span class='ocrx_word' id='word_1_690' title='bbox 1650 2203 1782 2241; x_wconf 80' lang='grc' dir='ltr'>θησαυρὸν</span> <span class='ocrx_word' id='word_1_691' title='bbox 1797 2202 1851 2230; x_wconf 81' lang='grc' dir='ltr'><strong>ἀπ-</strong></span> 
     </span>
    </p>
   </div>
   <div class='ocr_carea' id='block_1_106' title="bbox 1028 2245 1852 2286">
    <p class='ocr_par' dir='ltr' id='par_1_106' title="bbox 1028 2245 1852 2286">
     <span class='ocr_line' id='line_1_106' title="bbox 1028 2245 1852 2286; baseline 0 -13"><span class='ocrx_word' id='word_1_692' title='bbox 1028 2245 1130 2275; x_wconf 79' lang='grc' dir='ltr'>εκύλισε</span> <span class='ocrx_word' id='word_1_693' title='bbox 1145 2255 1154 2264; x_wconf 81' lang='grc'><strong><em>⁸</em></strong></span> <span class='ocrx_word' id='word_1_694' title='bbox 1187 2251 1238 2276; x_wconf 67' lang='grc' dir='ltr'><strong>που</strong></span> <span class='ocrx_word' id='word_1_695' title='bbox 1265 2248 1311 2275; x_wconf 80' lang='grc' dir='ltr'>τὸν</span> <span class='ocrx_word' id='word_1_696' title='bbox 1340 2247 1487 2285; x_wconf 83' lang='grc' dir='ltr'>ἀκοίμητον</span> <span class='ocrx_word' id='word_1_697' title='bbox 1516 2247 1650 2286; x_wconf 82' lang='grc' dir='ltr'>μάργαρον</span> <span class='ocrx_word' id='word_1_698' title='bbox 1691 2245 1852 2285; x_wconf 74' lang='grc' dir='ltr'>εὐροκλύόων</span> 
     </span>
    </p>
   </div>
   <div class='ocr_carea' id='block_1_107' title="bbox 1026 2290 1851 2332">
    <p class='ocr_par' dir='ltr' id='par_1_107' title="bbox 1026 2290 1851 2332">
     <span class='ocr_line' id='line_1_107' title="bbox 1026 2290 1851 2332; baseline 0 -15"><span class='ocrx_word' id='word_1_699' title='bbox 1026 2293 1171 2330; x_wconf 79' lang='grc' dir='ltr'>τυφωνικὸς</span> <span class='ocrx_word' id='word_1_700' title='bbox 1201 2293 1237 2324; x_wconf 86' lang='grc' dir='ltr'>ὡς</span> <span class='ocrx_word' id='word_1_701' title='bbox 1262 2291 1289 2320; x_wconf 69' lang='grc' dir='ltr'>ἐν</span> <span class='ocrx_word' id='word_1_702' title='bbox 1317 2292 1417 2330; x_wconf 76' lang='grc' dir='ltr'>ὀστρέῳ</span> <span class='ocrx_word' id='word_1_703' title='bbox 1444 2295 1483 2328; x_wconf 86' lang='grc' dir='ltr'>τῷ</span> <span class='ocrx_word' id='word_1_704' title='bbox 1507 2292 1582 2332; x_wconf 78' lang='grc' dir='ltr'>τάφῳ</span> <span class='ocrx_word' id='word_1_705' title='bbox 1608 2290 1772 2330; x_wconf 78' lang='grc' dir='ltr'>κατέκρυψε,</span> <span class='ocrx_word' id='word_1_706' title='bbox 1804 2290 1851 2319; x_wconf 73' lang='grc' dir='ltr'><strong>Καὶ</strong></span> 
     </span>
    </p>
   </div>
   <div class='ocr_carea' id='block_1_108' title="bbox 1027 2334 1852 2375">
    <p class='ocr_par' dir='ltr' id='par_1_108' title="bbox 1027 2334 1852 2375">
     <span class='ocr_line' id='line_1_108' title="bbox 1027 2334 1852 2375; baseline 0 -12"><span class='ocrx_word' id='word_1_707' title='bbox 1027 2334 1124 2368; x_wconf 74' lang='grc' dir='ltr'>ίδόντες</span> <span class='ocrx_word' id='word_1_708' title='bbox 1141 2338 1171 2365; x_wconf 82' lang='grc' dir='ltr'>τὸ</span> <span class='ocrx_word' id='word_1_709' title='bbox 1196 2336 1246 2374; x_wconf 81' lang='grc' dir='ltr'>μὲν</span> <span class='ocrx_word' id='word_1_710' title='bbox 1279 2335 1386 2375; x_wconf 68' lang='grc' dir='ltr'>ἔλυτρον</span> <span class='ocrx_word' id='word_1_711' title='bbox 1415 2335 1607 2374; x_wconf 79' lang='grc' dir='ltr'>μετασαλευθὲν</span> <span class='ocrx_word' id='word_1_712' title='bbox 1629 2334 1738 2372; x_wconf 76' lang='grc' dir='ltr'>δύνάμει</span> <span class='ocrx_word' id='word_1_713' title='bbox 1760 2337 1852 2368; x_wconf 76' lang='grc' dir='ltr'>θιτιιῆς</span> 
     </span>
    </p>
   </div>
   <div class='ocr_carea' id='block_1_109' title="bbox 1027 2379 1852 2420">
    <p class='ocr_par' dir='ltr' id='par_1_109' title="bbox 1027 2379 1852 2420">
     <span class='ocr_line' id='line_1_109' title="bbox 1027 2379 1852 2420; baseline -0.005 -10"><span class='ocrx_word' id='word_1_714' title='bbox 1027 2382 1176 2420; x_wconf 78' lang='grc' dir='ltr'>ἀστραπῆς,</span> <span class='ocrx_word' id='word_1_715' title='bbox 1207 2381 1252 2408; x_wconf 79' lang='grc' dir='ltr'>τὸν</span> <span class='ocrx_word' id='word_1_716' title='bbox 1291 2379 1319 2408; x_wconf 77' lang='grc' dir='ltr'><strong>δὲ</strong></span> <span class='ocrx_word' id='word_1_717' title='bbox 1347 2381 1481 2419; x_wconf 86' lang='grc' dir='ltr'>μάργαρον</span> <span class='ocrx_word' id='word_1_718' title='bbox 1511 2380 1682 2413; x_wconf 72' lang='grc' dir='ltr'>αὖτεξουσίως</span> <span class='ocrx_word' id='word_1_719' title='bbox 1716 2379 1852 2412; x_wconf 77' lang='grc' dir='ltr'>ἐξανατεί-</span> 
     </span>
    </p>
   </div>
   <div class='ocr_carea' id='block_1_110' title="bbox 1027 2425 1851 2464">
    <p class='ocr_par' dir='ltr' id='par_1_110' title="bbox 1027 2425 1851 2464">
     <span class='ocr_line' id='line_1_110' title="bbox 1027 2425 1851 2464; baseline -0.002 -10"><span class='ocrx_word' id='word_1_720' title='bbox 1027 2426 1121 2464; x_wconf 79' lang='grc' dir='ltr'>λαντα,</span> <span class='ocrx_word' id='word_1_721' title='bbox 1158 2427 1202 2454; x_wconf 83' lang='grc' dir='ltr'><strong>καὶ</strong></span> <span class='ocrx_word' id='word_1_722' title='bbox 1236 2425 1273 2456; x_wconf 81' lang='grc' dir='ltr'>εἰς</span> <span class='ocrx_word' id='word_1_723' title='bbox 1303 2425 1431 2464; x_wconf 77' lang='grc' dir='ltr'>ἐμπορίαν</span> <span class='ocrx_word' id='word_1_724' title='bbox 1458 2425 1630 2464; x_wconf 83' lang='grc' dir='ltr'>προκείμενον</span> <span class='ocrx_word' id='word_1_725' title='bbox 1661 2425 1851 2464; x_wconf 47' lang='lat' dir='ltr'><strong>inponam-</strong></span> 
     </span>
    </p>
   </div>
   <div class='ocr_carea' id='block_1_111' title="bbox 1026 2468 1850 2508">
    <p class='ocr_par' dir='ltr' id='par_1_111' title="bbox 1026 2468 1850 2508">
     <span class='ocr_line' id='line_1_111' title="bbox 1026 2468 1850 2508; baseline -0.004 -9"><span class='ocrx_word' id='word_1_726' title='bbox 1026 2482 1084 2508; x_wconf 79' lang='grc' dir='ltr'>τον,</span> <span class='ocrx_word' id='word_1_727' title='bbox 1125 2469 1218 2498; x_wconf 80' lang='grc' dir='ltr'>λάϐετε</span> <span class='ocrx_word' id='word_1_728' title='bbox 1258 2474 1350 2499; x_wconf 79' lang='grc' dir='ltr'>τοῦτον</span> <span class='ocrx_word' id='word_1_729' title='bbox 1379 2470 1424 2498; x_wconf 79' lang='grc' dir='ltr'><strong>καὶ</strong></span> <span class='ocrx_word' id='word_1_730' title='bbox 1451 2468 1604 2498; x_wconf 76' lang='grc' dir='ltr'>ἰδιώσασθαι</span> <span class='ocrx_word' id='word_1_731' title='bbox 1627 2468 1671 2506; x_wconf 70' lang='grc'>86,</span> <span class='ocrx_word' id='word_1_732' title='bbox 1707 2470 1753 2497; x_wconf 80' lang='grc' dir='ltr'><strong>καὶ</strong></span> <span class='ocrx_word' id='word_1_733' title='bbox 1780 2470 1850 2504; x_wconf 78' lang='grc' dir='ltr'>ζωὴν</span> 
     </span>
    </p>
   </div>
   <div class='ocr_carea' id='block_1_112' title="bbox 1026 2513 1850 2554">
    <p class='ocr_par' dir='ltr' id='par_1_112' title="bbox 1026 2513 1850 2554">
     <span class='ocr_line' id='line_1_112' title="bbox 1026 2513 1850 2554; baseline -0.005 -9"><span class='ocrx_word' id='word_1_734' title='bbox 1026 2516 1130 2545; x_wconf 75' lang='grc' dir='ltr'>αἰώνιον</span> <span class='ocrx_word' id='word_1_735' title='bbox 1161 2515 1267 2546; x_wconf 80' lang='grc' dir='ltr'>ἑαυτοῖς</span> <span class='ocrx_word' id='word_1_736' title='bbox 1290 2514 1530 2554; x_wconf 83' lang='grc' dir='ltr'>ἆποθησαυρίσατε.</span> <span class='ocrx_word' id='word_1_737' title='bbox 1559 2515 1637 2554; x_wconf 83' lang='grc' dir='ltr'>Τάχα</span> <span class='ocrx_word' id='word_1_738' title='bbox 1667 2513 1695 2542; x_wconf 77' lang='grc' dir='ltr'><strong>δὲ</strong></span> <span class='ocrx_word' id='word_1_739' title='bbox 1724 2515 1770 2542; x_wconf 85' lang='grc' dir='ltr'><strong>καὶ</strong></span> <span class='ocrx_word' id='word_1_740' title='bbox 1783 2514 1850 2542; x_wconf 68' lang='grc' dir='ltr'>κατὰ</span> 
     </span>
    </p>
   </div>
   <div class='ocr_carea' id='block_1_113' title="bbox 1027 2557 1844 2600">
    <p class='ocr_par' dir='ltr' id='par_1_113' title="bbox 1027 2557 1844 2600">
     <span class='ocr_line' id='line_1_113' title="bbox 1027 2557 1844 2600; baseline -0.001 -12"><span class='ocrx_word' id='word_1_741' title='bbox 1027 2560 1128 2600; x_wconf 80' lang='grc' dir='ltr'>πατέρα</span> <span class='ocrx_word' id='word_1_742' title='bbox 1167 2559 1353 2600; x_wconf 77' lang='grc' dir='ltr'>φιλόστοργον,</span> <span class='ocrx_word' id='word_1_743' title='bbox 1400 2564 1443 2588; x_wconf 78' lang='grc' dir='ltr'>νῦν</span> <span class='ocrx_word' id='word_1_744' title='bbox 1479 2559 1591 2599; x_wconf 80' lang='grc' dir='ltr'>πρώτως</span> <span class='ocrx_word' id='word_1_745' title='bbox 1630 2558 1718 2588; x_wconf 73' lang='grc' dir='ltr'>ἰδόντα</span> <span class='ocrx_word' id='word_1_746' title='bbox 1746 2557 1844 2589; x_wconf 72' lang='grc' dir='ltr'>παῖδας</span> 
     </span>
    </p>
   </div>
   <div class='ocr_carea' id='block_1_114' title="bbox 1027 2603 1845 2643">
    <p class='ocr_par' dir='ltr' id='par_1_114' title="bbox 1027 2603 1845 2643">
     <span class='ocr_line' id='line_1_114' title="bbox 1027 2603 1845 2643; baseline -0.004 -10"><span class='ocrx_word' id='word_1_747' title='bbox 1027 2605 1174 2643; x_wconf 78' lang='grc' dir='ltr'>ἀμύμονας,</span> <span class='ocrx_word' id='word_1_748' title='bbox 1191 2605 1244 2632; x_wconf 78' lang='grc' dir='ltr'><strong>ἀπὸ</strong></span> <span class='ocrx_word' id='word_1_749' title='bbox 1272 2607 1373 2642; x_wconf 83' lang='grc' dir='ltr'>μακρᾶς</span> <span class='ocrx_word' id='word_1_750' title='bbox 1414 2605 1458 2633; x_wconf 87' lang='grc' dir='ltr'>καὶ</span> <span class='ocrx_word' id='word_1_751' title='bbox 1492 2603 1662 2636; x_wconf 77' lang='grc' dir='ltr'>κινδυνώδους</span> <span class='ocrx_word' id='word_1_752' title='bbox 1692 2603 1845 2641; x_wconf 69' lang='grc' dir='ltr'>ἀποδημίας</span> 
     </span>
    </p>
   </div>
   <div class='ocr_carea' id='block_1_115' title="bbox 1027 2648 1848 2690">
    <p class='ocr_par' dir='ltr' id='par_1_115' title="bbox 1027 2648 1848 2690">
     <span class='ocr_line' id='line_1_115' title="bbox 1027 2648 1848 2690; baseline -0.002 -12"><span class='ocrx_word' id='word_1_753' title='bbox 1027 2648 1148 2682; x_wconf 77' lang='grc' dir='ltr'>ἀϐλαϐῶς</span> <span class='ocrx_word' id='word_1_754' title='bbox 1181 2648 1396 2690; x_wconf 63' lang='grc' dir='ltr'>ἐνδημῆσαντας,</span> <span class='ocrx_word' id='word_1_755' title='bbox 1425 2649 1453 2678; x_wconf 75' lang='grc' dir='ltr'>ἐν</span> <span class='ocrx_word' id='word_1_756' title='bbox 1477 2650 1608 2689; x_wconf 79' lang='grc' dir='ltr'>φιλήματι</span> <span class='ocrx_word' id='word_1_757' title='bbox 1730 2659 1848 2688; x_wconf 77' lang='grc' dir='ltr'>περιχα-</span> 
     </span>
    </p>
   </div>
   <div class='ocr_carea' id='block_1_116' title="bbox 816 2729 1187 2762">
    <p class='ocr_par' dir='ltr' id='par_1_116' title="bbox 816 2729 1187 2762">
     <span class='ocr_line' id='line_1_116' title="bbox 816 2729 1187 2762; baseline 0 -1"><span class='ocrx_word' id='word_1_758' title='bbox 816 2729 945 2762; x_wconf 75' lang='lat' dir='ltr'><strong>VARLE</strong></span> <span class='ocrx_word' id='word_1_759' title='bbox 968 2729 1187 2762; x_wconf 84' lang='lat' dir='ltr'><strong>LECTIONES.</strong></span> 
     </span>
    </p>
   </div>
   <div class='ocr_carea' id='block_1_117' title="bbox 200 2785 392 2818">
    <p class='ocr_par' dir='ltr' id='par_1_117' title="bbox 200 2785 392 2818">
     <span class='ocr_line' id='line_1_117' title="bbox 200 2785 392 2818; baseline 0.016 -6"><span class='ocrx_word' id='word_1_760' title='bbox 200 2785 232 2812; x_wconf 77' lang='grc'><strong>88</strong></span> <span class='ocrx_word' id='word_1_761' title='bbox 244 2785 392 2818; x_wconf 79' lang='grc' dir='ltr'>ἷδιώσασθε.</span> 
     </span>
    </p>
   </div>
  </div>
