1917 3080
73 141 146 173 1221

74 253 193 293 εὐλογίας
216 256 305 294 αὐτοῦ,
337 253 479 288 δεξιοινται
515 255 620 288 τούτους
651 257 821 296 νομίσμασιν,
839 256 897 284 ολί-

73 310 130 337 γοις
152 299 202 336 μὲν
229 300 296 328 κατὰ
322 301 353 327 τὸ
382 301 552 340 φαινομενον,
586 299 698 332 πολλοῖς
716 300 743 328 δὲ
771 302 840 329 κατὰ
867 301 898 328 τὸ

73 345 225 382 νοούμενον,
249 345 368 385 Ἀφορῶν
399 346 447 384 γὰρ
470 346 505 378 εἷς
531 347 577 373 τὸν
597 348 647 379 τῆς
676 346 790 377 πίστεως
809 346 897 386 ἀρχη-

73 389 121 428 γὸν
151 390 194 417 καὶ
220 389 365 423 τελειωτὴν
400 389 505 423 Ἰησοῦν
531 391 642 429 Χριστὸν
674 390 797 424 ἀληθινὸν
833 391 897 418 Θεὸν

76 436 161 472 ἡμῶν,
188 434 388 474 ἀρῤαϐωνίζεται
404 434 446 464 δια
468 436 567 463 τούτων
596 438 688 468 αὐτοῖς
716 438 759 465 καὶ
787 437 837 471 τὴν
852 442 898 465 τοὺ

73 480 148 518 ἁγίου
164 481 315 517 Πνεύματος
332 480 510 520 ἐπιφοίτησιν.

743 142 1025 178 GR/ECO-BOMAN
1030 146 1082 178 UM

74 212 125 248 ρῶς
159 210 366 250 κατασπάζεται,
402 211 446 238 καὶ
466 210 567 243 ἁνοίξος
588 211 649 243 τοὺς
676 213 820 252 θησαυροὺς
842 214 906 245 τῆςΔ

987 212 1218 252 lprimumﬁlios
1232 211 1355 242 videtex
1372 211 1531 251 longinqua
1548 215 1578 242 et
1594 210 1760 252 periculosa

1680 143 1756 176 1222

940 257 1178 297 peregrinatione
1193 257 1313 288 domum
1344 256 1451 286 illaesos
1472 255 1646 293 redeuntes,
1676 256 1758 286 laeta-

941 302 1058 332 bundus
1074 311 1124 332 eos
1140 312 1206 332 rum
1223 302 1325 332 osculo
1347 306 1446 332 sancto
1473 301 1588 341 salutat,
1606 305 1635 331 et
1650 301 1761 341 apertis

940 346 1088 376 thesauris
1099 346 1316 377 benedictionis
1328 355 1400 382 sum,
1411 345 1598 376 numismatis
1607 354 1657 375 eos
1673 345 1759 376 exci-

941 391 993 430 pit,
1011 390 1124 430 exiguis
1139 391 1258 431 quidem
1274 390 1331 422 illis
1348 391 1376 420 in
1394 390 1527 428 speciem
1545 399 1553 428 ;
1579 389 1630 420 sed
1648 389 1762 429 magnis

940 435 1005 474 ejus
1021 436 1144 472 ratione,
1159 436 1235 476 quod
1256 435 1442 474 intelligitur.
1467 434 1582 475 Quippe
1598 434 1761 474 respiciens

938 479 968 510 in
1004 486 1154 510 auctorem
1188 484 1217 510 et
1248 484 1519 510 consummatorem
1548 478 1630 518 ﬁdei,
1661 479 1762 510 Jesum

73 523 236 561 Christum,
252 533 354 555 verum
370 524 453 554 illum
470 525 562 555 Deum
578 530 713 556 nostrum
731 535 740 564 ;
765 525 844 557 velut
868 524 956 556 arrha
972 524 1038 554 data
1054 534 1106 564 per
1121 524 1183 555 hac
1199 525 1241 555 eis
1257 524 1416 563 pollicetur
1430 524 1573 561 futurum,
1589 527 1618 554 ut
1636 522 1763 564 Spiritus

74 573 195 599 sanctus
210 578 300 609 super
315 578 366 600 eos
381 569 494 601 veniat.

115 617 204 642 Ταῦτα
238 615 319 651 ἡμεῖς
347 615 384 646 ὡς
411 613 596 654 ἀρχιτέκτονες
618 615 738 654 γέροντες
767 615 899 655 γεγράφα-

75 658 124 696 μέν
154 669 208 698 σοι,
239 659 389 698 σοφώτατε,
423 660 466 686 καὶ
496 658 664 696 ὑπεδείξαμεν
686 671 726 688 σοι
755 659 899 699 ἀπολογίας

75 702 209 740 θεμέλιον.
224 703 259 730 Σὺ
283 702 310 730 δὲ
337 704 373 734 ὡς
404 702 484 734 ἄλλος
515 703 658 740 Βεσελεὴλ,
681 703 900 742 ἐποικοδομήσεις

76 748 106 775 τὸ
121 747 231 780 ἀληθές.
247 747 373 784 Θεμὲλιον
391 748 438 787 γὰρ
459 747 539 776 ἄλλον
565 747 658 785 οὐδεὶς,
689 750 764 788 φησὶ,
793 747 899 777 δύναται

75 793 163 820 θεῖναι
191 792 262 831 παρὰ
302 792 349 819 τὸν
378 792 510 830 κείμενον,
547 791 650 826 Ἰησοῦν
682 794 804 832 Χριστὸν,
827 795 850 830 ᾧ
884 793 901 826 ἡ

76 835 138 869 δόξα
153 837 196 864 καὶ
210 836 241 863 το
255 835 349 875 κράτος
366 836 402 868 εἰς
417 836 477 868 τοὺς
500 836 609 868 αἰῶνας.
626 836 725 875 Ἀμὴν,

394 929 458 954 ΤΟΥ
481 929 588 954 ΑΥΤΟΥ

84 981 94 996 ε
127 968 246 1002 Μελέτη,
264 1009 268 1010 7
283 969 361 1009 χάριν
390 972 439 1002 τῆς
469 970 505 1002 εἰς
539 970 599 1002 τοὺς
628 971 709 1003 θείους
738 971 817 1010 γαοὺς
851 972 904 999 τῶν

119 1009 306 1048 μοναστηρίων
382 1010 526 1049 γινομένης
606 1009 794 1048 μετακλήσεως
863 1010 905 1039 διὰ

121 1050 312 1088 σημαντηρίων
326 1050 418 1089 τριῶν,
436 1059 450 1078 )

120 1093 231 1122 Βλέπων
259 1093 447 1132 ἀπειροκάλους
476 1094 559 1132 τινὰς,
590 1095 634 1122 καὶ
654 1095 719 1134 πρὸς
749 1094 832 1132 μηδὲν
858 1095 904 1122 εὖ·-

79 1141 236 1177 κιιροῦντας
264 1138 410 1178 ἐπωφελὲς,
434 1138 492 1166 ἀλλ’
523 1139 541 1173 ἣ
568 1138 654 1178 λέγειν
689 1150 713 1166 τι
742 1140 785 1167 καὶ
801 1139 904 1167 ἀκούειν

79 1183 246 1222 καινότερον,
281 1183 395 1221 ματαίαν
440 1182 638 1215 ἀποκαλοῦντας
685 1185 728 1211 καὶ
756 1183 903 1212 σκανδαλο-

79 1227 160 1255 ποιὸν
195 1227 245 1260 τὴν
266 1226 308 1255 διὰ
348 1227 535 1267 σημαντηρίων
564 1231 643 1268 τριῶν
675 1229 711 1260 εἰς
733 1229 793 1260 τοὺς
831 1229 905 1261 ναοὺς

80 1272 227 1312 γινομένην
246 1276 300 1301 τῶν
337 1274 503 1310 μοναζόντων
539 1273 713 1314 μετάκλησιν,
751 1275 829 1314 χάριν
858 1274 905 1308 τῆς

79 1320 134 1345 τῶν
157 1317 233 1345 θείων
247 1316 403 1356 δοξολογιῶν
418 1318 568 1357 ἀκροάσεως
582 1329 588 1337 ·
629 1313 727 1358 (Ὁρκει
752 1313 812 1358 γὰρ,
829 1319 904 1359 φησὶ,

83 1361 117 1389 δι’
151 1361 211 1393 ἐνὸς
252 1362 344 1393 αὐτοὺς
384 1361 616 1399 μεταστέλλεσθαι,
647 1363 691 1391 καὶ
727 1365 766 1400 μὴ
793 1363 907 1402 γίνεσθαι

85 1407 158 1434 κατᾶ
171 1409 224 1434 τῶν
255 1406 335 1445 ἁγίων
371 1405 538 1440 Ἐκκλησιῶν
563 1407 609 1435 τοῦ
635 1411 700 1436 Θεοῦ
726 1409 907 1447 μυκτηρισμὸν

83 1452 129 1479 καὶ
147 1450 302 1490 χλευασμὸν
330 1451 401 1489 παρὰ
426 1455 479 1479 τῶν
501 1451 666 1480 κυκλούντων
694 1453 765 1490 ἡμᾶς
793 1451 906 1489 ἀσεϐῶν,

85 1496 226 1524 κάντεῦθεν
247 1496 290 1523 καὶ
305 1494 459 1534 παραϐολὴν
482 1495 509 1523 ἰν
535 1503 593 1529 τοῖς
615 1496 708 1533 ἔθνεσι,
735 1495 802 1533 μηδὲ
816 1498 909 1536 θριαμ-

84 1539 207 1568 ϐεύεσθαι
228 1540 258 1568 τὸ
290 1541 449 1580 μοναχικὶιν,
488 1541 524 1572 ὡς
560 1539 636 1574 δῆθεν
666 1541 702 1572 εἷς
725 1541 786 1578 μίαν
814 1539 907 1568 διαλα-

85 1585 147 1612 λιὰν
171 1584 211 1622 μὴ
240 1584 429 1624 εὖσυνθετοῦν·)
460 1588 579 1625 παριστῶ
616 1584 657 1613 διὰ
691 1587 740 1618 τῆς
775 1585 910 1624 παρούσης

86 1641 139 1663 μου
168 1632 285 1668 γραφῆς,
315 1630 352 1661 ὡς
381 1628 440 1657 οὔτε
463 1628 505 1657 διὰ
530 1630 577 1661 τὰς
606 1629 755 1669 φληναφίας
784 1633 836 1658 τῶν
851 1630 912 1658 ἀσε-

86 1673 155 1711 ϐῶν,
178 1673 236 1702 οῧτε
251 1673 293 1702 διὰ
306 1674 352 1705 τὰς
377 1673 514 1706 δυσκολίας
539 1677 592 1702 τῶν
617 1678 752 1710 μοναστῶν
767 1674 910 1715 ἐπενοήθη,

86 1718 130 1746 διὰ
146 1718 335 1757 σημαντηρίων
358 1721 438 1756 τριῶν
466 1718 513 1750 τὰς
544 1718 613 1750 θείας
642 1717 790 1757 δοξολογίας
819 1718 912 1752 ἐπικη-

87 1763 226 1802 ρύττεσθαι
244 1771 250 1778 '
282 1761 350 1790 ἀλλὰ
378 1762 420 1791 διὰ
441 1761 520 1801 λόγον
553 1762 798 1802 ἀρχαιοπαριέὂοτον
833 1774 913 1791 σπου-

87 1807 242 1838 δαιότατον.

129 1898 190 1924 Τῶν
212 1895 262 1935 γὰρ
277 1893 319 1923 ἐπ’
350 1894 510 1929 Ἐκκλησίας
539 1894 684 1935 γινομένων
711 1895 845 1934 ἡμερινῶν
871 1895 916 1923 καὶ

89 1943 249 1980 νυκτερινῶν
270 1939 438 1980 δοξολογιῶν,
457 1940 524 1968 κατά
539 1941 569 1968 τὸ
604 1945 650 1969 τοῦ
678 1941 813 1980 προφήτου
837 1938 916 1968 Δαϐὶδ

87 1983 277 2022 θεσπιώδημα,
293 1985 324 2012 τὸ
347 1984 426 2024 λέγον
444 1992 451 1999 ³
483 1983 527 2013 Ἐν
558 1983 668 2024 ἑσπέρᾳ,
703 1984 748 2012 καὶ
763 1985 849 2024 πρωϊ,
872 1984 916 2012 καὶ

981 613 1049 644 Haec
1066 623 1119 643 nos
1135 613 1225 644 veluti
1243 613 1444 653 [.rovectiores
1469 612 1623 643 architecti
1646 613 1765 654 scripsi-

942 668 1007 689 mus
1020 658 1082 694 tibi,
1097 658 1140 688 vir
1153 657 1365 698 eruditissime,
1381 668 1414 689 ac
1430 657 1654 688 fundamentum
1676 659 1763 688 satis-

942 702 1078 734 factionis
1090 702 1171 742 quasi
1184 702 1274 742 digito
1291 702 1598 734 commonstravimus.
1627 702 1669 733 Tu
1685 703 1765 733 velut

943 749 1019 778 alter
1036 747 1177 786 Beseleel,
1195 756 1296 777 verum
1307 751 1505 787 superstrues.
1530 746 1644 786 Quippe
1663 747 1768 777 funda-

944 796 1074 822 mentum
1093 791 1184 824 aliud.
1203 796 1234 822 ut
1249 791 1300 821 ille
1317 791 1422 832 inquit.
1438 800 1526 821 nemo
1550 800 1660 830 ponere
1672 795 1769 831 potest

945 837 1099 876 prmterid,
1110 837 1186 877 quod
1200 836 1326 875 positum
1341 841 1395 874 est,
1412 837 1513 867 Jcsum
1534 835 1649 866 scilicet
1663 835 1766 868 Chris-

913 901 932 926 Β
945 886 1017 921 tum,
1034 881 1081 911 cui
1095 881 1189 920 gloria
1205 885 1234 911 et
1250 880 1408 920 imperium
1426 881 1455 911 in
1472 881 1590 913 saecula.
1607 881 1715 912 Amen.

1277 927 1442 959 EJUSDEM

945 968 1134 1007 Mcdilatum,
1160 968 1196 998 de
1216 970 1439 1008 convocatlono,
1462 976 1527 1008 quae
1545 968 1579 1007 ﬁt
1603 968 1644 999 ad
1667 977 1769 999 sacras

1046 1009 1301 1039 maitusleriorum
1316 1008 1405 1048 mdes,
1421 1017 1476 1048 per
1490 1009 1552 1039 tria
1567 1008 1665 1048 signa.

986 1092 1129 1129 Quoniam
1142 1092 1225 1123 video
1234 1092 1376 1132 quosdam
1387 1092 1550 1132 imperitos,
1564 1097 1593 1123 et
1604 1093 1714 1124 nullam
1729 1094 1765 1124 ad

946 1147 1009 1168 rem
1020 1137 1121 1167 utilem
1134 1137 1266 1174 uloneos,
1281 1146 1368 1177 quam
1385 1142 1416 1167 ut
1439 1137 1549 1178 aliquid
1575 1137 1640 1168 novi
1667 1138 1769 1169 dicant

946 1187 975 1213 et
985 1182 1104 1213 audiant
1116 1182 1232 1212 stultam
1250 1191 1283 1212 ac
1301 1182 1433 1213 scundali
1445 1182 1561 1222 plenam
1577 1192 1681 1213 vocare
1693 1192 1768 1214 con-

946 1228 1132 1257 vocationem
1150 1227 1361 1257 monachorum
1389 1226 1424 1257 ad
1455 1235 1554 1257 sacras
1583 1228 1674 1264 aedes,
1705 1237 1771 1268 quae

948 1271 1041 1301 tribus
1057 1270 1088 1301 ﬁt
1116 1270 1220 1310 signis.
1237 1270 1454 1302 celebrationes
1483 1271 1598 1301 divinas
1628 1271 1770 1302 audiendi

948 1324 1038 1346 causa
1055 1314 1240 1354 (Sufﬁciebat
1255 1314 1347 1354 enim,
1374 1314 1524 1355 inquiunt,
1555 1325 1613 1346 uno
1629 1315 1771 1346 duntaxat

950 1369 1000 1390 eos
1015 1359 1098 1398 signo
1115 1359 1299 1399 congregari,
1331 1369 1386 1390 nec
1417 1359 1542 1399 praeberi
1564 1368 1681 1390 causam
1697 1360 1770 1390 suh-

950 1404 1093 1435 sannandi
1105 1403 1284 1434 etirridendi
1306 1409 1423 1434 sanctas
1431 1404 1480 1434 De:
1490 1404 1636 1435 Ecclesias
1646 1405 1773 1435 circum-

950 1449 1088 1479 dantibus
1104 1457 1158 1479 nos
1173 1448 1282 1488 impiis,
1301 1454 1333 1479 ut
1350 1448 1489 1488 parobola
1503 1449 1573 1479 ﬁant
1599 1449 1677 1480 inter
1688 1459 1773 1490 paga-

951 1503 1016 1530 nos,
1034 1502 1089 1523 nec
1104 1497 1210 1523 statum
1237 1493 1432 1524 monasticum
1459 1493 1540 1524 velut
1563 1494 1594 1524 in
1623 1494 1773 1534 triumpho

951 1537 1143 1578 spectandum
1157 1537 1304 1575 exhiberi,
1319 1537 1402 1577 quasi
1412 1538 1448 1568 ad
1461 1547 1550 1569 unam
1564 1538 1774 1569 commonitio-

952 1592 1019 1613 nem
1036 1591 1068 1612 se
1078 1588 1161 1613 recte
1170 1591 1229 1613 non
1240 1583 1409 1622 componat)
1424 1591 1432 1620 ;
1447 1583 1585 1623 equidem
1598 1583 1654 1613 hoc
1664 1583 1775 1623 scripto

954 1627 1096 1667 probabo,
1114 1636 1170 1657 nec
1187 1631 1308 1666 propter
1323 1627 1390 1657 illas
1419 1627 1580 1667 impiorum
1597 1637 1702 1667 nugas,
1720 1637 1776 1658 nec

955 1675 1075 1711 propter
1111 1672 1325 1702 monachorum
1366 1674 1553 1704 morositates
1579 1673 1775 1712 excogitatum

954 1726 1032 1756 esse,
1045 1720 1075 1746 ut
1085 1716 1181 1747 tribus
1191 1716 1281 1755 signis
1293 1717 1525 1756 gloriﬁcationes
1547 1717 1653 1748 divinae
1663 1717 1775 1748 denun-

954 1760 1079 1791 tientur:
1106 1760 1159 1791 sed
1187 1764 1308 1800 propter
1338 1760 1435 1800 magni
1460 1761 1602 1793 momenti
1631 1761 1775 1792 rationem

955 1805 1127 1845 quamdam,
1143 1804 1179 1835 ab
1196 1804 1325 1844 antiquis
1351 1805 1467 1836 swculis
1493 1814 1547 1845 per
1563 1814 1667 1836 manus
1682 1806 1776 1836 tradi—

955 1853 1014 1880 tam
1020 1873 1026 1880 .

996 1892 1111 1934 Quippe
1122 1903 1189 1924 cum
1203 1893 1255 1925 Dei
1266 1893 1495 1931 celebrationes,
1518 1903 1582 1934 qua;
1602 1894 1735 1925 interdiu
1751 1899 1781 1926 et

957 1945 1047 1969 noctu
1064 1938 1138 1968 ﬁunt
1150 1939 1180 1968 in
1206 1938 1351 1979 Ecclesia,
1367 1939 1459 1978 ljuxta
1482 1938 1612 1969 Davidiis
1629 1940 1781 1980 propheta:

957 1982 1124 2020 oraCulum,
1141 1983 1225 2023 cujus
1241 1991 1284 2014 vel
1295 1983 1330 2013 ba
1345 1987 1432 2014 sunt:
1450 1982 1586 2024 Vesperi,
1603 1987 1630 2014 et
1641 1993 1740 2025 mane,
1752 1988 1781 2014 et

87 2027 245 2068 μεσημϐρίᾳ
286 2028 460 2068 διηγήσομαι,
502 2029 545 2057 καὶ
586 2028 742 2068 ἀπαγγελῶ,
792 2029 835 2056 καὶ
865 2029 906 2057 εὶση

1015 2027 1140 2058 meridie
1170 2027 1307 2064 narrabo,
1339 2031 1368 2059 et
1397 2028 1585 2068 renuntiabo,
1616 2037 1780 2069 vocemque

87 2074 233 2102 ἀκούσεται
247 2075 296 2106 τῆς
312 2076 402 2113 φωνῆς
418 2073 469 2110 μοῦ
490 2074 504 2101 ὁ
521 2073 614 2113 Κύριος
633 2081 639 2088 ⁵
657 2073 709 2101 ἀπὸ
732 2077 784 2101 τῶν
799 2072 844 2102 δύο
858 2084 906 2101 συν

989 2081 1054 2103 eam
1071 2072 1213 2103 Dominus
1229 2073 1329 2103 audiet
1344 2082 1350 2104 :
1371 2082 1438 2103 cum
1462 2073 1551 2112 igitur
1562 2073 1606 2103 hae
1618 2073 1778 2113 perﬁcian-

86 2117 258 2156 τελουμένων
288 2118 437 2155 Διαθηκῶν,
455 2117 507 2146 ἀπὸ
522 2119 572 2151 τῆς
600 2117 668 2149 Νέας
691 2117 793 2151 δηλαδὴ
808 2118 852 2146 καὶ
866 2120 906 2151 τῆ‹

987 2126 1005 2147 r
1017 2126 1050 2147 ex
1064 2116 1398 2155 duobus'l‘estamentis,
1410 2116 1490 2148 Novo
1501 2117 1616 2148 scilicet
1626 2127 1659 2148 ac
1666 2117 1777 2155 Veteri,

88 2163 224 2202 Παλαιεκ,
252 2163 319 2190 κατά
352 2163 405 2191 τῶν
439 2163 520 2201 ἁγίων
548 2163 593 2190 καὶ
627 2162 758 2202 θεοφόρων
794 2162 906 2201 Πατέρω·

991 2166 1037 2192 xta
1065 2166 1234 2192 sanctorum
1263 2166 1292 2192 et
1316 2162 1455 2192 divinitus
1479 2162 1642 2193 amatorum
1661 2163 1779 2193 Patrum

88 2206 248 2247 παραδοσιν,
278 2208 375 2246 ὡρίσθη
404 2208 454 2247 πρὸ
475 2207 581 2234 πάντων
608 2205 756 2242 δοξάζεσθαι
792 2207 837 2234 τὸν
853 2208 916 2235 Θεὸν

88 2252 144 2280 ἀπὸ
167 2254 218 2285 τῆς
232 2252 301 2283 θείας
325 2252 444 2291 κιννύρας
468 2254 514 2279 τοῦ
539 2251 698 2290 θεοπάτορος
722 2250 840 2290 (Ἀνοίξω
855 2252 916 2290 γὰρ,

88 2297 184 2337 φησὶν,
203 2295 229 2323 ἒν
245 2295 383 2335 ψαλτηρίῳ
405 2296 435 2323 τὸ
461 2294 605 2335 πρόϐλημά
627 2295 691 2335 μου)
713 2295 761 2324 καὶ
788 2296 855 2333 μετὰ
869 2296 918 2324 τὴν

89 2341 188 2368 τούτου
209 2339 359 2377 ἀνάπτυξιν,
385 2340 430 2369 τὸν
451 2341 522 2368 θεῖον
548 2339 698 2378 μελισσῶνα
723 2343 772 2373 τῆς
800 2339 919 2373 Ἐκκλη-

89 2386 150 2418 σίας
189 2384 400 2425 ἐξαγωνίζεσθαι,
427 2384 469 2412 διὰ
494 2385 587 2424 χηρίου
608 2383 784 2413 διδασκαλιῶν
805 2384 919 2423 εὒαγγε-

90 2429 190 2469 λικῶν,
207 2430 252 2457 τοῦ
266 2429 373 2469 κέντρου
399 2429 555 2469 φωτίζοντος
583 2429 633 2462 τὴν
660 2429 836 2467 σκοτόμαιναν
854 2437 861 2445 ·
879 2428 920 2457 διὰ,

91 2475 205 2513 μέλιτος
219 2477 326 2514 γραφῶν
340 2473 534 2514 ἀποστολικῶν,
558 2472 742 2512 γλυκαίνοντος
757 2473 805 2507 τῆς
830 2474 918 2502 οἰκου-

92 2521 182 2559 μένης
206 2521 239 2548 τά
271 2520 372 2558 πέρατα
386 2528 393 2536 ·
420 2521 464 2548 καὶ
490 2518 532 2548 διὰ
559 2522 723 2559 μαρωρικῶν
744 2519 918 2560 ἀφηγήσεων,

93 2565 301 2605 μεγαλυνουσῶν
329 2565 374 2592 τὸν
403 2563 527 2603 ἔνσαρκον
561 2564 711 2602 οἰκονομίαν
742 2568 789 2593 τοῦ
811 2568 923 2604 Χριστοῦ

93 2611 140 2639 καὶ
156 2614 223 2639 Θεοῦ
243 2610 332 2648 ἡμῶν.
358 2609 404 2637 Διὸ
430 2610 474 2638 καὶ
502 2609 581 2649 χάριν
605 2609 655 2646 μὲν
683 2612 735 2637 τῶν
765 2608 792 2642 ἕξ
807 2609 922 2648 ψαλμῶν

94 2660 143 2685 τοῦ
164 2655 335 2694 θεοπατορος,
355 2654 399 2682 καὶ
418 2653 530 2689 λοιπῶν,
558 2654 611 2682 τῶν
640 2653 667 2681 ἐν
686 2657 720 2692 τῇ
750 2654 854 2694 ὀρθρινῂ
875 2654 921 2682 δο-

95 2700 220 2738 ξολογίας
235 2700 286 2739 πρὸ
311 2704 357 2728 τοῦ
381 2698 553 2738 ἁγιοπολιτου
586 2697 761 2737 ψαλλομένων
785 2700 921 2737 ἑκάστοτε,

98 2746 143 2773 καὶ
157 2751 220 2777 ταῖς
249 2743 424 2782 ψαλλομένων
450 2745 567 2779 συνήθως
589 2743 616 2771 ἐν
651 2750 712 2775 ταῖς
746 2744 826 2776 θείαις
856 2745 922 2784 ἱερο-

97 2789 260 2826 τελεστίαις,
287 2789 331 2816 καὶ
375 2795 435 2821 ταῖς
479 2788 629 2828 sumptui;
671 2795 848 2828 προσευχαῖς,
872 2789 922 2828 πρὸ

959 2206 1147 2237 traditionem
1162 2215 1169 2237 ε
1186 2210 1255 2237 ante
1271 2207 1369 2237 omnia
1379 2206 1524 2238 sancitum
1536 2211 1579 2237 est
1594 2212 1624 2237 ut
1635 2207 1783 2246 gloriﬁce-

959 2255 1007 2281 tur
1022 2250 1102 2281 Deus
1118 2259 1172 2290 per
1186 2260 1302 2281 sacram
1320 2251 1441 2282 Davidis
1455 2252 1612 2289 citharam,
1630 2252 1779 2292 (Aperiam

960 2295 1168 2335 enim,inquit,
1186 2295 1216 2325 in
1241 2296 1380 2336 psalterio
1406 2295 1599 2336 quaestionem
1625 2297 1735 2336 meam)
1754 2300 1784 2326 et

962 2344 1027 2380 post
1042 2339 1269 2380 explicationem
1285 2344 1359 2379 ejus,
1378 2345 1409 2371 ut
1423 2350 1542 2371 sacrum
1571 2349 1694 2372 examen
1726 2343 1781 2372 Ec—

961 2384 1059 2415 etesiae
1068 2388 1304 2415 semetexerceat
1313 2394 1364 2425 per
1377 2384 1620 2424 Evangelicarum
1636 2385 1785 2416 doctrina-

960 2438 1027 2460 rum
1068 2429 1163 2460 favum
1208 2429 1327 2460 stimulo
1370 2429 1527 2469 caliginem
1569 2430 1786 2467 illuminante;

962 2483 1074 2514 perque
1089 2473 1147 2504 mel
1156 2473 1384 2514 apostolicorum
1397 2475 1589 2515 scriptorum,
1602 2475 1679 2514 quod
1687 2475 1787 2505 dulce-

961 2519 1063 2549 dinem
1079 2518 1189 2549 finibus
1204 2519 1285 2549 orbis
1301 2524 1445 2550 terrarum
1473 2520 1559 2550 offert
1575 2530 1583 2560 ;
1600 2529 1635 2550 ac
1648 2529 1700 2560 per
1716 2529 1787 2550 nar-

963 2563 1094 2594 rationes
1110 2563 1239 2604 denique
1254 2563 1292 2594 de
1318 2563 1496 2604 martyribus
1520 2573 1586 2605 qua;
1599 2564 1790 2595 administra-

963 2608 1074 2639 tionem
1091 2608 1122 2638 in
1137 2617 1229 2639 carne
1243 2608 1354 2638 Christi
1368 2608 1481 2648 Deique
1492 2608 1788 2649 nostri'amplilicant.

965 2652 1094 2693 Ideoque
1124 2657 1245 2693 propter
1273 2661 1322 2683 seu
1352 2653 1419 2684 illos
1439 2653 1559 2684 Davidis
1588 2654 1730 2694 psalmos,
1761 2658 1792 2685 et

965 2697 1109 2738 reliquos,
1134 2698 1185 2737 qui
1206 2697 1325 2728 assidue
1350 2697 1380 2728 in
1410 2697 1625 2737 gloriﬁcatione
1648 2699 1792 2730 matutina

964 2745 1113 2773 canuntur
1123 2746 1192 2773 ante
1207 2741 1416 2782 hagiopolitam
1435 2753 1443 2781 ς
1460 2746 1490 2773 et
1511 2747 1631 2784 propter
1646 2752 1709 2781 eos,
1740 2744 1791 2783 qui

966 2795 1019 2828 pro
1038 2795 1121 2817 more
1137 2791 1298 2824 canuntur,
1315 2796 1382 2818 cum
1400 2795 1449 2818 res
1464 2787 1564 2818 divina
1587 2787 1746 2828 peragitur,
1763 2792 1793 2819 et
