1917 3080
44 131 126 164 1233

709 130 1057 165 GMCO-ROMANUM
1063 157 1070 164 .

1654 136 1665 167 1
1672 135 1729 168 234

35 197 111 237 ὅροι,
127 199 170 228 καὶ
192 199 350 239 συγχέοντκι
372 200 488 228 ἐντεῦθεν
502 200 535 230 τὰ
555 211 603 234 της
633 199 782 238 συγγενείας
804 199 829 226 ὀι

949 198 1058 238 [uidem
1065 199 1365 241 sitcoufusio,nuptiae
1380 201 1560 240 posteriores
1568 201 1730 242 prohiben-

35 254 125 280 ματα.
143 245 214 277 Φησὶ
229 243 255 272 δὲ
272 245 285 272 ὁ
301 245 368 283 ἱερὸς
382 245 425 273 καὶ
451 244 532 283 μέγας
557 243 691 275 Βασίλειος
709 253 718 260 ·
747 242 791 272 Ἐν
826 244 869 274 οἷς

36 289 72 317 τὶ
96 295 142 320 τοῦ
168 290 261 329 γένους
285 291 403 328 ὀνόματα
431 290 600 330 συγλέονται,
630 289 657 317 ἐν
678 290 780 320 τούτοις
795 289 809 316 ὁ
823 288 870 326 γά-

35 345 92 371 μος
109 334 244 372 ἀθέμιτος.
263 335 291 363 El.
305 334 332 362 δὲ
348 335 378 362 οὒ
406 335 505 373 γίνεται
534 335 674 374 σύγχυσις,
707 333 750 362 καὶ
765 334 778 361 ὁ
793 333 869 363 ἕκτος

36 378 178 410 ἀκώλυτός
209 380 277 409 ἔστι.
302 379 412 407 Πάππον
442 380 492 418 γὰρ
519 379 563 406 καὶ
590 378 710 417 ἔγγονον,
735 375 869 405 ἀκώλυτον

37 423 203 461 σδναςρθῆναι
226 421 331 461 μεγάλῃ
352 423 407 459 θείᾳ
429 423 473 450 καὶ
500 422 596 460 ἀνεψιᾷ
614 431 623 440 ο
653 422 730 451 ἕκτου
759 420 809 460 γὰρ
826 421 870 448 καὶ

37 469 121 494 τοῦτο
136 467 248 504 βαθμοῦ.

912 242 1045 274 tur.Nam
1054 244 1272 285 fierinequit,ut
1283 245 1342 276 duo
1353 245 1487 285 germani
1497 245 1604 277 fratres
1614 245 1730 278 duabus

911 288 1096 320 consobrinis
1106 291 1348 330 copulentur,aut
1364 291 1427 322 vice
1439 300 1535 323 versa.
1546 291 1636 323 Fiunt
1650 292 1730 323 enim

910 331 975 362 loco
989 332 1125 371 fratrum.
1140 335 1300 375 congeneri
1315 335 1359 366 vel
1375 336 1562 377 coafiines;et
1569 337 1625 367 hoc
1642 336 1729 368 modo

910 377 1031 408 nomina
1042 379 1223 418 cognationis
1235 379 1520 411 confunduntur.Ait
1531 385 1628 412 autem
1640 390 1729 412 sanc-

911 423 1141 466 tusietmagnus
1157 423 1208 454 ille
1222 423 1366 455 Basilius:
1380 425 1413 456 In
1423 424 1531 465 quibus
1541 425 1660 465 generis
1673 435 1728 466 ap-

910 464 1356 510 pellationesconfunduntur,in
1364 468 1410 499 his
1416 464 1527 501 illicita)
1532 464 1601 501 sunt
1607 464 1726 510 nuptias.

38 509 93 540 Sin
105 511 240 541 confusio
250 510 330 542 nulla
337 511 388 549 sit,
399 511 488 542 etiam
496 515 595 542 sextus
602 520 661 541 non
668 509 854 551 prohibetur.
863 507 1042 554 Quippenon
1048 515 1170 550 vetatur,
1178 513 1411 552 quominusavus
1417 517 1546 554 etnepos
1554 507 1730 554 copulentur

38 563 110 585 cum
126 556 216 586 amita
232 564 348 595 magna,
366 559 395 586 et
406 555 542 595 ejusdem
553 565 587 586 ex
608 555 701 587 fratre
722 558 810 595 nepte
824 564 832 595 ;
849 553 981 584 namhoc
993 564 1110 596 quoque
1121 556 1194 587 sexti
1202 557 1369 597 gradusest,
1379 561 1409 588 at
1417 553 1601 589 confusionis
1610 567 1727 599 expers.

81 598 160 628 Ἀλλ’
186 600 256 628 ἔστιν
291 601 452 641 ἆσύγχυτον,
501 601 583 631 Πάλιν
625 601 675 640 γὰρ
711 601 778 638 μετὰ
806 599 866 631 τοὺς

37 643 143 681 γάμους
172 644 282 674 πάππου
323 646 367 673 καὶ
407 645 516 684 ἐγγόνου
557 645 722 680 ἆποσώζουσι
756 643 864 674 τόπους.

37 689 94 721 Τήν
117 689 167 728 γὰρ
196 689 317 729 μεγάλην
341 690 412 718 θείαν
432 691 476 718 καὶ
503 690 547 718 τὸν
584 690 672 728 μάγαν
698 690 781 725 θεῖον,
806 688 865 722 ἢτοι

36 737 83 762 τοῦ
110 734 222 762 πάππου
245 735 292 768 τὴν
321 734 437 775 ἀδελφὴν
464 735 507 762 καὶ
528 735 573 762 τὸν
599 733 723 774 ἀδελφὸν,
751 734 864 771 μάμμην

36 777 80 805 καὶ
106 778 218 807 πάππον
247 780 269 807 οἱ
305 778 398 807 πολλοὶ
425 779 592 816 ὀνομάζουσι.
625 778 673 806 Διὰ
700 781 777 806 τοῦτο
806 777 864 805 οὔτε

36 821 91 850 ἀπὸ
105 827 154 851 τοῦ
175 823 256 860 νόμου
270 824 300 851 τὸ
328 824 411 862 παρὸν
434 822 578 851 κεκώλυται
607 823 726 861 ζήτημα,
755 822 799 849 καὶ
826 824 865 858 τῷ

949 600 1062 631 Rursus
1076 601 1156 632 enim
1169 601 1294 641 peractis
1309 602 1419 642 nuptiis
1434 604 1478 634 avi
1490 607 1519 634 et
1535 603 1651 643 nepotis
1662 604 1727 635 loca

908 648 1035 675 servant.
1052 644 1167 686 Quippe
1180 655 1315 685 magnam
1330 645 1451 677 amitam
1467 651 1497 678 et
1511 652 1648 687 patruum
1663 657 1728 679 ma-

907 698 1008 734 gnum,
1026 690 1082 721 hoc
1096 696 1151 730 est,
1169 692 1214 722 avi
1234 700 1368 723 sororem
1394 696 1423 723 et
1445 692 1576 730 fratrem,
1594 693 1729 734 plerique

906 732 1001 764 aviam
1011 739 1040 764 et
1048 744 1132 766 avum
1146 735 1303 767 nominare
1312 735 1539 768 solent.Idcirco
1550 732 1604 768 nec
1613 732 1728 776 legibus

906 777 955 808 hic
969 787 1054 810 casus
1079 783 1124 811 est
1139 780 1317 820 prohibitus,
1343 784 1372 811 et
1386 789 1403 811 a
1420 784 1499 812 tomo
1519 781 1642 813 Sisinnii
1658 791 1727 822 per-

906 822 1044 864 mittitur,
1061 833 1115 855 ceu
1139 824 1262 855 minime
1276 825 1382 856 vetitus
1398 833 1406 856 :
1426 834 1494 857 cum
1509 825 1583 857 illud
1599 826 1725 857 alterum

36 867 113 903 νόμῳ
129 866 160 891 97
175 875 299 907 παρεῖται
315 871 361 896 τοῦ
383 868 498 896 Σισινίου
526 868 562 899 ὡς
584 866 728 896 ἀκώλυτον.
759 865 829 895 Ἐκεῖ

956 868 1138 907 prohibitum
1150 869 1231 900 velut
1254 868 1413 900 obnoxium
1436 868 1615 901 confusioni.
1629 870 1682 901 Sin
1694 880 1728 902 ex

35 910 62 938 δὲ
91 912 131 942 ὡς
160 913 290 952 σύγχυσιν
320 912 378 952 ἔχω
392 912 425 937 98
451 911 609 942 κεκώλυνται.
632 912 661 940 Ei
685 910 712 939 δὲ
735 911 764 939 ἐκ
785 914 864 950 τριῶν

35 956 90 984 ἐστι
105 957 152 985 καὶ
173 960 263 996 τριῶν,
281 958 302 985 εἰ
331 957 379 994 μὲν
404 958 451 985 οὔκ
475 957 536 996 ἔχει
558 956 698 996 σύγχυσιν,
727 954 862 983 ὰκώλυτόν

35 1000 124 1030 ἐστιν.
148 1003 213 1030 Οἷον
228 1000 291 1029 ὅταν
317 1002 365 1039 μὲν
395 1003 466 1034 θεῖος
494 1001 538 1029 καὶ
570 1000 677 1038 ἀνεψιὸς
698 999 766 1028 θείαν
795 998 863 1037 λάϐῃ

35 1047 79 1073 καὶ
102 1045 226 1083 ἀνεψιὰν,
258 1044 364 1083 οὐδεμία
399 1046 498 1085 γίνεται
527 1045 665 1085 σύγχυσις.
696 1043 778 1072 Πάλιν
813 1044 862 1082 γὰρ

35 1090 105 1117 θείου
143 1091 187 1118 καὶ
216 1090 324 1128 ἀνεψιοῦ
352 1090 463 1125 σώζουσι
499 1089 591 1118 τόπον.
630 1089 678 1117 Διὰ
706 1091 783 1116 τοῦτο
819 1088 862 1115 καὶ

35 1134 174 1162 ἀκώλυτον
189 1135 259 1163 εἶναι
281 1134 458 1171 παντάπασιν,
484 1134 502 1168 ἥ
525 1145 553 1162 τε
580 1139 626 1163 τοῦ
646 1133 767 1172 ῥηθέντος
782 1132 863 1169 νόμου

36 1179 140 1214 σιωπὴ,
171 1181 200 1208 οὔ
228 1179 282 1216 μὴν
303 1178 372 1207 ἀλλὰ
397 1180 446 1207 καὶ
481 1179 644 1216 θεσπίσματα
672 1177 795 1216 βασιλικὰ
820 1179 862 1207 καὶ

35 1222 143 1262 πράξεις
165 1222 301 1251 συνοδικαὶ
328 1227 408 1251 πᾶσιν
430 1224 583 1263 αἴγώρισαν.
612 1217 700 1251 ’.Οταν
728 1220 755 1249 δὲ
777 1222 791 1249 ὁ
813 1220 862 1258 μὲν

35 1269 107 1300 θεῖος
137 1266 278 1306 προλαϐὼν
304 1267 369 1307 ἔσχε
390 1268 438 1302 τὴν
455 1268 575 1305 ἀνεψιὰν.
592 1268 606 1295 δ
635 1265 662 1294 δὲ
676 1266 783 1304 ἀνεψιὸς
798 1265 861 1304 βού-

906 911 999 942 tribus
1028 916 1056 942 et
1087 913 1181 943 tribus
1209 916 1334 953 constat,
1365 913 1512 954 siquidem
1540 914 1727 946 confusionis

905 964 1012 996 expers
1024 964 1079 995 est,
1092 967 1150 988 non
1167 961 1290 988 velatur.
1302 956 1393 989 Verbi
1408 959 1512 998 gratia,
1529 968 1596 990 cum
1605 964 1726 1000 patruus

905 1004 934 1030 et
948 1000 1046 1032 fratris
1063 1002 1126 1041 ejus
1142 1002 1231 1038 ﬁlius,
1249 1001 1369 1033 amitam
1394 1003 1519 1040 ducunt,
1536 1007 1566 1034 et
1590 1003 1725 1044 ejusdem

904 1044 1002 1076 fratris
1019 1046 1106 1077 filiam
1121 1056 1128 1084 ;
1145 1046 1224 1077 nulla
1240 1047 1272 1077 fit
1287 1047 1431 1079 confusio.
1448 1047 1562 1078 Rursus
1577 1049 1657 1079 enim
1670 1058 1724 1088 pa-

904 1091 1004 1120 truiet
1018 1090 1115 1121 fratris
1139 1091 1193 1122 ﬁlii
1221 1091 1319 1122 locum
1342 1096 1473 1123 servant.
1492 1093 1654 1131 Propterea
1669 1093 1725 1124 hoc

904 1133 991 1173 plane
1019 1144 1077 1165 non
1103 1134 1266 1175 prohiberi,
1293 1145 1353 1166 non
1377 1135 1465 1167 modo
1491 1135 1566 1175 legis
1588 1136 1726 1168 indicata;

902 1178 1064 1216 silentium,
1082 1179 1135 1210 sed
1147 1179 1235 1211 etiam
1248 1180 1413 1220 principum
1428 1180 1608 1218 sanctiones,
1621 1185 1650 1212 et
1659 1185 1726 1213 acta

903 1223 1054 1263 synodalia
1066 1225 1180 1255 cunctis
1195 1225 1407 1264 significarunt.
1435 1225 1474 1257 At
1489 1234 1570 1262 vero,
1587 1235 1653 1256 cum
1670 1235 1724 1266 pa-

903 1271 986 1312 truus
1000 1269 1062 1308 jam
1087 1272 1173 1299 antea
1197 1269 1294 1300 fratris
1318 1269 1409 1301 habet
1433 1270 1535 1307 ﬁliam,
1565 1270 1724 1312 patruique

37 1311 117 1344 ληται
146 1314 302 1345 συνοικῆσαι
330 1315 364 1350 τῇ
385 1312 451 1349 θείᾳ,
474 1313 504 1340 τὸ
532 1311 716 1350 ἐπιγενόμενον
744 1309 786 1338 διὰ
812 1310 861 1343 ἢν

37 1357 167 1396 σύγχυσιν
196 1356 355 1386 κεκώλυται.
379 1357 496 1385 Γίνονται
517 1357 567 1396 γὰρ
594 1357 630 1388 ὡς
661 1355 713 1383 ἀπὸ
735 1357 787 1382 τῶν
816 1354 862 1382 νό-

902 1311 999 1342 fratris
1014 1313 1094 1344 filius
1113 1322 1179 1344 cum
1196 1314 1260 1353 ejus
1280 1313 1414 1346 mulieris
1427 1314 1516 1345 amita
1531 1314 1612 1346 eoire
1621 1315 1681 1345 vult
1692 1315 1724 1346 in

905 1357 1137 1394 matrimonium;
1154 1358 1333 1398 posteriores
1347 1358 1393 1389 hae
1407 1358 1517 1398 nuptiae
1540 1359 1725 1390 confusionis

37 1412 105 1437 μων,
131 1403 146 1429 ὁ
168 1401 217 1438 μὲν
245 1403 317 1432 θεῖος
333 1401 452 1439 ἆνεψιὸς.
482 1403 496 1429 ὁ
524 1400 551 1429 δὲ
573 1401 681 1438 ἀνεψιὸς
707 1401 790 1432 θεῖος.
816 1404 829 1428 Κ

949 1410 992 1432 isa
1006 1401 1213 1441 prohibentur.
1226 1402 1341 1443 Quippe
1352 1403 1429 1434 velut
1444 1403 1508 1443 ipso
1518 1403 1587 1443 jure
1602 1407 1724 1443 patruus

36 1444 90 1473 ἔστι
120 1448 199 1473 τοῦτο
227 1446 314 1485 σαφὴς
335 1448 388 1473 τῶν
417 1446 553 1483 ὀνομάτων
581 1450 626 1475 τοῦ
646 1444 735 1483 γένους
757 1445 829 1484 σὺγχ

949 1446 1046 1477 fratris
1059 1446 1181 1484 filius,et
1192 1447 1290 1478 fratris
1301 1447 1379 1478 ﬁlius
1389 1447 1422 1478 fit
1435 1451 1556 1488 patruus
1569 1456 1575 1478 :
1588 1448 1724 1489 adeoque

35 1500 87 1521 αις,
120 1489 206 1518 Ἀλλὰ
233 1491 278 1518 καὶ
306 1491 320 1518 ὁ
349 1491 445 1530 μέχρις
479 1489 589 1527 ἑϐδόμου
624 1490 724 1527 βαθμοῦ
751 1490 829 1528 θεωρε

949 1490 1058 1522 ιηίΐοεῐδ
1072 1491 1191 1531 generis
1200 1491 1431 1533 appellationum
1447 1492 1510 1522 haec
1521 1492 1655 1524 confusio
1665 1497 1722 1526 est.

36 1545 114 1571 μενος
137 1534 165 1566 ἐξ
193 1534 349 1574 ἀγχιστείας
380 1536 478 1574 γάμος,
508 1535 530 1562 εἰ
558 1535 606 1572 μὲν
635 1533 661 1566 ἐξ
677 1534 733 1566 ἑνὸς
756 1532 829 1566 εἴην

949 1535 978 1566 in
994 1535 1082 1566 etiam
1097 1535 1318 1567 matrimonium
1339 1536 1417 1568 inter
1431 1536 1547 1574 afﬁnes,
1563 1537 1600 1568 ad
1626 1537 1723 1578 septi-

35 1579 72 1615 ἓξ,
110 1578 270 1609 κεκώλυται.
308 1580 344 1608 Οὔ
381 1580 431 1619 γὰρ
456 1580 515 1608 οἶόν
543 1589 570 1607 τε
599 1577 698 1617 πατέρα
726 1579 770 1606 καὶ
805 1579 828 1606 υἱ

949 1589 982 1610 Im
999 1589 1094 1620 usque
1108 1580 1233 1620 gradum
1247 1589 1315 1611 sese
1333 1580 1498 1621 porrigens,
1516 1581 1542 1612 si
1557 1585 1672 1613 constet
1687 1591 1723 1613 ex

36 1623 230 1664 δισεξαόἐλφαις
266 1625 425 1664 συναφθῆναι
467 1623 522 1652 δυσί
539 1632 546 1639 ⁸
575 1624 690 1663 γίνονται
725 1623 775 1662 γὰρ
803 1623 829 1650 ἀι

949 1633 960 1654 o
975 1628 1004 1655 et
1018 1633 1080 1661 sex,
1098 1624 1284 1664 prohibetur,
1300 1626 1374 1656 Nam
1391 1625 1456 1656 fieri
1471 1625 1584 1666 nequit,
1596 1629 1629 1656 ut
1639 1630 1724 1666 pater

35 1669 133 1708 πατρὸς
151 1669 194 1696 καὶ
208 1670 263 1697 υἱοῦ
278 1667 452 1708 σύγ-γαμϐροι,
471 1669 498 1696 Ei
527 1667 554 1696 δὲ
582 1668 612 1696 ἐκ
632 1667 676 1696 δύο
697 1668 740 1696 καὶ
767 1667 857 1704 πέντε,

37 1712 169 1751 μηδαμῶς
187 1721 194 1728 '
225 1713 281 1740 εἴτε
306 1714 355 1753 γὰρ
383 1714 491 1744 πάππος
518 1713 562 1741 καὶ
581 1712 702 1752 ἔγγονος,
738 1711 794 1740 εἴτε
816 1711 859 1740 δύο

37 1757 191 1798 αὖτάδελφοι
235 1759 388 1797 ουναφθεῖεν
424 1760 504 1797 μικρᾷ
544 1757 599 1793 θείᾳ
626 1757 671 1785 καὶ
699 1757 806 1793 ἀνεψιᾷ,
845 1757 859 1784 ὁ

36 1802 152 1842 δεύτερος
182 1803 270 1841 γάμος
299 1802 461 1841 ἀνέγκλητός
491 1802 572 1833 ἔστιν,
602 1803 631 1830 El.
659 1800 686 1829 δὲ
721 1801 751 1829 ἐκ
780 1802 858 1840 τριῶν

36 1848 78 1875 καὶ
107 1847 253 1886 rescripti»,
277 1846 356 1874 πάλιν
385 1848 406 1874 εὶ
429 1846 476 1884 μέν
504 1847 574 1874 εστιν
601 1846 761 1885 ἇσύγχυτον,
791 1856 858 1884 συγ-

36 1892 201 1931 κεχώρηται.
232 1896 311 1923 Bato;
346 1892 395 1931 γὰρ
424 1892 466 1919 καὶ
507 1891 626 1928 ἀνεψιὸς,
663 1890 707 1918 δύο
738 1889 857 1929 πρωτεξ-

36 1935 148 1976 senex;
176 1935 319 1967 ἀκωλύτως
334 1934 506 1972 λαμϐάνοντι,
535 1935 562 1962 Εἰ
583 1933 611 1962 δὲ
636 1934 765 1974 σύγχυσιν
786 1933 857 1973 ἔχων

36 1981 138 2019 ὁρᾶται,
156 1980 185 2008 οὗ
199 1978 265 2013 δῆτα
275 1987 283 1995 ⁶
301 1979 408 2011 πάππος
424 1979 474 2018 γὰρ
488 1979 531 2008 καὶ
545 1977 695 2017 δισέγγονος
708 1977 751 2006 δύο
765 1989 856 2018 πρωτ-

35 2023 178 2064 εξαδέλφας
195 2023 286 2052 λαϐεῖν
303 2023 437 2062 εἴργονται
455 2031 461 2038 ·
477 2023 523 2051 ’ἕνα
535 2023 573 2060 μὴ
588 2023 631 2050 καὶ
646 2024 716 2050 οὗτοι
731 2022 855 2062 σύγγαμ-

35 2067 87 2107 ϐροι
110 2068 271 2107 λογισθετεν,
304 2066 378 2096 Ἀλλ’
407 2069 421 2096 ὁ
454 2068 502 2105 μὲν
528 2065 677 2106 προλαϐὼν,
702 2066 774 2104 μένει
796 2067 854 2095 ἀκί-

35 2124 110 2146 νητος
129 2121 135 2128 ·
174 2111 304 2140 κωλύεται
346 2111 374 2140 δὲ
415 2113 429 2140 ὁ
463 2112 659 2151 ἐπιγενόμενος,
696 2111 714 2145 ἢ
756 2110 855 2150 προϐὰς

35 2156 195 2185 διισπᾶτχι·
227 2157 259 2184 τὰ
287 2155 314 2184 δὲ
335 2157 399 2196 ὑπὲρ
420 2157 465 2185 τὸν
495 2155 605 2194 ἕϐδομον
634 2155 660 2188 ἐξ
687 2155 853 2195 ἀγχιστείας,

36 2201 297 2240 ἀπολυπραγμόνητᾶ
311 2202 359 2229 εἰσι
386 2202 430 2229 καὶ
451 2200 584 2240 ἀκώλυτι,
614 2199 702 2240 ὥσπερ
716 2199 743 2227 ἐν
756 2207 814 2232 τοῖς
830 2200 856 2233 ἐξ

37 2245 148 2283 ι’ἷμκτος
165 2246 197 2273 τὰ
210 2245 274 2285 ὑπὲρ
285 2246 332 2273 τὸν
347 2244 449 2284 ὄγδοον,
467 2246 503 2274 Οὒ
517 2244 605 2276 καλῶς
615 2244 641 2272 δέ
655 2255 723 2272 τισιν
738 2244 855 2283 εἴρηται,

36 2289 119 2318 ὅτιτὰ
135 2289 308 2328 εὑρισκόμενα
336 2289 361 2322 ἐξ
389 2289 545 2329 ἀγχιστείας
571 2289 646 2317 ἕκτου
673 2290 783 2329 βαθμοῦ,
813 2289 857 2317 ὅτε

36 2335 81 2371 μὲν
105 2334 193 2368 ὲξίσης
220 2335 294 2372 εὶτὶν,
317 2335 353 2366 ὡς
373 2333 399 2367 ἐξ
428 2334 550 2373 ἐκατέρου
574 2333 667 2373 μέρους
690 2340 761 2372 τρεῖς
784 2334 855 2362 εἶναι

118 2380 124 2387 ι
238 2379 242 2388 v
305 2380 311 2388 ι
574 2378 578 2387 ι
656 2377 675 2387 ’κε
737 2377 741 2386 ι
807 2379 813 2390 ν
833 2380 839 2389 κ

36 2380 160 2419 βχθμους,
191 2378 314 2407 ἀκωλυτα
341 2380 390 2406 εἶσι
408 2387 414 2393 ·
443 2378 624 2416 κεκωλυμενχ,
653 2387 691 2413 οε,
728 2378 771 2406 ὅτε
793 2389 855 2407 εισιν

36 2423 109 2451 ἄνισα
125 2433 134 2442 ⁸
172 2424 202 2451 ἐκ
229 2424 279 2462 γὰρ
307 2427 360 2451 τῶν
393 2423 539 2463 εἰρημένων
565 2421 689 2462 ἀνωτέρω
715 2421 852 2460 δέδεικται,

37 2468 72 2504 μὴ
84 2469 114 2496 τὸ
130 2468 190 2496 ἴσον
211 2469 255 2495 καὶ
269 2469 298 2495 τὸ
328 2467 428 2503 ἄνισον,
444 2467 512 2495 ἀλλὰ
526 2468 556 2495 τὸ
587 2466 783 2506 συγκεχυμένον
812 2469 855 2496 καὶ

35 2511 192 2552 ὰτόγλυτον,
208 2512 225 2545 ἢ
239 2512 355 2552 ἀτριέναι,
373 2512 390 2546 ἣ
408 2513 542 2551 ἀπείργειν
563 2512 593 2539 τὸ
609 2510 792 2550 συνάλλαγμα.

900 1672 929 1699 et
944 1668 1021 1699 filius
1035 1668 1149 1700 duabus
1164 1668 1294 1700 sobrinis
1317 1670 1503 1709 copulentur.
1522 1670 1616 1701 Patris
1642 1672 1720 1702 enim

901 1716 930 1744 et
946 1712 999 1743 ﬁlii
1013 1712 1090 1750 loco,
1107 1713 1181 1744 fiunt
1196 1714 1356 1752 congeneri
1372 1714 1417 1745 vel
1433 1713 1583 1746 coaﬂines.
1600 1714 1722 1755 Nequa-

900 1766 987 1797 quam
1003 1758 1058 1788 hoc
1074 1757 1220 1796 usuvenit,
1237 1758 1262 1788 si
1277 1767 1313 1789 ex
1329 1758 1444 1789 duobus
1458 1762 1488 1790 et
1498 1759 1630 1800 quinque
1645 1769 1721 1790 con-

900 1805 967 1832 stet.
983 1801 1055 1832 Nam
1075 1802 1137 1833 sive
1149 1811 1220 1833 avus
1235 1806 1265 1833 et
1280 1811 1386 1843 nepos,
1417 1803 1479 1834 sive
1502 1803 1560 1834 duo
1587 1804 1722 1843 germani

899 1845 1004 1877 fratres
1020 1846 1149 1886 copulati
1165 1847 1276 1878 fuerint
1288 1857 1354 1878 cum
1366 1847 1456 1879 amita
1468 1856 1566 1888 parva,
1580 1854 1610 1879 et
1621 1848 1722 1880 fratris

899 1890 963 1930 ejus
981 1890 1051 1927 tilia,
1079 1891 1218 1922 secundat
1247 1891 1359 1932 nuptiae
1386 1891 1458 1923 vitio
1486 1896 1599 1924 carent.
1617 1891 1670 1924 Sin
1685 1902 1721 1924 ex

899 1934 993 1965 tribus
1009 1939 1036 1966 et
1052 1939 1187 1976 quatuor,
1204 1945 1306 1967 rursus
1322 1936 1469 1976 siquidem
1490 1936 1624 1968 confusio
1640 1937 1721 1968 nulla

899 1979 1065 2018 intervenit,
1093 1980 1281 2020 permittitur.
1302 1982 1424 2012 Patruus
1454 1980 1547 2019 enim,
1572 1985 1602 2012 et
1621 1981 1722 2013 fratris

898 2023 963 2063 ejus
978 2023 1067 2064 filius,
1083 2024 1158 2055 duas
1172 2024 1366 2055 consobrinas
1388 2025 1462 2056 citra
1488 2025 1718 2065 prohibitionem

898 2067 1019 2099 ducunt.
1034 2067 1098 2098 Non
1113 2068 1198 2109 item,
1214 2069 1239 2099 si
1255 2069 1388 2100 confusio
1415 2070 1549 2110 quadam
1576 2075 1717 2110 emergat.

898 2112 977 2143 Avus
1003 2113 1082 2144 enim
1107 2116 1135 2144 et
1161 2122 1319 2154 pronepos,
1345 2123 1363 2145 a
1389 2113 1578 2145 matrimonio
1593 2114 1717 2146 duarum

867 2178 888 2202 Β
898 2157 1144 2188 consobrinarum
1156 2162 1305 2194 arcentur,
1314 2167 1352 2189 ne
1358 2158 1519 2198 congeneri
1526 2158 1570 2189 vel
1577 2159 1719 2190 coaffines

900 2201 1074 2233 habeantur.
1094 2202 1240 2233 Nimirum
1264 2203 1346 2243 prius
1360 2206 1543 2233 contractum
1564 2203 1718 2235 matrimo-

899 2246 1096 2282 nium,manet
1112 2246 1265 2276 immotum
1283 2255 1290 2278 :
1308 2246 1457 2286 posterius
1472 2246 1655 2286 prohibetur,
1675 2249 1718 2279 vel

897 2290 921 2320 si
929 2290 990 2329 jam
1004 2290 1191 2331 processerit,
1209 2290 1360 2322 dirimitur
1388 2291 1459 2327 Quae
1474 2300 1541 2322 vero
1559 2292 1718 2324 matrimo-

898 2334 946 2364 nia
967 2334 1090 2373 gradum
1114 2334 1264 2366 afﬁnitatis
1283 2335 1441 2375 septimum
1466 2335 1622 2374 excedunt,
1639 2335 1670 2367 in
1685 2346 1721 2368 ea

897 2379 1015 2409 curiose
1030 2388 1088 2409 non
1110 2379 1322 2417 inquirendum
1335 2383 1389 2418 est,
1407 2389 1463 2411 nec
1484 2379 1630 2412 faciundae
1645 2391 1718 2421 pro-

897 2423 1160 2461 hibitiones,3icuti
1175 2423 1239 2454 ﬁeri
1249 2424 1382 2455 videmus
1393 2430 1424 2455 et
1437 2423 1469 2454 in
1485 2423 1533 2462 iis,
1541 2424 1592 2465 qui
1602 2424 1719 2457 ratione

896 2467 1159 2507 consanguinitatis
1174 2472 1305 2500 octavum
1322 2468 1479 2500 excedunt.
1497 2469 1643 2500 Caeterum
1660 2479 1719 2502 non

896 2516 977 2543 recte
991 2513 1129 2544 traditum
1145 2522 1162 2543 a
1178 2513 1327 2544 nonnullis
1356 2517 1410 2552 est,
1438 2512 1628 2545 matrimonia
1644 2515 1722 2546 sexti

37 2564 69 2599 ex
84 2556 225 2587 affinitate
241 2555 361 2597 gradus,
379 2565 445 2587 cum
462 2564 547 2596 pares
563 2555 703 2595 utrinque
719 2555 827 2595 gradus
855 2556 976 2595 habent,
1001 2566 1060 2588 non
1090 2557 1262 2598 prohiberi:
1293 2567 1361 2590 cum
1385 2558 1526 2599 impares,
1554 2558 1720 2599 prohiberi.

37 2598 192 2632 Ostensum
207 2604 252 2631 est
267 2600 349 2631 enim
366 2610 403 2632 ex
416 2601 556 2632 indicatis
572 2599 719 2641 superius,
739 2609 798 2632 non
814 2601 1012 2642 mqualitatem
1039 2606 1069 2632 et
1092 2602 1337 2644 inaequalitatem,
1365 2603 1417 2635 sed
1432 2598 1657 2643 confusionem,
1691 2608 1723 2636 et

40 2645 219 2676 confusionis
234 2644 412 2683 absentiam,
428 2645 473 2676 vel
489 2644 673 2686 permittere,
690 2644 734 2675 vel
751 2644 897 2686 impedire
912 2649 1106 2678 contractum.

699 2724 787 2758 VARI
791 2725 826 2757 ΑΕ
848 2725 1063 2758 LECTIONES.

76 2778 104 2803 97
119 2784 156 2817 τῷ
170 2781 256 2818 τόμῳ.
299 2779 331 2804 93
345 2780 419 2819 ἕχον.
