  <div class='ocr_page' id='page_1' title='image "/cluster/home/n/w/nwhite01/storage/ocr_20150623/119/njp.32101010943965/1300.png"; bbox 0 0 1917 3080; ppageno 0'>
   <div class='ocr_carea' id='block_1_1' title="bbox 83 154 168 187">
    <p class='ocr_par' dir='ltr' id='par_1_1' title="bbox 83 154 168 187">
     <span class='ocr_line' id='line_1_1' title="bbox 83 154 168 187; baseline 0.024 -2"><span class='ocrx_word' id='word_1_1' title='bbox 83 155 98 185; x_wconf 83' lang='grc'>1</span> <span class='ocrx_word' id='word_1_2' title='bbox 109 154 168 187; x_wconf 73' lang='grc'><strong>249</strong></span> 
     </span>
    </p>
   </div>
   <div class='ocr_carea' id='block_1_2' title="bbox 752 151 1105 186">
    <p class='ocr_par' dir='ltr' id='par_1_2' title="bbox 752 151 1105 186">
     <span class='ocr_line' id='line_1_2' title="bbox 752 151 1105 186; baseline -0.006 0"><span class='ocrx_word' id='word_1_3' title='bbox 752 151 1105 186; x_wconf 71' lang='grc' dir='ltr'><strong>ὓΒιΕΟΟ-ΗΟΜᾹΝΠΜ.</strong></span> 
     </span>
    </p>
   </div>
   <div class='ocr_carea' id='block_1_3' title="bbox 1696 151 1776 185">
    <p class='ocr_par' dir='ltr' id='par_1_3' title="bbox 1696 151 1776 185">
     <span class='ocr_line' id='line_1_3' title="bbox 1696 151 1776 185; baseline 0.013 -1"><span class='ocrx_word' id='word_1_4' title='bbox 1696 151 1776 185; x_wconf 66' lang='grc'><strong>4250</strong></span> 
     </span>
    </p>
   </div>
   <div class='ocr_carea' id='block_1_4' title="bbox 88 218 909 262">
    <p class='ocr_par' dir='ltr' id='par_1_4' title="bbox 88 220 907 262">
     <span class='ocr_line' id='line_1_4' title="bbox 88 220 907 262; baseline -0.004 -11"><span class='ocrx_word' id='word_1_5' title='bbox 88 233 100 251; x_wconf 80' lang='grc' dir='ltr'>ι</span> <span class='ocrx_word' id='word_1_6' title='bbox 124 223 186 262; x_wconf 84' lang='grc' dir='ltr'><strong>Περῖ</strong></span> <span class='ocrx_word' id='word_1_7' title='bbox 213 222 307 261; x_wconf 83' lang='grc' dir='ltr'>γάμων</span> <span class='ocrx_word' id='word_1_8' title='bbox 341 233 394 249; x_wconf 86' lang='grc' dir='ltr'><strong>των</strong></span> <span class='ocrx_word' id='word_1_9' title='bbox 435 221 570 261; x_wconf 83' lang='grc' dir='ltr'>κληρικῶν</span> <span class='ocrx_word' id='word_1_10' title='bbox 605 220 835 260; x_wconf 74' lang='grc' dir='ltr'>ἐπιτετραμμέιων</span> <span class='ocrx_word' id='word_1_11' title='bbox 863 221 907 248; x_wconf 85' lang='grc' dir='ltr'><strong>καὶ</strong></span> 
     </span>
    </p>
   </div>
   <div class='ocr_carea' id='block_1_5' title="bbox 991 218 1745 262">
    <p class='ocr_par' dir='ltr' id='par_1_5' title="bbox 991 218 1745 259">
     <span class='ocr_line' id='line_1_5' title="bbox 991 218 1745 259; baseline 0.001 -10"><span class='ocrx_word' id='word_1_12' title='bbox 991 219 1020 250; x_wconf 69' lang='lat' dir='ltr'><strong>te</strong></span> <span class='ocrx_word' id='word_1_13' title='bbox 1034 220 1153 259; x_wconf 79' lang='lat' dir='ltr'><strong>nuptiis</strong></span> <span class='ocrx_word' id='word_1_14' title='bbox 1169 218 1357 251; x_wconf 76' lang='lat' dir='ltr'><strong>clericorum</strong></span> <span class='ocrx_word' id='word_1_15' title='bbox 1370 219 1519 250; x_wconf 75' lang='lat' dir='ltr'><strong>concessis</strong></span> <span class='ocrx_word' id='word_1_16' title='bbox 1533 223 1561 250; x_wconf 83' lang='lat' dir='ltr'><strong>et</strong></span> <span class='ocrx_word' id='word_1_17' title='bbox 1574 218 1745 258; x_wconf 76' lang='lat' dir='ltr'><strong>prohibitis.</strong></span> 
     </span>
    </p>
   </div>
   <div class='ocr_carea' id='block_1_6' title="bbox 379 265 614 304">
    <p class='ocr_par' dir='ltr' id='par_1_6' title="bbox 379 265 614 304">
     <span class='ocr_line' id='line_1_6' title="bbox 379 265 614 304; baseline -0.013 -9"><span class='ocrx_word' id='word_1_18' title='bbox 379 265 582 304; x_wconf 78' lang='grc' dir='ltr'>κεκωλνμένων.</span> <span class='ocrx_word' id='word_1_19' title='bbox 600 277 614 292; x_wconf 71' lang='grc' dir='ltr'><strong>ιι</strong></span> 
     </span>
    </p>
   </div>
   <div class='ocr_carea' id='block_1_7' title="bbox 127 307 909 350">
    <p class='ocr_par' dir='ltr' id='par_1_7' title="bbox 127 307 909 350">
     <span class='ocr_line' id='line_1_7' title="bbox 127 307 909 350; baseline -0.005 -10"><span class='ocrx_word' id='word_1_20' title='bbox 127 307 157 340; x_wconf 66' lang='grc'><strong>’0</strong></span> <span class='ocrx_word' id='word_1_21' title='bbox 183 312 237 339; x_wconf 72' lang='grc' dir='ltr'><strong>τῶν</strong></span> <span class='ocrx_word' id='word_1_22' title='bbox 265 311 346 350; x_wconf 83' lang='grc' dir='ltr'>ἁγίων</span> <span class='ocrx_word' id='word_1_23' title='bbox 383 310 540 339; x_wconf 80' lang='grc' dir='ltr'><strong>ἀποστόλων</strong></span> <span class='ocrx_word' id='word_1_24' title='bbox 562 311 680 342; x_wconf 80' lang='grc' dir='ltr'>εἰκοστὸς</span> <span class='ocrx_word' id='word_1_25' title='bbox 708 310 782 342; x_wconf 73' lang='grc' dir='ltr'>ἕκτος</span> <span class='ocrx_word' id='word_1_26' title='bbox 810 310 909 347; x_wconf 83' lang='grc' dir='ltr'>κανὼν,</span> 
     </span>
    </p>
   </div>
   <div class='ocr_carea' id='block_1_8' title="bbox 83 353 908 394">
    <p class='ocr_par' dir='ltr' id='par_1_8' title="bbox 83 353 908 394">
     <span class='ocr_line' id='line_1_8' title="bbox 83 353 908 394; baseline -0.004 -10"><span class='ocrx_word' id='word_1_27' title='bbox 83 356 130 384; x_wconf 74' lang='grc' dir='ltr'>καὶ</span> <span class='ocrx_word' id='word_1_28' title='bbox 145 357 159 384; x_wconf 81' lang='grc' dir='ltr'><strong>ὁ</strong></span> <span class='ocrx_word' id='word_1_29' title='bbox 173 355 249 387; x_wconf 79' lang='grc' dir='ltr'>ἕκτος</span> <span class='ocrx_word' id='word_1_30' title='bbox 277 357 325 389; x_wconf 76' lang='grc' dir='ltr'>τῆς</span> <span class='ocrx_word' id='word_1_31' title='bbox 347 355 428 388; x_wconf 69' lang='grc' dir='ltr'>ἕκτης</span> <span class='ocrx_word' id='word_1_32' title='bbox 457 353 574 394; x_wconf 86' lang='grc' dir='ltr'>συνόδου,</span> <span class='ocrx_word' id='word_1_33' title='bbox 590 355 634 382; x_wconf 82' lang='grc' dir='ltr'><strong>καὶ</strong></span> <span class='ocrx_word' id='word_1_34' title='bbox 647 356 662 382; x_wconf 84' lang='grc' dir='ltr'>ὁ</span> <span class='ocrx_word' id='word_1_35' title='bbox 685 355 734 387; x_wconf 75' lang='grc' dir='ltr'>τῆς</span> <span class='ocrx_word' id='word_1_36' title='bbox 763 354 789 382; x_wconf 81' lang='grc' dir='ltr'>ἐν</span> <span class='ocrx_word' id='word_1_37' title='bbox 806 355 908 392; x_wconf 81' lang='grc' dir='ltr'>Καρθα-</span> 
     </span>
    </p>
   </div>
   <div class='ocr_carea' id='block_1_9' title="bbox 84 395 910 440">
    <p class='ocr_par' dir='ltr' id='par_1_9' title="bbox 84 395 910 440">
     <span class='ocr_line' id='line_1_9' title="bbox 84 395 910 440; baseline -0.004 -12"><span class='ocrx_word' id='word_1_38' title='bbox 84 411 165 439; x_wconf 83' lang='grc' dir='ltr'>γενῃ,</span> <span class='ocrx_word' id='word_1_39' title='bbox 182 395 244 440; x_wconf 75' lang='grc' dir='ltr'>ις’,</span> <span class='ocrx_word' id='word_1_40' title='bbox 260 407 318 430; x_wconf 74' lang='grc' dir='ltr'>τοῖς</span> <span class='ocrx_word' id='word_1_41' title='bbox 347 404 385 437; x_wconf 85' lang='grc' dir='ltr'>τῷ</span> <span class='ocrx_word' id='word_1_42' title='bbox 418 399 510 439; x_wconf 72' lang='grc' dir='ltr'>κλήρῳ</span> <span class='ocrx_word' id='word_1_43' title='bbox 531 398 755 438; x_wconf 62' lang='grc' dir='ltr'><strong>κατειλεγμένοις,</strong></span> <span class='ocrx_word' id='word_1_44' title='bbox 784 399 828 426; x_wconf 83' lang='grc' dir='ltr'><strong>καὶ</strong></span> <span class='ocrx_word' id='word_1_45' title='bbox 843 398 910 426; x_wconf 82' lang='grc' dir='ltr'>ἀνα-</span> 
     </span>
    </p>
   </div>
   <div class='ocr_carea' id='block_1_10' title="bbox 85 443 910 484">
    <p class='ocr_par' dir='ltr' id='par_1_10' title="bbox 85 443 910 484">
     <span class='ocr_line' id='line_1_10' title="bbox 85 443 910 484; baseline -0.004 -12"><span class='ocrx_word' id='word_1_46' title='bbox 85 445 209 484; x_wconf 82' lang='grc' dir='ltr'>γνώστας</span> <span class='ocrx_word' id='word_1_47' title='bbox 224 443 262 472; x_wconf 79' lang='grc' dir='ltr'>ἔτι</span> <span class='ocrx_word' id='word_1_48' title='bbox 277 446 320 472; x_wconf 85' lang='grc' dir='ltr'>καὶ</span> <span class='ocrx_word' id='word_1_49' title='bbox 340 443 442 482; x_wconf 80' lang='grc' dir='ltr'>ψάλτας</span> <span class='ocrx_word' id='word_1_50' title='bbox 468 443 583 481; x_wconf 76' lang='grc' dir='ltr'>τελοῦσι,</span> <span class='ocrx_word' id='word_1_51' title='bbox 610 444 729 481; x_wconf 77' lang='grc' dir='ltr'>νομίμως</span> <span class='ocrx_word' id='word_1_52' title='bbox 744 446 910 482; x_wconf 74' lang='grc' dir='ltr'>συγχωροῦσι</span> 
     </span>
    </p>
   </div>
   <div class='ocr_carea' id='block_1_11' title="bbox 85 488 910 528">
    <p class='ocr_par' dir='ltr' id='par_1_11' title="bbox 85 488 910 528">
     <span class='ocr_line' id='line_1_11' title="bbox 85 488 910 528; baseline -0.004 -11"><span class='ocrx_word' id='word_1_53' title='bbox 85 496 198 528; x_wconf 72' lang='grc' dir='ltr'>γαμεῖν.</span> <span class='ocrx_word' id='word_1_54' title='bbox 222 489 294 517; x_wconf 81' lang='grc' dir='ltr'>Μετὰ</span> <span class='ocrx_word' id='word_1_55' title='bbox 309 488 337 516; x_wconf 76' lang='grc' dir='ltr'>δέ</span> <span class='ocrx_word' id='word_1_56' title='bbox 363 499 393 527; x_wconf 92' lang='grc' dir='ltr'><strong>γε</strong></span> <span class='ocrx_word' id='word_1_57' title='bbox 419 489 451 516; x_wconf 80' lang='grc' dir='ltr'>τὸ</span> <span class='ocrx_word' id='word_1_58' title='bbox 472 489 507 520; x_wconf 78' lang='grc' dir='ltr'>εἷς</span> <span class='ocrx_word' id='word_1_59' title='bbox 533 488 631 525; x_wconf 56' lang='grc' dir='ltr'>βαθμὸν</span> <span class='ocrx_word' id='word_1_60' title='bbox 654 489 820 527; x_wconf 68' lang='grc' dir='ltr'><strong>προαχθῆναι</strong></span> <span class='ocrx_word' id='word_1_61' title='bbox 842 488 910 515; x_wconf 80' lang='grc' dir='ltr'>υπο-</span> 
     </span>
    </p>
   </div>
   <div class='ocr_carea' id='block_1_12' title="bbox 84 530 911 572">
    <p class='ocr_par' dir='ltr' id='par_1_12' title="bbox 84 530 911 572">
     <span class='ocr_line' id='line_1_12' title="bbox 84 530 911 572; baseline -0.002 -11"><span class='ocrx_word' id='word_1_62' title='bbox 84 533 208 563; x_wconf 80' lang='grc' dir='ltr'>διακόνου</span> <span class='ocrx_word' id='word_1_63' title='bbox 240 534 258 567; x_wconf 77' lang='grc' dir='ltr'><strong>ἢ</strong></span> <span class='ocrx_word' id='word_1_64' title='bbox 290 532 420 572; x_wconf 82' lang='grc' dir='ltr'>διακόνου,</span> <span class='ocrx_word' id='word_1_65' title='bbox 450 532 468 565; x_wconf 81' lang='grc' dir='ltr'>ἣ</span> <span class='ocrx_word' id='word_1_66' title='bbox 497 530 680 571; x_wconf 75' lang='grc' dir='ltr'>πρεσϐυτέρου,</span> <span class='ocrx_word' id='word_1_67' title='bbox 709 533 755 560; x_wconf 78' lang='grc' dir='ltr'>οὐκ</span> <span class='ocrx_word' id='word_1_68' title='bbox 774 532 821 560; x_wconf 73' lang='grc' dir='ltr'>ἔτι.</span> <span class='ocrx_word' id='word_1_69' title='bbox 853 534 911 560; x_wconf 83' lang='grc' dir='ltr'><strong>Τῶν</strong></span> 
     </span>
    </p>
   </div>
   <div class='ocr_carea' id='block_1_13' title="bbox 86 575 909 617">
    <p class='ocr_par' dir='ltr' id='par_1_13' title="bbox 86 575 909 617">
     <span class='ocr_line' id='line_1_13' title="bbox 86 575 909 617; baseline -0.004 -11"><span class='ocrx_word' id='word_1_70' title='bbox 86 579 139 617; x_wconf 78' lang='grc' dir='ltr'><strong>γὰρ</strong></span> <span class='ocrx_word' id='word_1_71' title='bbox 159 578 308 616; x_wconf 80' lang='grc' dir='ltr'><strong>ἱερωμένων</strong></span> <span class='ocrx_word' id='word_1_72' title='bbox 333 577 391 608; x_wconf 77' lang='grc' dir='ltr'>τοὺς</span> <span class='ocrx_word' id='word_1_73' title='bbox 413 577 478 616; x_wconf 76' lang='grc' dir='ltr'>πρὸς</span> <span class='ocrx_word' id='word_1_74' title='bbox 502 577 587 615; x_wconf 86' lang='grc' dir='ltr'>γάμον</span> <span class='ocrx_word' id='word_1_75' title='bbox 622 575 787 608; x_wconf 77' lang='grc' dir='ltr'>ἐκκλίνοντας</span> <span class='ocrx_word' id='word_1_76' title='bbox 815 577 909 604; x_wconf 81' lang='grc' dir='ltr'>καθαι-</span> 
     </span>
    </p>
   </div>
   <div class='ocr_carea' id='block_1_14' title="bbox 86 621 910 662">
    <p class='ocr_par' dir='ltr' id='par_1_14' title="bbox 86 621 910 662">
     <span class='ocr_line' id='line_1_14' title="bbox 86 621 910 662; baseline -0.004 -11"><span class='ocrx_word' id='word_1_77' title='bbox 86 627 176 662; x_wconf 74' lang='grc' dir='ltr'>ροῦσιν</span> <span class='ocrx_word' id='word_1_78' title='bbox 205 623 276 654; x_wconf 68' lang='grc' dir='ltr'>εὖθύς</span> <span class='ocrx_word' id='word_1_79' title='bbox 322 623 370 650; x_wconf 76' lang='grc' dir='ltr'><strong>Καὶ</strong></span> <span class='ocrx_word' id='word_1_80' title='bbox 404 623 418 650; x_wconf 85' lang='grc' dir='ltr'>ὁ</span> <span class='ocrx_word' id='word_1_81' title='bbox 459 624 562 661; x_wconf 84' lang='grc' dir='ltr'>πρῶτος</span> <span class='ocrx_word' id='word_1_82' title='bbox 593 621 642 660; x_wconf 74' lang='grc' dir='ltr'><strong>γὰρ</strong></span> <span class='ocrx_word' id='word_1_83' title='bbox 670 623 718 654; x_wconf 79' lang='grc' dir='ltr'>τῆς</span> <span class='ocrx_word' id='word_1_84' title='bbox 762 627 910 650; x_wconf 79' lang='grc' dir='ltr'>Νεοκαισα-</span> 
     </span>
    </p>
   </div>
   <div class='ocr_carea' id='block_1_15' title="bbox 87 663 911 707">
    <p class='ocr_par' dir='ltr' id='par_1_15' title="bbox 87 663 911 707">
     <span class='ocr_line' id='line_1_15' title="bbox 87 663 911 707; baseline -0.004 -12"><span class='ocrx_word' id='word_1_85' title='bbox 87 668 156 707; x_wconf 74' lang='grc' dir='ltr'>ρείᾳ,</span> <span class='ocrx_word' id='word_1_86' title='bbox 186 668 230 695; x_wconf 77' lang='grc' dir='ltr'>τὸν</span> <span class='ocrx_word' id='word_1_87' title='bbox 258 666 334 700; x_wconf 81' lang='grc' dir='ltr'>δῆθεν</span> <span class='ocrx_word' id='word_1_88' title='bbox 349 666 466 704; x_wconf 80' lang='grc' dir='ltr'>νομίμως</span> <span class='ocrx_word' id='word_1_89' title='bbox 493 666 595 704; x_wconf 62' lang='grc' dir='ltr'>γυναικὶ</span> <span class='ocrx_word' id='word_1_90' title='bbox 617 663 911 707; x_wconf 20' lang='grc' dir='ltr'>σαναφθένταλπρεσϐύ-</span> 
     </span>
    </p>
   </div>
   <div class='ocr_carea' id='block_1_16' title="bbox 85 705 912 751">
    <p class='ocr_par' dir='ltr' id='par_1_16' title="bbox 85 705 912 751">
     <span class='ocr_line' id='line_1_16' title="bbox 88 705 881 720; baseline -0.005 2"><span class='ocrx_word' id='word_1_91' title='bbox 88 705 92 707; x_wconf 26' lang='grc' dir='ltr'><strong>Ἴ</strong></span> <span class='ocrx_word' id='word_1_92' title='bbox 149 705 154 707; x_wconf 83' lang='grc'><em>”</em></span> <span class='ocrx_word' id='word_1_93' title='bbox 195 712 208 717; x_wconf 64' lang='grc' dir='ltr'><strong>ι-</strong></span> <span class='ocrx_word' id='word_1_94' title='bbox 608 709 620 719; x_wconf 78' lang='grc' dir='ltr'><strong>ν</strong></span> <span class='ocrx_word' id='word_1_95' title='bbox 648 708 668 719; x_wconf 66' lang='lat' dir='ltr'><strong>m</strong></span> <span class='ocrx_word' id='word_1_96' title='bbox 705 713 717 718; x_wconf 80' lang='grc'><strong>..</strong></span> <span class='ocrx_word' id='word_1_97' title='bbox 787 705 791 713; x_wconf 79' lang='grc'><strong><em>¹</em></strong></span> <span class='ocrx_word' id='word_1_98' title='bbox 860 708 881 720; x_wconf 65' lang='lat' dir='ltr'><strong>m</strong></span> 
     </span>
     <span class='ocr_line' id='line_1_17' title="bbox 85 710 912 751; baseline -0.004 -11"><span class='ocrx_word' id='word_1_99' title='bbox 85 723 163 751; x_wconf 88' lang='grc' dir='ltr'>τερον</span> <span class='ocrx_word' id='word_1_100' title='bbox 177 723 226 745; x_wconf 83' lang='grc' dir='ltr'><strong>της</strong></span> <span class='ocrx_word' id='word_1_101' title='bbox 241 712 381 751; x_wconf 76' lang='grc' dir='ltr'><strong>ἱερωσύνης</strong></span> <span class='ocrx_word' id='word_1_102' title='bbox 403 710 564 749; x_wconf 68' lang='grc' dir='ltr'>ἇπογυμνοῖ.</span> <span class='ocrx_word' id='word_1_103' title='bbox 585 714 617 738; x_wconf 92' lang='grc' dir='ltr'>Οι</span> <span class='ocrx_word' id='word_1_104' title='bbox 645 720 672 737; x_wconf 79' lang='grc' dir='ltr'><strong>οε</strong></span> <span class='ocrx_word' id='word_1_105' title='bbox 687 722 735 743; x_wconf 86' lang='grc' dir='ltr'><strong>της</strong></span> <span class='ocrx_word' id='word_1_106' title='bbox 751 711 782 747; x_wconf 73' lang='grc' dir='ltr'><em>ς</em></span> <span class='ocrx_word' id='word_1_107' title='bbox 806 717 912 738; x_wconf 76' lang='grc' dir='ltr'>συνοοου</span> 
     </span>
    </p>
   </div>
   <div class='ocr_carea' id='block_1_17' title="bbox 85 753 912 795">
    <p class='ocr_par' dir='ltr' id='par_1_17' title="bbox 85 753 912 795">
     <span class='ocr_line' id='line_1_18' title="bbox 85 753 912 795; baseline -0.005 -10"><span class='ocrx_word' id='word_1_108' title='bbox 85 759 156 785; x_wconf 80' lang='grc' dir='ltr'><strong>Θεῖοι</strong></span> <span class='ocrx_word' id='word_1_109' title='bbox 174 755 286 795; x_wconf 82' lang='grc' dir='ltr'>Πατέρες</span> <span class='ocrx_word' id='word_1_110' title='bbox 302 754 491 794; x_wconf 82' lang='grc' dir='ltr'>ἀνατρέποντες</span> <span class='ocrx_word' id='word_1_111' title='bbox 512 755 542 782; x_wconf 81' lang='grc' dir='ltr'>τὸ</span> <span class='ocrx_word' id='word_1_112' title='bbox 553 755 581 781; x_wconf 72' lang='grc' dir='ltr'>ὲν</span> <span class='ocrx_word' id='word_1_113' title='bbox 603 756 637 791; x_wconf 81' lang='grc' dir='ltr'><strong>τῇ</strong></span> <span class='ocrx_word' id='word_1_114' title='bbox 662 758 778 782; x_wconf 81' lang='grc' dir='ltr'>Λατινων</span> <span class='ocrx_word' id='word_1_115' title='bbox 794 753 912 787; x_wconf 85' lang='grc' dir='ltr'>Ἐκκλη-</span> 
     </span>
    </p>
   </div>
   <div class='ocr_carea' id='block_1_18' title="bbox 87 798 914 839">
    <p class='ocr_par' dir='ltr' id='par_1_18' title="bbox 87 798 914 839">
     <span class='ocr_line' id='line_1_19' title="bbox 87 798 914 839; baseline -0.004 -11"><span class='ocrx_word' id='word_1_116' title='bbox 87 801 132 836; x_wconf 77' lang='grc' dir='ltr'>σίᾳ</span> <span class='ocrx_word' id='word_1_117' title='bbox 145 799 278 839; x_wconf 70' lang='grc' dir='ltr'>κρατῆσαν</span> <span class='ocrx_word' id='word_1_118' title='bbox 307 799 374 838; x_wconf 76' lang='grc' dir='ltr'>ἔθος,</span> <span class='ocrx_word' id='word_1_119' title='bbox 402 799 432 825; x_wconf 80' lang='grc' dir='ltr'>τὸ</span> <span class='ocrx_word' id='word_1_120' title='bbox 459 798 519 830; x_wconf 76' lang='grc' dir='ltr'>τοὺς</span> <span class='ocrx_word' id='word_1_121' title='bbox 555 798 802 837; x_wconf 76' lang='grc' dir='ltr'>χειροτονουμὲνους</span> <span class='ocrx_word' id='word_1_122' title='bbox 830 798 914 837; x_wconf 74' lang='grc' dir='ltr'>ἱερέας</span> 
     </span>
    </p>
   </div>
   <div class='ocr_carea' id='block_1_19' title="bbox 85 841 915 882">
    <p class='ocr_par' dir='ltr' id='par_1_19' title="bbox 85 841 915 882">
     <span class='ocr_line' id='line_1_20' title="bbox 85 841 915 882; baseline -0.004 -10"><span class='ocrx_word' id='word_1_123' title='bbox 85 856 116 872; x_wconf 84' lang='grc' dir='ltr'>τε</span> <span class='ocrx_word' id='word_1_124' title='bbox 139 845 184 872; x_wconf 82' lang='grc' dir='ltr'><strong>καὶ</strong></span> <span class='ocrx_word' id='word_1_125' title='bbox 198 843 333 875; x_wconf 81' lang='grc' dir='ltr'>διακόνοτς</span> <span class='ocrx_word' id='word_1_126' title='bbox 353 843 453 873; x_wconf 78' lang='grc' dir='ltr'><strong>πίστεις</strong></span> <span class='ocrx_word' id='word_1_127' title='bbox 469 842 594 882; x_wconf 84' lang='grc' dir='ltr'>πρότερον</span> <span class='ocrx_word' id='word_1_128' title='bbox 622 841 730 881; x_wconf 78' lang='grc' dir='ltr'>διδόναι,</span> <span class='ocrx_word' id='word_1_129' title='bbox 756 842 773 875; x_wconf 79' lang='grc' dir='ltr'>ἧ</span> <span class='ocrx_word' id='word_1_130' title='bbox 799 843 852 879; x_wconf 76' lang='grc' dir='ltr'>μὴν</span> <span class='ocrx_word' id='word_1_131' title='bbox 873 852 915 869; x_wconf 87' lang='grc' dir='ltr'>τε-</span> 
     </span>
    </p>
   </div>
   <div class='ocr_carea' id='block_1_20' title="bbox 991 307 1772 348">
    <p class='ocr_par' dir='ltr' id='par_1_20' title="bbox 991 307 1772 348">
     <span class='ocr_line' id='line_1_21' title="bbox 991 307 1772 348; baseline 0 -10"><span class='ocrx_word' id='word_1_132' title='bbox 991 307 1089 339; x_wconf 91' lang='lat' dir='ltr'><strong>Canon</strong></span> <span class='ocrx_word' id='word_1_133' title='bbox 1117 316 1184 339; x_wconf 79' lang='lat' dir='ltr'><strong>xxvt</strong></span> <span class='ocrx_word' id='word_1_134' title='bbox 1207 312 1379 339; x_wconf 86' lang='lat' dir='ltr'><strong>sanctorum</strong></span> <span class='ocrx_word' id='word_1_135' title='bbox 1397 307 1611 348; x_wconf 74' lang='lat' dir='ltr'><strong>apostolorum,</strong></span> <span class='ocrx_word' id='word_1_136' title='bbox 1629 311 1659 339; x_wconf 90' lang='lat' dir='ltr'><strong>et</strong></span> <span class='ocrx_word' id='word_1_137' title='bbox 1673 312 1772 339; x_wconf 83' lang='lat' dir='ltr'><strong>sextus</strong></span> 
     </span>
    </p>
   </div>
   <div class='ocr_carea' id='block_1_21' title="bbox 951 351 1771 393">
    <p class='ocr_par' dir='ltr' id='par_1_21' title="bbox 951 351 1771 393">
     <span class='ocr_line' id='line_1_22' title="bbox 951 351 1771 393; baseline 0.002 -11"><span class='ocrx_word' id='word_1_138' title='bbox 951 351 1055 391; x_wconf 81' lang='lat' dir='ltr'><strong>synodi</strong></span> <span class='ocrx_word' id='word_1_139' title='bbox 1068 358 1169 389; x_wconf 67' lang='lat' dir='ltr'><strong>sextae,</strong></span> <span class='ocrx_word' id='word_1_140' title='bbox 1183 356 1211 383; x_wconf 92' lang='lat' dir='ltr'><strong>et</strong></span> <span class='ocrx_word' id='word_1_141' title='bbox 1223 360 1270 382; x_wconf 81' lang='lat' dir='ltr'><strong>xvt</strong></span> <span class='ocrx_word' id='word_1_142' title='bbox 1286 352 1405 383; x_wconf 82' lang='lat' dir='ltr'><strong>concilii</strong></span> <span class='ocrx_word' id='word_1_143' title='bbox 1421 351 1684 391; x_wconf 81' lang='lat' dir='ltr'><strong>Carthaginiensis,</strong></span> <span class='ocrx_word' id='word_1_144' title='bbox 1702 361 1771 393; x_wconf 89' lang='lat' dir='ltr'><strong>per-</strong></span> 
     </span>
    </p>
   </div>
   <div class='ocr_carea' id='block_1_22' title="bbox 952 396 1772 436">
    <p class='ocr_par' dir='ltr' id='par_1_22' title="bbox 952 396 1772 436">
     <span class='ocr_line' id='line_1_23' title="bbox 952 396 1772 436; baseline 0.002 -10"><span class='ocrx_word' id='word_1_145' title='bbox 952 396 1070 426; x_wconf 90' lang='lat' dir='ltr'><strong>mittunt</strong></span> <span class='ocrx_word' id='word_1_146' title='bbox 1082 396 1130 433; x_wconf 86' lang='lat' dir='ltr'><strong>iis,</strong></span> <span class='ocrx_word' id='word_1_147' title='bbox 1144 396 1194 436; x_wconf 90' lang='lat' dir='ltr'><strong>qui</strong></span> <span class='ocrx_word' id='word_1_148' title='bbox 1202 396 1487 432; x_wconf 88' lang='lat' dir='ltr'><strong>clerocontinentur.</strong></span> <span class='ocrx_word' id='word_1_149' title='bbox 1500 401 1528 427; x_wconf 91' lang='lat' dir='ltr'><strong>et</strong></span> <span class='ocrx_word' id='word_1_150' title='bbox 1538 396 1635 427; x_wconf 81' lang='lat' dir='ltr'><strong>adhuc</strong></span> <span class='ocrx_word' id='word_1_151' title='bbox 1646 397 1772 428; x_wconf 76' lang='lat' dir='ltr'><strong>lectores</strong></span> 
     </span>
    </p>
   </div>
   <div class='ocr_carea' id='block_1_23' title="bbox 952 440 1771 481">
    <p class='ocr_par' dir='ltr' id='par_1_23' title="bbox 952 440 1771 481">
     <span class='ocr_line' id='line_1_24' title="bbox 952 440 1771 481; baseline 0.002 -12"><span class='ocrx_word' id='word_1_152' title='bbox 952 444 980 469; x_wconf 94' lang='lat' dir='ltr'><strong>et</strong></span> <span class='ocrx_word' id='word_1_153' title='bbox 995 444 1131 471; x_wconf 86' lang='lat' dir='ltr'><strong>cantores</strong></span> <span class='ocrx_word' id='word_1_154' title='bbox 1148 445 1226 477; x_wconf 88' lang='lat' dir='ltr'><strong>sunt,</strong></span> <span class='ocrx_word' id='word_1_155' title='bbox 1247 445 1277 471; x_wconf 91' lang='lat' dir='ltr'><strong>ut</strong></span> <span class='ocrx_word' id='word_1_156' title='bbox 1290 440 1436 480; x_wconf 79' lang='lat' dir='ltr'><strong>legitimas</strong></span> <span class='ocrx_word' id='word_1_157' title='bbox 1452 440 1569 481; x_wconf 89' lang='lat' dir='ltr'><strong>nuptias</strong></span> <span class='ocrx_word' id='word_1_158' title='bbox 1584 442 1771 473; x_wconf 77' lang='lat' dir='ltr'><strong>contrahant.</strong></span> 
     </span>
    </p>
   </div>
   <div class='ocr_carea' id='block_1_24' title="bbox 952 483 1772 525">
    <p class='ocr_par' dir='ltr' id='par_1_24' title="bbox 952 483 1772 525">
     <span class='ocr_line' id='line_1_25' title="bbox 952 483 1772 525; baseline 0.004 -11"><span class='ocrx_word' id='word_1_159' title='bbox 952 483 1061 514; x_wconf 89' lang='lat' dir='ltr'><strong>Verum</strong></span> <span class='ocrx_word' id='word_1_160' title='bbox 1079 494 1137 515; x_wconf 90' lang='lat' dir='ltr'><strong>non</strong></span> <span class='ocrx_word' id='word_1_161' title='bbox 1165 485 1304 525; x_wconf 83' lang='lat' dir='ltr'><strong>amplius,</strong></span> <span class='ocrx_word' id='word_1_162' title='bbox 1335 489 1487 525; x_wconf 75' lang='lat' dir='ltr'><strong>postquam</strong></span> <span class='ocrx_word' id='word_1_163' title='bbox 1516 486 1646 525; x_wconf 88' lang='lat' dir='ltr'><strong>provecti</strong></span> <span class='ocrx_word' id='word_1_164' title='bbox 1662 486 1772 517; x_wconf 77' lang='lat' dir='ltr'><strong>fuerint</strong></span> 
     </span>
    </p>
   </div>
   <div class='ocr_carea' id='block_1_25' title="bbox 951 528 1769 572">
    <p class='ocr_par' dir='ltr' id='par_1_25' title="bbox 951 528 1769 572">
     <span class='ocr_line' id='line_1_26' title="bbox 951 528 1769 572; baseline 0.005 -14"><span class='ocrx_word' id='word_1_165' title='bbox 951 528 992 572; x_wconf 68' lang='lat' dir='ltr'><strong>ad</strong></span> <span class='ocrx_word' id='word_1_166' title='bbox 999 529 1122 568; x_wconf 83' lang='lat' dir='ltr'><strong>gradum</strong></span> <span class='ocrx_word' id='word_1_167' title='bbox 1131 528 1316 566; x_wconf 84' lang='lat' dir='ltr'><strong>subdiaconi,</strong></span> <span class='ocrx_word' id='word_1_168' title='bbox 1326 528 1509 567; x_wconf 87' lang='lat' dir='ltr'><strong>veldiaconi,</strong></span> <span class='ocrx_word' id='word_1_169' title='bbox 1526 530 1571 560; x_wconf 88' lang='lat' dir='ltr'><strong>vel</strong></span> <span class='ocrx_word' id='word_1_170' title='bbox 1588 530 1769 570; x_wconf 77' lang='lat' dir='ltr'><strong>presbyteri.</strong></span> 
     </span>
    </p>
   </div>
   <div class='ocr_carea' id='block_1_26' title="bbox 952 572 1770 614">
    <p class='ocr_par' dir='ltr' id='par_1_26' title="bbox 952 572 1770 614">
     <span class='ocr_line' id='line_1_27' title="bbox 952 572 1770 614; baseline 0.002 -10"><span class='ocrx_word' id='word_1_171' title='bbox 952 572 1025 604; x_wconf 89' lang='lat' dir='ltr'><strong>Nam</strong></span> <span class='ocrx_word' id='word_1_172' title='bbox 1036 573 1166 604; x_wconf 84' lang='lat' dir='ltr'><strong>initiatos</strong></span> <span class='ocrx_word' id='word_1_173' title='bbox 1179 573 1357 612; x_wconf 87' lang='lat' dir='ltr'><strong>sacerdotio,</strong></span> <span class='ocrx_word' id='word_1_174' title='bbox 1371 574 1421 614; x_wconf 88' lang='lat' dir='ltr'><strong>qui</strong></span> <span class='ocrx_word' id='word_1_175' title='bbox 1433 573 1469 604; x_wconf 90' lang='lat' dir='ltr'><strong>ad</strong></span> <span class='ocrx_word' id='word_1_176' title='bbox 1482 574 1703 606; x_wconf 86' lang='lat' dir='ltr'><strong>matrimonium</strong></span> <span class='ocrx_word' id='word_1_177' title='bbox 1715 576 1770 606; x_wconf 91' lang='lat' dir='ltr'><strong>de-</strong></span> 
     </span>
    </p>
   </div>
   <div class='ocr_carea' id='block_1_27' title="bbox 952 617 1771 658">
    <p class='ocr_par' dir='ltr' id='par_1_27' title="bbox 952 617 1771 658">
     <span class='ocr_line' id='line_1_28' title="bbox 952 617 1771 658; baseline 0.004 -10"><span class='ocrx_word' id='word_1_178' title='bbox 952 618 1084 655; x_wconf 82' lang='lat' dir='ltr'><strong>ﬂectunt,</strong></span> <span class='ocrx_word' id='word_1_179' title='bbox 1096 618 1192 648; x_wconf 86' lang='lat' dir='ltr'><strong>statim</strong></span> <span class='ocrx_word' id='word_1_180' title='bbox 1204 617 1352 649; x_wconf 83' lang='lat' dir='ltr'><strong>abdicant.</strong></span> <span class='ocrx_word' id='word_1_181' title='bbox 1368 617 1460 648; x_wconf 85' lang='lat' dir='ltr'><strong>Etiam</strong></span> <span class='ocrx_word' id='word_1_182' title='bbox 1473 619 1585 658; x_wconf 90' lang='lat' dir='ltr'><strong>primus</strong></span> <span class='ocrx_word' id='word_1_183' title='bbox 1598 628 1691 651; x_wconf 88' lang='lat' dir='ltr'><strong>canon</strong></span> <span class='ocrx_word' id='word_1_184' title='bbox 1704 629 1771 651; x_wconf 91' lang='lat' dir='ltr'><strong>con-</strong></span> 
     </span>
    </p>
   </div>
   <div class='ocr_carea' id='block_1_28' title="bbox 953 662 1773 703">
    <p class='ocr_par' dir='ltr' id='par_1_28' title="bbox 953 662 1773 703">
     <span class='ocr_line' id='line_1_29' title="bbox 953 662 1773 703; baseline 0.004 -11"><span class='ocrx_word' id='word_1_185' title='bbox 953 662 1014 692; x_wconf 87' lang='lat' dir='ltr'><strong>cilii</strong></span> <span class='ocrx_word' id='word_1_186' title='bbox 1042 662 1292 693; x_wconf 74' lang='lat' dir='ltr'><strong>Neocaesariensis</strong></span> <span class='ocrx_word' id='word_1_187' title='bbox 1319 662 1534 702; x_wconf 83' lang='lat' dir='ltr'><strong>presbyterum,</strong></span> <span class='ocrx_word' id='word_1_188' title='bbox 1564 663 1614 703; x_wconf 86' lang='lat' dir='ltr'><strong>qui</strong></span> <span class='ocrx_word' id='word_1_189' title='bbox 1643 664 1773 703; x_wconf 71' lang='lat' dir='ltr'><strong>legitime</strong></span> 
     </span>
    </p>
   </div>
   <div class='ocr_carea' id='block_1_29' title="bbox 953 706 1773 746">
    <p class='ocr_par' dir='ltr' id='par_1_29' title="bbox 953 706 1773 746">
     <span class='ocr_line' id='line_1_30' title="bbox 953 706 1773 746; baseline 0.004 -10"><span class='ocrx_word' id='word_1_190' title='bbox 953 707 1109 746; x_wconf 87' lang='lat' dir='ltr'><strong>copulatus</strong></span> <span class='ocrx_word' id='word_1_191' title='bbox 1125 706 1209 737; x_wconf 82' lang='lat' dir='ltr'><strong>uxori</strong></span> <span class='ocrx_word' id='word_1_192' title='bbox 1227 706 1327 743; x_wconf 82' lang='lat' dir='ltr'><strong>fuerit,</strong></span> <span class='ocrx_word' id='word_1_193' title='bbox 1349 707 1517 738; x_wconf 69' lang='lat' dir='ltr'><strong>sacer-(latio</strong></span> <span class='ocrx_word' id='word_1_194' title='bbox 1541 708 1635 740; x_wconf 82' lang='lat' dir='ltr'><strong>exuit.</strong></span> <span class='ocrx_word' id='word_1_195' title='bbox 1663 708 1773 739; x_wconf 88' lang='lat' dir='ltr'><strong>Verum</strong></span> 
     </span>
    </p>
   </div>
   <div class='ocr_carea' id='block_1_30' title="bbox 954 750 1772 784">
    <p class='ocr_par' dir='ltr' id='par_1_30' title="bbox 954 750 1772 784">
     <span class='ocr_line' id='line_1_31' title="bbox 954 750 1772 784; baseline 0.004 -3"><span class='ocrx_word' id='word_1_196' title='bbox 954 751 1029 782; x_wconf 88' lang='lat' dir='ltr'><strong>sexti</strong></span> <span class='ocrx_word' id='word_1_197' title='bbox 1044 751 1162 782; x_wconf 89' lang='lat' dir='ltr'><strong>concilii</strong></span> <span class='ocrx_word' id='word_1_198' title='bbox 1186 750 1278 781; x_wconf 85' lang='lat' dir='ltr'><strong>divini</strong></span> <span class='ocrx_word' id='word_1_199' title='bbox 1307 752 1406 781; x_wconf 86' lang='lat' dir='ltr'><strong>Patres</strong></span> <span class='ocrx_word' id='word_1_200' title='bbox 1434 761 1498 781; x_wconf 90' lang='lat' dir='ltr'><strong>eam</strong></span> <span class='ocrx_word' id='word_1_201' title='bbox 1527 753 1772 784; x_wconf 85' lang='lat' dir='ltr'><strong>consuetudinem</strong></span> 
     </span>
    </p>
   </div>
   <div class='ocr_carea' id='block_1_31' title="bbox 955 794 1772 836">
    <p class='ocr_par' dir='ltr' id='par_1_31' title="bbox 955 794 1772 836">
     <span class='ocr_line' id='line_1_32' title="bbox 955 794 1772 836; baseline 0.004 -11"><span class='ocrx_word' id='word_1_202' title='bbox 955 794 1120 836; x_wconf 82' lang='lat' dir='ltr'><strong>abolentes,</strong></span> <span class='ocrx_word' id='word_1_203' title='bbox 1132 805 1196 835; x_wconf 72' lang='lat' dir='ltr'><strong>qua:</strong></span> <span class='ocrx_word' id='word_1_204' title='bbox 1208 795 1237 825; x_wconf 91' lang='lat' dir='ltr'><strong>in</strong></span> <span class='ocrx_word' id='word_1_205' title='bbox 1246 795 1378 826; x_wconf 62' lang='lat' dir='ltr'><strong>Ecclesia</strong></span> <span class='ocrx_word' id='word_1_206' title='bbox 1391 795 1558 826; x_wconf 82' lang='lat' dir='ltr'><strong>Latinorum</strong></span> <span class='ocrx_word' id='word_1_207' title='bbox 1580 796 1712 834; x_wconf 85' lang='lat' dir='ltr'><strong>invaluit,</strong></span> <span class='ocrx_word' id='word_1_208' title='bbox 1728 799 1772 828; x_wconf 91' lang='lat' dir='ltr'><strong>vi-</strong></span> 
     </span>
    </p>
   </div>
   <div class='ocr_carea' id='block_1_32' title="bbox 956 839 1773 880">
    <p class='ocr_par' dir='ltr' id='par_1_32' title="bbox 956 839 1773 880">
     <span class='ocr_line' id='line_1_33' title="bbox 956 839 1773 880; baseline 0.005 -11"><span class='ocrx_word' id='word_1_209' title='bbox 956 839 1066 870; x_wconf 90' lang='lat' dir='ltr'><strong>delicet</strong></span> <span class='ocrx_word' id='word_1_210' title='bbox 1081 844 1111 871; x_wconf 94' lang='lat' dir='ltr'><strong>ut</strong></span> <span class='ocrx_word' id='word_1_211' title='bbox 1126 840 1296 870; x_wconf 87' lang='lat' dir='ltr'><strong>sacerdotes</strong></span> <span class='ocrx_word' id='word_1_212' title='bbox 1325 843 1354 870; x_wconf 89' lang='lat' dir='ltr'><strong>et</strong></span> <span class='ocrx_word' id='word_1_213' title='bbox 1379 839 1508 877; x_wconf 88' lang='lat' dir='ltr'><strong>diaconi,</strong></span> <span class='ocrx_word' id='word_1_214' title='bbox 1525 840 1575 880; x_wconf 91' lang='lat' dir='ltr'><strong>qui</strong></span> <span class='ocrx_word' id='word_1_215' title='bbox 1589 841 1773 879; x_wconf 85' lang='lat' dir='ltr'><strong>ordinantur,</strong></span> 
     </span>
    </p>
   </div>
   <div class='ocr_carea' id='block_1_33' title="bbox 88 883 909 926">
    <p class='ocr_par' dir='ltr' id='par_1_33' title="bbox 88 885 909 926">
     <span class='ocr_line' id='line_1_34' title="bbox 88 885 909 926; baseline -0.002 -10"><span class='ocrx_word' id='word_1_216' title='bbox 88 889 158 920; x_wconf 81' lang='grc' dir='ltr'>λέως</span> <span class='ocrx_word' id='word_1_217' title='bbox 182 888 247 923; x_wconf 71' lang='grc' dir='ltr'>μετὰ</span> <span class='ocrx_word' id='word_1_218' title='bbox 273 887 322 920; x_wconf 70' lang='grc' dir='ltr'><strong>τὴν</strong></span> <span class='ocrx_word' id='word_1_219' title='bbox 342 887 506 926; x_wconf 76' lang='grc' dir='ltr'>χειροτονίαν</span> <span class='ocrx_word' id='word_1_220' title='bbox 529 885 664 925; x_wconf 71' lang='grc' dir='ltr'>ἀφέξεσθαι</span> <span class='ocrx_word' id='word_1_221' title='bbox 688 890 740 914; x_wconf 85' lang='grc' dir='ltr'>τῶν</span> <span class='ocrx_word' id='word_1_222' title='bbox 771 887 820 925; x_wconf 79' lang='grc' dir='ltr'><strong>πρὸ</strong></span> <span class='ocrx_word' id='word_1_223' title='bbox 847 886 909 914; x_wconf 73' lang='grc' dir='ltr'>ταύ-</span> 
     </span>
    </p>
   </div>
   <div class='ocr_carea' id='block_1_34' title="bbox 991 883 1773 926">
    <p class='ocr_par' dir='ltr' id='par_1_34' title="bbox 992 883 1773 924">
     <span class='ocr_line' id='line_1_35' title="bbox 992 883 1773 924; baseline 0.005 -11"><span class='ocrx_word' id='word_1_224' title='bbox 992 883 1037 913; x_wconf 92' lang='lat' dir='ltr'><strong>ius</strong></span> <span class='ocrx_word' id='word_1_225' title='bbox 1054 884 1140 914; x_wconf 84' lang='lat' dir='ltr'><strong>ﬁdem</strong></span> <span class='ocrx_word' id='word_1_226' title='bbox 1157 884 1238 921; x_wconf 83' lang='lat' dir='ltr'><strong>dent,</strong></span> <span class='ocrx_word' id='word_1_227' title='bbox 1255 884 1332 924; x_wconf 91' lang='lat' dir='ltr'><strong>quod</strong></span> <span class='ocrx_word' id='word_1_228' title='bbox 1344 884 1465 914; x_wconf 90' lang='lat' dir='ltr'><strong>omnino</strong></span> <span class='ocrx_word' id='word_1_229' title='bbox 1477 888 1543 924; x_wconf 91' lang='lat' dir='ltr'><strong>post</strong></span> <span class='ocrx_word' id='word_1_230' title='bbox 1556 885 1773 917; x_wconf 87' lang='lat' dir='ltr'><strong>ordinationem</strong></span> 
     </span>
    </p>
   </div>
   <div class='ocr_carea' id='block_1_35' title="bbox 89 927 912 970">
    <p class='ocr_par' dir='ltr' id='par_1_35' title="bbox 89 927 912 970">
     <span class='ocr_line' id='line_1_36' title="bbox 89 927 912 970; baseline -0.001 -10"><span class='ocrx_word' id='word_1_231' title='bbox 89 945 141 967; x_wconf 82' lang='grc' dir='ltr'><strong>της</strong></span> <span class='ocrx_word' id='word_1_232' title='bbox 156 933 275 970; x_wconf 79' lang='grc' dir='ltr'>νομίμως</span> <span class='ocrx_word' id='word_1_233' title='bbox 300 933 492 970; x_wconf 76' lang='grc' dir='ltr'>σνζευχθεισῶν</span> <span class='ocrx_word' id='word_1_234' title='bbox 516 931 607 963; x_wconf 73' lang='grc' dir='ltr'>αὺτοῖς</span> <span class='ocrx_word' id='word_1_235' title='bbox 635 935 765 969; x_wconf 84' lang='grc' dir='ltr'>γυναικῶν</span> <span class='ocrx_word' id='word_1_236' title='bbox 782 939 789 946; x_wconf 86' lang='grc'><strong>·</strong></span> <span class='ocrx_word' id='word_1_237' title='bbox 808 927 912 968; x_wconf 76' lang='grc' dir='ltr'>Ἡμεῖς,</span> 
     </span>
    </p>
   </div>
   <div class='ocr_carea' id='block_1_36' title="bbox 88 974 915 1018">
    <p class='ocr_par' dir='ltr' id='par_1_36' title="bbox 88 974 915 1018">
     <span class='ocr_line' id='line_1_37' title="bbox 88 974 915 1018; baseline -0.004 -12"><span class='ocrx_word' id='word_1_238' title='bbox 88 979 166 1018; x_wconf 54' lang='lat' dir='ltr'><strong>913i,</strong></span> <span class='ocrx_word' id='word_1_239' title='bbox 193 978 236 1005; x_wconf 84' lang='grc' dir='ltr'><strong>καὶ</strong></span> <span class='ocrx_word' id='word_1_240' title='bbox 262 977 329 1014; x_wconf 78' lang='grc' dir='ltr'>μετὰ</span> <span class='ocrx_word' id='word_1_241' title='bbox 363 976 412 1009; x_wconf 76' lang='grc' dir='ltr'>τὴν</span> <span class='ocrx_word' id='word_1_242' title='bbox 443 975 607 1014; x_wconf 66' lang='grc' dir='ltr'>χειροτονίαν</span> <span class='ocrx_word' id='word_1_243' title='bbox 633 974 757 1014; x_wconf 67' lang='grc' dir='ltr'>ἐρρῶσθαι</span> <span class='ocrx_word' id='word_1_244' title='bbox 784 976 816 1003; x_wconf 70' lang='grc' dir='ltr'>τὰ</span> <span class='ocrx_word' id='word_1_245' title='bbox 831 986 915 1003; x_wconf 86' lang='grc' dir='ltr'>συνοι-</span> 
     </span>
    </p>
   </div>
   <div class='ocr_carea' id='block_1_37' title="bbox 87 1019 913 1060">
    <p class='ocr_par' dir='ltr' id='par_1_37' title="bbox 87 1019 913 1060">
     <span class='ocr_line' id='line_1_38' title="bbox 87 1019 913 1060; baseline -0.006 -9"><span class='ocrx_word' id='word_1_246' title='bbox 87 1024 166 1051; x_wconf 76' lang='grc' dir='ltr'>κέσια</span> <span class='ocrx_word' id='word_1_247' title='bbox 195 1020 342 1060; x_wconf 71' lang='grc' dir='ltr'>βουλόμεθα</span> <span class='ocrx_word' id='word_1_248' title='bbox 377 1020 430 1048; x_wconf 81' lang='grc' dir='ltr'><strong>τῶν</strong></span> <span class='ocrx_word' id='word_1_249' title='bbox 452 1019 529 1051; x_wconf 78' lang='grc' dir='ltr'>ἀξίως</span> <span class='ocrx_word' id='word_1_250' title='bbox 550 1022 600 1052; x_wconf 76' lang='grc' dir='ltr'>τῆς</span> <span class='ocrx_word' id='word_1_251' title='bbox 623 1020 764 1058; x_wconf 78' lang='grc' dir='ltr'>ἱερωσύνης</span> <span class='ocrx_word' id='word_1_252' title='bbox 795 1019 913 1057; x_wconf 74' lang='grc' dir='ltr'>ἠξιωμέ-</span> 
     </span>
    </p>
   </div>
   <div class='ocr_carea' id='block_1_38' title="bbox 87 1063 914 1106">
    <p class='ocr_par' dir='ltr' id='par_1_38' title="bbox 87 1063 914 1106">
     <span class='ocr_line' id='line_1_39' title="bbox 87 1063 914 1106; baseline -0.005 -11"><span class='ocrx_word' id='word_1_253' title='bbox 87 1079 154 1106; x_wconf 77' lang='grc' dir='ltr'>νων,</span> <span class='ocrx_word' id='word_1_254' title='bbox 170 1066 216 1094; x_wconf 64' lang='grc' dir='ltr'>’ἵνα</span> <span class='ocrx_word' id='word_1_255' title='bbox 239 1066 278 1103; x_wconf 80' lang='grc' dir='ltr'><strong>μὴ</strong></span> <span class='ocrx_word' id='word_1_256' title='bbox 292 1065 338 1093; x_wconf 86' lang='grc' dir='ltr'>τὸν</span> <span class='ocrx_word' id='word_1_257' title='bbox 353 1063 528 1102; x_wconf 73' lang='grc' dir='ltr'>εὐλογηθέντα</span> <span class='ocrx_word' id='word_1_258' title='bbox 555 1067 588 1102; x_wconf 78' lang='grc' dir='ltr'>τῇ</span> <span class='ocrx_word' id='word_1_259' title='bbox 611 1067 656 1092; x_wconf 76' lang='grc' dir='ltr'>τοῦ</span> <span class='ocrx_word' id='word_1_260' title='bbox 681 1064 773 1102; x_wconf 80' lang='grc' dir='ltr'>Κυρίου</span> <span class='ocrx_word' id='word_1_261' title='bbox 787 1065 914 1103; x_wconf 77' lang='grc' dir='ltr'>παρουσίᾳ</span> 
     </span>
    </p>
   </div>
   <div class='ocr_carea' id='block_1_39' title="bbox 87 1108 915 1151">
    <p class='ocr_par' dir='ltr' id='par_1_39' title="bbox 87 1108 915 1151">
     <span class='ocr_line' id='line_1_40' title="bbox 87 1108 915 1151; baseline -0.002 -12"><span class='ocrx_word' id='word_1_262' title='bbox 87 1112 176 1151; x_wconf 81' lang='grc' dir='ltr'>γάμον</span> <span class='ocrx_word' id='word_1_263' title='bbox 205 1109 328 1147; x_wconf 74' lang='grc' dir='ltr'>λάτωμεν</span> <span class='ocrx_word' id='word_1_264' title='bbox 354 1108 511 1147; x_wconf 74' lang='grc' dir='ltr'>ὑϐρίζοντες,</span> <span class='ocrx_word' id='word_1_265' title='bbox 540 1108 583 1135; x_wconf 85' lang='grc' dir='ltr'><strong>καὶ</strong></span> <span class='ocrx_word' id='word_1_266' title='bbox 611 1108 719 1147; x_wconf 74' lang='grc' dir='ltr'>προσέτι</span> <span class='ocrx_word' id='word_1_267' title='bbox 745 1109 915 1148; x_wconf 56' lang='grc' dir='ltr'>ἀπορηναμέ-</span> 
     </span>
    </p>
   </div>
   <div class='ocr_carea' id='block_1_40' title="bbox 87 1151 910 1193">
    <p class='ocr_par' dir='ltr' id='par_1_40' title="bbox 87 1151 910 1193">
     <span class='ocr_line' id='line_1_41' title="bbox 87 1151 910 1193; baseline 0.006 -17"><span class='ocrx_word' id='word_1_268' title='bbox 87 1167 147 1192; x_wconf 68' lang='grc' dir='ltr'>νου,</span> <span class='ocrx_word' id='word_1_269' title='bbox 164 1155 181 1182; x_wconf 79' lang='grc' dir='ltr'>ἃ</span> <span class='ocrx_word' id='word_1_270' title='bbox 211 1155 225 1182; x_wconf 81' lang='grc' dir='ltr'>ὁ</span> <span class='ocrx_word' id='word_1_271' title='bbox 254 1155 318 1186; x_wconf 81' lang='grc' dir='ltr'>Θεὸς</span> <span class='ocrx_word' id='word_1_272' title='bbox 347 1151 502 1189; x_wconf 74' lang='grc' dir='ltr'>συνέζευξεν,</span> <span class='ocrx_word' id='word_1_273' title='bbox 534 1151 666 1189; x_wconf 77' lang='grc' dir='ltr'>ἄνθρωπος</span> <span class='ocrx_word' id='word_1_274' title='bbox 696 1153 734 1190; x_wconf 82' lang='grc' dir='ltr'><strong>μὴ</strong></span> <span class='ocrx_word' id='word_1_275' title='bbox 763 1153 910 1193; x_wconf 77' lang='grc' dir='ltr'>χῶριζέτω,</span> 
     </span>
    </p>
   </div>
   <div class='ocr_carea' id='block_1_41' title="bbox 90 1196 913 1238">
    <p class='ocr_par' dir='ltr' id='par_1_41' title="bbox 90 1196 913 1238">
     <span class='ocr_line' id='line_1_42' title="bbox 90 1196 913 1238; baseline -0.002 -11"><span class='ocrx_word' id='word_1_276' title='bbox 90 1201 141 1229; x_wconf 74' lang='grc' dir='ltr'>Καὶ</span> <span class='ocrx_word' id='word_1_277' title='bbox 156 1200 209 1237; x_wconf 77' lang='grc' dir='ltr'>μὴν</span> <span class='ocrx_word' id='word_1_278' title='bbox 231 1200 274 1226; x_wconf 84' lang='grc' dir='ltr'><strong>καὶ</strong></span> <span class='ocrx_word' id='word_1_279' title='bbox 295 1197 312 1226; x_wconf 81' lang='lat'><strong>6&#39;</strong></span> <span class='ocrx_word' id='word_1_280' title='bbox 337 1196 499 1228; x_wconf 84' lang='grc' dir='ltr'>Ἀπόστολος</span> <span class='ocrx_word' id='word_1_281' title='bbox 521 1196 607 1234; x_wconf 81' lang='grc' dir='ltr'>τίμιον</span> <span class='ocrx_word' id='word_1_282' title='bbox 624 1197 694 1238; x_wconf 79' lang='grc' dir='ltr'>εἶναι</span> <span class='ocrx_word' id='word_1_283' title='bbox 716 1197 787 1236; x_wconf 80' lang='grc' dir='ltr'>λέγει</span> <span class='ocrx_word' id='word_1_284' title='bbox 801 1199 846 1225; x_wconf 57' lang='grc' dir='ltr'><strong>τὸν</strong></span> <span class='ocrx_word' id='word_1_285' title='bbox 860 1198 913 1236; x_wconf 87' lang='grc' dir='ltr'>γά-</span> 
     </span>
    </p>
   </div>
   <div class='ocr_carea' id='block_1_42' title="bbox 89 1241 913 1281">
    <p class='ocr_par' dir='ltr' id='par_1_42' title="bbox 89 1241 913 1281">
     <span class='ocr_line' id='line_1_43' title="bbox 89 1241 913 1281; baseline -0.002 -9"><span class='ocrx_word' id='word_1_286' title='bbox 89 1255 151 1281; x_wconf 85' lang='grc' dir='ltr'>μον,</span> <span class='ocrx_word' id='word_1_287' title='bbox 174 1244 218 1270; x_wconf 78' lang='grc' dir='ltr'><strong>καὶ</strong></span> <span class='ocrx_word' id='word_1_288' title='bbox 245 1243 293 1276; x_wconf 74' lang='grc' dir='ltr'>τὴν</span> <span class='ocrx_word' id='word_1_289' title='bbox 321 1242 412 1275; x_wconf 80' lang='grc' dir='ltr'>κοίτην</span> <span class='ocrx_word' id='word_1_290' title='bbox 434 1241 570 1278; x_wconf 83' lang='grc' dir='ltr'>ἀμίαντον.</span> <span class='ocrx_word' id='word_1_291' title='bbox 609 1242 657 1270; x_wconf 78' lang='grc' dir='ltr'><strong>Καὶ</strong></span> <span class='ocrx_word' id='word_1_292' title='bbox 686 1241 763 1270; x_wconf 78' lang='grc' dir='ltr'>πάλιν</span> <span class='ocrx_word' id='word_1_293' title='bbox 781 1251 788 1259; x_wconf 89' lang='grc'><strong>·</strong></span> <span class='ocrx_word' id='word_1_294' title='bbox 807 1241 913 1270; x_wconf 80' lang='grc' dir='ltr'>Δέδεσαι</span> 
     </span>
    </p>
   </div>
   <div class='ocr_carea' id='block_1_43' title="bbox 89 1281 915 1328">
    <p class='ocr_par' dir='ltr' id='par_1_43' title="bbox 89 1281 915 1328">
     <span class='ocr_line' id='line_1_44' title="bbox 89 1281 915 1328; baseline -0.002 -12"><span class='ocrx_word' id='word_1_295' title='bbox 89 1289 212 1328; x_wconf 67' lang='grc' dir='ltr'>γυναικὶ,</span> <span class='ocrx_word' id='word_1_296' title='bbox 246 1287 284 1324; x_wconf 79' lang='grc' dir='ltr'>μὴ</span> <span class='ocrx_word' id='word_1_297' title='bbox 313 1287 386 1322; x_wconf 79' lang='grc' dir='ltr'>ζήτει</span> <span class='ocrx_word' id='word_1_298' title='bbox 409 1285 492 1316; x_wconf 88' lang='grc' dir='ltr'>λύσιν.</span> <span class='ocrx_word' id='word_1_299' title='bbox 525 1281 553 1314; x_wconf 62' lang='grc' dir='ltr'><strong>Ὀ</strong></span> <span class='ocrx_word' id='word_1_300' title='bbox 577 1286 660 1314; x_wconf 79' lang='grc' dir='ltr'>τοίνυν</span> <span class='ocrx_word' id='word_1_301' title='bbox 687 1286 839 1325; x_wconf 78' lang='grc' dir='ltr'>ἀποστερῶν</span> <span class='ocrx_word' id='word_1_302' title='bbox 861 1285 915 1314; x_wconf 76' lang='grc' dir='ltr'>διὰ·</span> 
     </span>
    </p>
   </div>
   <div class='ocr_carea' id='block_1_44' title="bbox 87 1329 914 1370">
    <p class='ocr_par' dir='ltr' id='par_1_44' title="bbox 87 1329 914 1370">
     <span class='ocr_line' id='line_1_45' title="bbox 87 1329 914 1370; baseline -0.002 -10"><span class='ocrx_word' id='word_1_303' title='bbox 87 1343 177 1368; x_wconf 77' lang='grc' dir='ltr'>κονον,</span> <span class='ocrx_word' id='word_1_304' title='bbox 202 1329 416 1366; x_wconf 73' lang='grc' dir='ltr'>ἤῦποδιάκονον,</span> <span class='ocrx_word' id='word_1_305' title='bbox 433 1330 450 1363; x_wconf 70' lang='grc' dir='ltr'>ἦ</span> <span class='ocrx_word' id='word_1_306' title='bbox 479 1329 661 1369; x_wconf 79' lang='grc' dir='ltr'>πρεσϐύτερον,</span> <span class='ocrx_word' id='word_1_307' title='bbox 692 1332 741 1364; x_wconf 78' lang='grc' dir='ltr'>τῆς</span> <span class='ocrx_word' id='word_1_308' title='bbox 771 1331 836 1370; x_wconf 82' lang='grc' dir='ltr'>πρὸς</span> <span class='ocrx_word' id='word_1_309' title='bbox 864 1331 914 1364; x_wconf 82' lang='grc' dir='ltr'><strong>τὴν</strong></span> 
     </span>
    </p>
   </div>
   <div class='ocr_carea' id='block_1_45' title="bbox 88 1375 913 1414">
    <p class='ocr_par' dir='ltr' id='par_1_45' title="bbox 88 1375 913 1414">
     <span class='ocr_line' id='line_1_46' title="bbox 88 1375 913 1414; baseline 0 -11"><span class='ocrx_word' id='word_1_310' title='bbox 88 1378 205 1414; x_wconf 82' lang='grc' dir='ltr'>νόμιμον</span> <span class='ocrx_word' id='word_1_311' title='bbox 243 1382 355 1414; x_wconf 82' lang='grc' dir='ltr'>γυναῖκα</span> <span class='ocrx_word' id='word_1_312' title='bbox 393 1376 531 1414; x_wconf 71' lang='grc' dir='ltr'>συναφείας</span> <span class='ocrx_word' id='word_1_313' title='bbox 548 1397 556 1412; x_wconf 80' lang='grc'><strong>,</strong></span> <span class='ocrx_word' id='word_1_314' title='bbox 592 1375 772 1414; x_wconf 79' lang='grc' dir='ltr'>καθαιρείσθω.</span> <span class='ocrx_word' id='word_1_315' title='bbox 821 1375 913 1407; x_wconf 70' lang='grc' dir='ltr'>Ἕκτος</span> 
     </span>
    </p>
   </div>
   <div class='ocr_carea' id='block_1_46' title="bbox 88 1418 913 1461">
    <p class='ocr_par' dir='ltr' id='par_1_46' title="bbox 88 1418 913 1461">
     <span class='ocr_line' id='line_1_47' title="bbox 88 1418 913 1461; baseline 0 -13"><span class='ocrx_word' id='word_1_316' title='bbox 88 1421 238 1461; x_wconf 76' lang='grc' dir='ltr'>ὡρισμένου</span> <span class='ocrx_word' id='word_1_317' title='bbox 265 1419 297 1454; x_wconf 71' lang='grc' dir='ltr'><strong>δή</strong></span> <span class='ocrx_word' id='word_1_318' title='bbox 327 1430 397 1451; x_wconf 80' lang='grc' dir='ltr'>τινος</span> <span class='ocrx_word' id='word_1_319' title='bbox 439 1422 540 1458; x_wconf 80' lang='grc' dir='ltr'>καιροῦ,</span> <span class='ocrx_word' id='word_1_320' title='bbox 578 1418 621 1446; x_wconf 82' lang='grc' dir='ltr'><strong>ὅτε</strong></span> <span class='ocrx_word' id='word_1_321' title='bbox 661 1421 852 1459; x_wconf 75' lang='grc' dir='ltr'>μεταχειρίζειν</span> <span class='ocrx_word' id='word_1_322' title='bbox 881 1421 913 1448; x_wconf 82' lang='grc' dir='ltr'><strong>τὰ</strong></span> 
     </span>
    </p>
   </div>
   <div class='ocr_carea' id='block_1_47' title="bbox 87 1464 319 1504">
    <p class='ocr_par' dir='ltr' id='par_1_47' title="bbox 87 1464 319 1504">
     <span class='ocr_line' id='line_1_48' title="bbox 87 1464 319 1504; baseline -0.009 -11"><span class='ocrx_word' id='word_1_323' title='bbox 87 1466 152 1504; x_wconf 70' lang='grc' dir='ltr'>ἅγία</span> <span class='ocrx_word' id='word_1_324' title='bbox 174 1464 295 1503; x_wconf 72' lang='grc' dir='ltr'>μέλλοιεν</span> <span class='ocrx_word' id='word_1_325' title='bbox 313 1474 319 1480; x_wconf 91' lang='grc'>·</span> 
     </span>
    </p>
   </div>
   <div class='ocr_carea' id='block_1_48' title="bbox 88 1506 917 1546">
    <p class='ocr_par' dir='ltr' id='par_1_48' title="bbox 88 1506 917 1546">
     <span class='ocr_line' id='line_1_49' title="bbox 88 1506 917 1546; baseline -0.002 -8"><span class='ocrx_word' id='word_1_326' title='bbox 88 1512 144 1538; x_wconf 85' lang='grc' dir='ltr'><strong>τῶν</strong></span> <span class='ocrx_word' id='word_1_327' title='bbox 176 1509 329 1546; x_wconf 80' lang='grc' dir='ltr'>αἰτημᾶτων</span> <span class='ocrx_word' id='word_1_328' title='bbox 353 1508 392 1545; x_wconf 79' lang='grc' dir='ltr'>μὴ</span> <span class='ocrx_word' id='word_1_329' title='bbox 415 1506 591 1546; x_wconf 80' lang='grc' dir='ltr'>διαμάρτοιεν.</span> <span class='ocrx_word' id='word_1_330' title='bbox 622 1507 705 1536; x_wconf 77' lang='grc' dir='ltr'>Ἀλλὰ</span> <span class='ocrx_word' id='word_1_331' title='bbox 726 1510 770 1537; x_wconf 86' lang='grc' dir='ltr'><strong>καί</strong></span> <span class='ocrx_word' id='word_1_332' title='bbox 797 1520 849 1536; x_wconf 87' lang='grc' dir='ltr'>τισι</span> <span class='ocrx_word' id='word_1_333' title='bbox 864 1512 917 1537; x_wconf 84' lang='grc' dir='ltr'><strong>τῶν</strong></span> 
     </span>
    </p>
   </div>
   <div class='ocr_carea' id='block_1_49' title="bbox 89 1551 917 1593">
    <p class='ocr_par' dir='ltr' id='par_1_49' title="bbox 89 1551 917 1593">
     <span class='ocr_line' id='line_1_50' title="bbox 89 1551 917 1593; baseline -0.001 -11"><span class='ocrx_word' id='word_1_334' title='bbox 89 1555 150 1593; x_wconf 84' lang='grc' dir='ltr'><strong>περὶ</strong></span> <span class='ocrx_word' id='word_1_335' title='bbox 166 1554 216 1586; x_wconf 81' lang='grc' dir='ltr'>τὴν</span> <span class='ocrx_word' id='word_1_336' title='bbox 230 1553 338 1582; x_wconf 72' lang='grc' dir='ltr'>Νίκαιαν</span> <span class='ocrx_word' id='word_1_337' title='bbox 368 1552 418 1585; x_wconf 84' lang='grc' dir='ltr'>τὴν</span> <span class='ocrx_word' id='word_1_338' title='bbox 451 1551 561 1590; x_wconf 82' lang='grc' dir='ltr'>ωρώτην</span> <span class='ocrx_word' id='word_1_339' title='bbox 584 1552 787 1590; x_wconf 68' lang='grc' dir='ltr'>συστησαμένων</span> <span class='ocrx_word' id='word_1_340' title='bbox 812 1553 917 1581; x_wconf 79' lang='grc' dir='ltr'>σύνοδον</span> 
     </span>
    </p>
   </div>
   <div class='ocr_carea' id='block_1_50' title="bbox 88 1595 917 1637">
    <p class='ocr_par' dir='ltr' id='par_1_50' title="bbox 88 1595 917 1637">
     <span class='ocr_line' id='line_1_51' title="bbox 88 1595 917 1637; baseline 0 -11"><span class='ocrx_word' id='word_1_341' title='bbox 88 1598 175 1626; x_wconf 70' lang='grc' dir='ltr'>ἐδόκει</span> <span class='ocrx_word' id='word_1_342' title='bbox 205 1600 298 1636; x_wconf 81' lang='grc' dir='ltr'>μῶμον</span> <span class='ocrx_word' id='word_1_343' title='bbox 333 1596 493 1635; x_wconf 73' lang='grc' dir='ltr'>ἐπεισάγειν,</span> <span class='ocrx_word' id='word_1_344' title='bbox 539 1595 710 1633; x_wconf 77' lang='grc' dir='ltr'>ἐπισκόπους,</span> <span class='ocrx_word' id='word_1_345' title='bbox 735 1598 779 1625; x_wconf 83' lang='grc' dir='ltr'><strong>καὶ</strong></span> <span class='ocrx_word' id='word_1_346' title='bbox 807 1597 917 1637; x_wconf 76' lang='grc' dir='ltr'>πρεσϐυ-</span> 
     </span>
    </p>
   </div>
   <div class='ocr_carea' id='block_1_51' title="bbox 89 1639 916 1681">
    <p class='ocr_par' dir='ltr' id='par_1_51' title="bbox 89 1639 916 1681">
     <span class='ocr_line' id='line_1_52' title="bbox 89 1639 916 1681; baseline -0.004 -11"><span class='ocrx_word' id='word_1_347' title='bbox 89 1643 197 1681; x_wconf 79' lang='grc' dir='ltr'>τέρους,</span> <span class='ocrx_word' id='word_1_348' title='bbox 219 1641 353 1672; x_wconf 79' lang='grc' dir='ltr'>διακόνους</span> <span class='ocrx_word' id='word_1_349' title='bbox 381 1652 410 1669; x_wconf 86' lang='grc' dir='ltr'>τε</span> <span class='ocrx_word' id='word_1_350' title='bbox 426 1641 470 1668; x_wconf 86' lang='grc' dir='ltr'>καὶ</span> <span class='ocrx_word' id='word_1_351' title='bbox 493 1639 679 1672; x_wconf 76' lang='grc' dir='ltr'>ὑποδιακόνους</span> <span class='ocrx_word' id='word_1_352' title='bbox 704 1642 742 1679; x_wconf 77' lang='grc' dir='ltr'><strong>μὴ</strong></span> <span class='ocrx_word' id='word_1_353' title='bbox 771 1644 916 1681; x_wconf 74' lang='grc' dir='ltr'>συγκαθεύ-</span> 
     </span>
    </p>
   </div>
   <div class='ocr_carea' id='block_1_52' title="bbox 91 1686 917 1726">
    <p class='ocr_par' dir='ltr' id='par_1_52' title="bbox 91 1686 917 1726">
     <span class='ocr_line' id='line_1_53' title="bbox 91 1686 917 1726; baseline 0 -10"><span class='ocrx_word' id='word_1_354' title='bbox 91 1688 146 1716; x_wconf 82' lang='grc' dir='ltr'>δειν</span> <span class='ocrx_word' id='word_1_355' title='bbox 162 1687 232 1718; x_wconf 77' lang='grc' dir='ltr'>ὅλως</span> <span class='ocrx_word' id='word_1_356' title='bbox 254 1693 314 1718; x_wconf 79' lang='grc' dir='ltr'>ταῖς</span> <span class='ocrx_word' id='word_1_357' title='bbox 329 1692 473 1725; x_wconf 66' lang='grc' dir='ltr'>γαμεταῖς,</span> <span class='ocrx_word' id='word_1_358' title='bbox 490 1686 521 1717; x_wconf 84' lang='grc' dir='ltr'><strong>ἃς</strong></span> <span class='ocrx_word' id='word_1_359' title='bbox 553 1687 633 1724; x_wconf 80' lang='grc' dir='ltr'>πρινή</span> <span class='ocrx_word' id='word_1_360' title='bbox 655 1687 770 1726; x_wconf 79' lang='grc' dir='ltr'>ἱερᾶσθαι</span> <span class='ocrx_word' id='word_1_361' title='bbox 799 1689 917 1726; x_wconf 79' lang='grc' dir='ltr'>νομίμως</span> 
     </span>
    </p>
   </div>
   <div class='ocr_carea' id='block_1_53' title="bbox 90 1727 916 1773">
    <p class='ocr_par' dir='ltr' id='par_1_53' title="bbox 90 1727 916 1773">
     <span class='ocr_line' id='line_1_54' title="bbox 90 1727 916 1773; baseline 0.001 -12"><span class='ocrx_word' id='word_1_362' title='bbox 90 1734 239 1773; x_wconf 73' lang='grc' dir='ltr'>ἠγάγοντο.</span> <span class='ocrx_word' id='word_1_363' title='bbox 258 1727 286 1760; x_wconf 58' lang='grc' dir='ltr'><strong>Ὀ</strong></span> <span class='ocrx_word' id='word_1_364' title='bbox 315 1732 403 1769; x_wconf 76' lang='grc' dir='ltr'>μέντοι</span> <span class='ocrx_word' id='word_1_365' title='bbox 433 1732 604 1771; x_wconf 69' lang='grc' dir='ltr'>Παφνούτιοε,</span> <span class='ocrx_word' id='word_1_366' title='bbox 632 1735 690 1769; x_wconf 78' lang='grc' dir='ltr'>μιᾶ,</span> <span class='ocrx_word' id='word_1_367' title='bbox 715 1735 768 1760; x_wconf 84' lang='grc' dir='ltr'><strong>τῶν</strong></span> <span class='ocrx_word' id='word_1_368' title='bbox 782 1734 850 1762; x_wconf 83' lang='grc' dir='ltr'>κατὰ</span> <span class='ocrx_word' id='word_1_369' title='bbox 870 1735 916 1766; x_wconf 82' lang='grc' dir='ltr'><strong>τὰς</strong></span> 
     </span>
    </p>
   </div>
   <div class='ocr_carea' id='block_1_54' title="bbox 90 1775 916 1816">
    <p class='ocr_par' dir='ltr' id='par_1_54' title="bbox 90 1775 916 1816">
     <span class='ocr_line' id='line_1_55' title="bbox 90 1775 916 1816; baseline 0 -11"><span class='ocrx_word' id='word_1_370' title='bbox 90 1776 181 1813; x_wconf 73' lang='grc' dir='ltr'>θήὸας</span> <span class='ocrx_word' id='word_1_371' title='bbox 206 1776 310 1804; x_wconf 83' lang='grc' dir='ltr'>πολεων</span> <span class='ocrx_word' id='word_1_372' title='bbox 345 1775 488 1807; x_wconf 73' lang='grc' dir='ltr'>ἐπίσκοπος</span> <span class='ocrx_word' id='word_1_373' title='bbox 529 1776 578 1816; x_wconf 84' lang='grc' dir='ltr'><strong>ὢν,</strong></span> <span class='ocrx_word' id='word_1_374' title='bbox 611 1776 676 1816; x_wconf 74' lang='grc' dir='ltr'>ἀνὴρ</span> <span class='ocrx_word' id='word_1_375' title='bbox 707 1776 736 1805; x_wconf 75' lang='grc' dir='ltr'>ἐκ</span> <span class='ocrx_word' id='word_1_376' title='bbox 760 1777 850 1809; x_wconf 84' lang='grc' dir='ltr'>πνιδὸς</span> <span class='ocrx_word' id='word_1_377' title='bbox 890 1778 916 1806; x_wconf 81' lang='grc' dir='ltr'>ἐν</span> 
     </span>
    </p>
   </div>
   <div class='ocr_carea' id='block_1_55' title="bbox 92 1820 920 1861">
    <p class='ocr_par' dir='ltr' id='par_1_55' title="bbox 92 1820 920 1861">
     <span class='ocr_line' id='line_1_56' title="bbox 92 1820 920 1861; baseline 0.002 -13"><span class='ocrx_word' id='word_1_378' title='bbox 92 1821 250 1860; x_wconf 77' lang='grc' dir='ltr'>ἀσκητηρίῳ</span> <span class='ocrx_word' id='word_1_379' title='bbox 297 1820 486 1860; x_wconf 72' lang='grc' dir='ltr'>τεθραμμένος,</span> <span class='ocrx_word' id='word_1_380' title='bbox 534 1821 578 1848; x_wconf 86' lang='grc' dir='ltr'>καὶ</span> <span class='ocrx_word' id='word_1_381' title='bbox 625 1823 711 1849; x_wconf 82' lang='grc' dir='ltr'>πᾶσαν</span> <span class='ocrx_word' id='word_1_382' title='bbox 747 1823 920 1861; x_wconf 84' lang='grc' dir='ltr'>κατορθωκὼς</span> 
     </span>
    </p>
   </div>
   <div class='ocr_carea' id='block_1_56' title="bbox 93 1866 920 1908">
    <p class='ocr_par' dir='ltr' id='par_1_56' title="bbox 93 1866 920 1908">
     <span class='ocr_line' id='line_1_57' title="bbox 93 1866 920 1908; baseline -0.005 -12"><span class='ocrx_word' id='word_1_383' title='bbox 93 1868 204 1908; x_wconf 79' lang='grc' dir='ltr'>ἀρετὴν,</span> <span class='ocrx_word' id='word_1_384' title='bbox 222 1867 268 1895; x_wconf 80' lang='grc' dir='ltr'><strong>ἀπὶ</strong></span> <span class='ocrx_word' id='word_1_385' title='bbox 283 1866 437 1906; x_wconf 80' lang='grc' dir='ltr'>σωφροσύνῃ</span> <span class='ocrx_word' id='word_1_386' title='bbox 465 1866 493 1894; x_wconf 78' lang='grc' dir='ltr'>δὲ</span> <span class='ocrx_word' id='word_1_387' title='bbox 521 1867 565 1894; x_wconf 81' lang='grc' dir='ltr'>καὶ</span> <span class='ocrx_word' id='word_1_388' title='bbox 588 1866 703 1904; x_wconf 84' lang='grc' dir='ltr'>μάλιστα</span> <span class='ocrx_word' id='word_1_389' title='bbox 730 1868 846 1907; x_wconf 86' lang='grc' dir='ltr'>γεγονὼς</span> <span class='ocrx_word' id='word_1_390' title='bbox 869 1879 920 1897; x_wconf 88' lang='grc' dir='ltr'>πε-</span> 
     </span>
    </p>
   </div>
   <div class='ocr_carea' id='block_1_57' title="bbox 92 1910 920 1952">
    <p class='ocr_par' dir='ltr' id='par_1_57' title="bbox 92 1910 920 1952">
     <span class='ocr_line' id='line_1_58' title="bbox 92 1910 920 1952; baseline 0.002 -12"><span class='ocrx_word' id='word_1_391' title='bbox 92 1911 232 1952; x_wconf 81' lang='grc' dir='ltr'>ριϐόητος,</span> <span class='ocrx_word' id='word_1_392' title='bbox 249 1913 278 1940; x_wconf 78' lang='grc' dir='ltr'>οὖ</span> <span class='ocrx_word' id='word_1_393' title='bbox 307 1911 361 1948; x_wconf 80' lang='grc' dir='ltr'><strong>μὴν</strong></span> <span class='ocrx_word' id='word_1_394' title='bbox 388 1910 456 1938; x_wconf 81' lang='grc' dir='ltr'>ἀλλὰ</span> <span class='ocrx_word' id='word_1_395' title='bbox 483 1911 527 1938; x_wconf 82' lang='grc' dir='ltr'><strong>καὶ</strong></span> <span class='ocrx_word' id='word_1_396' title='bbox 561 1915 599 1948; x_wconf 84' lang='grc' dir='ltr'>τῷ</span> <span class='ocrx_word' id='word_1_397' title='bbox 620 1913 669 1945; x_wconf 74' lang='grc' dir='ltr'><strong>τῆς</strong></span> <span class='ocrx_word' id='word_1_398' title='bbox 698 1912 840 1952; x_wconf 68' lang='grc' dir='ltr'>ὁμολογίας</span> <span class='ocrx_word' id='word_1_399' title='bbox 857 1924 920 1942; x_wconf 87' lang='grc' dir='ltr'>στε-</span> 
     </span>
    </p>
   </div>
   <div class='ocr_carea' id='block_1_58' title="bbox 90 1954 919 1998">
    <p class='ocr_par' dir='ltr' id='par_1_58' title="bbox 90 1954 919 1998">
     <span class='ocr_line' id='line_1_59' title="bbox 90 1954 919 1998; baseline 0.005 -16"><span class='ocrx_word' id='word_1_400' title='bbox 90 1957 168 1996; x_wconf 70' lang='grc' dir='ltr'>φάνῳ</span> <span class='ocrx_word' id='word_1_401' title='bbox 191 1954 393 1993; x_wconf 70' lang='grc' dir='ltr'>κεκοσμημένος</span> <span class='ocrx_word' id='word_1_402' title='bbox 423 1954 526 1994; x_wconf 72' lang='grc' dir='ltr'>(ἅτερος</span> <span class='ocrx_word' id='word_1_403' title='bbox 555 1955 605 1995; x_wconf 81' lang='grc' dir='ltr'><strong>γὰρ</strong></span> <span class='ocrx_word' id='word_1_404' title='bbox 633 1957 703 1993; x_wconf 71' lang='grc' dir='ltr'>αὐτῷ</span> <span class='ocrx_word' id='word_1_405' title='bbox 738 1959 790 1984; x_wconf 80' lang='grc' dir='ltr'>τῶν</span> <span class='ocrx_word' id='word_1_406' title='bbox 819 1957 919 1998; x_wconf 73' lang='grc' dir='ltr'>ὀφθαλ-</span> 
     </span>
    </p>
   </div>
   <div class='ocr_carea' id='block_1_59' title="bbox 91 1998 918 2039">
    <p class='ocr_par' dir='ltr' id='par_1_59' title="bbox 91 1998 918 2039">
     <span class='ocr_line' id='line_1_60' title="bbox 91 1998 918 2039; baseline 0.002 -11"><span class='ocrx_word' id='word_1_407' title='bbox 91 2003 153 2038; x_wconf 84' lang='grc' dir='ltr'>μῶν</span> <span class='ocrx_word' id='word_1_408' title='bbox 168 1999 201 2028; x_wconf 83' lang='grc' dir='ltr'><strong>δι’</strong></span> <span class='ocrx_word' id='word_1_409' title='bbox 232 1998 364 2028; x_wconf 74' lang='grc' dir='ltr'>εὒσέϐειαν</span> <span class='ocrx_word' id='word_1_410' title='bbox 399 1998 591 2039; x_wconf 75' lang='grc' dir='ltr'>ἐξωρώρυκτο),</span> <span class='ocrx_word' id='word_1_411' title='bbox 621 2000 729 2029; x_wconf 77' lang='grc' dir='ltr'>ἀντεῖπε</span> <span class='ocrx_word' id='word_1_412' title='bbox 750 2008 809 2033; x_wconf 75' lang='grc' dir='ltr'>τοῖς</span> <span class='ocrx_word' id='word_1_413' title='bbox 835 2002 918 2034; x_wconf 75' lang='grc' dir='ltr'>οὕτως</span> 
     </span>
    </p>
   </div>
   <div class='ocr_carea' id='block_1_60' title="bbox 93 2043 919 2085">
    <p class='ocr_par' dir='ltr' id='par_1_60' title="bbox 93 2043 919 2085">
     <span class='ocr_line' id='line_1_61' title="bbox 93 2043 919 2085; baseline 0.001 -12"><span class='ocrx_word' id='word_1_414' title='bbox 93 2045 189 2085; x_wconf 74' lang='grc' dir='ltr'>ἔχουσι</span> <span class='ocrx_word' id='word_1_415' title='bbox 212 2044 332 2083; x_wconf 82' lang='grc' dir='ltr'>γνώμης,</span> <span class='ocrx_word' id='word_1_416' title='bbox 364 2043 450 2080; x_wconf 82' lang='grc' dir='ltr'>τίμιόν</span> <span class='ocrx_word' id='word_1_417' title='bbox 475 2054 503 2071; x_wconf 84' lang='grc' dir='ltr'><strong>τε</strong></span> <span class='ocrx_word' id='word_1_418' title='bbox 524 2044 569 2072; x_wconf 79' lang='grc' dir='ltr'><strong>τὸν</strong></span> <span class='ocrx_word' id='word_1_419' title='bbox 592 2044 676 2082; x_wconf 86' lang='grc' dir='ltr'>γάμον</span> <span class='ocrx_word' id='word_1_420' title='bbox 701 2045 852 2085; x_wconf 82' lang='grc' dir='ltr'>ἀποκαλῶν,</span> <span class='ocrx_word' id='word_1_421' title='bbox 875 2043 919 2075; x_wconf 75' lang='grc' dir='ltr'><strong>καὶ</strong></span> 
     </span>
    </p>
   </div>
   <div class='ocr_carea' id='block_1_61' title="bbox 92 2070 917 2129">
    <p class='ocr_par' dir='ltr' id='par_1_61' title="bbox 92 2070 917 2129">
     <span class='ocr_line' id='line_1_62' title="bbox 92 2070 917 2129; baseline 0.002 -11"><span class='ocrx_word' id='word_1_422' title='bbox 92 2070 349 2129; x_wconf 41' lang='grc' dir='ltr'>ᾇῷρέσιζῂῖὲὲιν</span> <span class='ocrx_word' id='word_1_423' title='bbox 372 2070 447 2127; x_wconf 54' lang='grc' dir='ltr'>Αὲριξ</span> <span class='ocrx_word' id='word_1_424' title='bbox 471 2070 517 2120; x_wconf 63' lang='grc' dir='ltr'><strong>τάς</strong></span> <span class='ocrx_word' id='word_1_425' title='bbox 532 2070 787 2128; x_wconf 52' lang='grc' dir='ltr'>ἰδίαζᾫιζέέἇζ</span> <span class='ocrx_word' id='word_1_426' title='bbox 801 2070 917 2128; x_wconf 45' lang='lat' dir='ltr'><strong>tanta;</strong></span> 
     </span>
    </p>
   </div>
   <div class='ocr_carea' id='block_1_62' title="bbox 956 927 1773 968">
    <p class='ocr_par' dir='ltr' id='par_1_62' title="bbox 956 927 1773 968">
     <span class='ocr_line' id='line_1_63' title="bbox 956 927 1773 968; baseline 0.004 -10"><span class='ocrx_word' id='word_1_427' title='bbox 956 927 1104 959; x_wconf 86' lang='lat' dir='ltr'><strong>abstinere</strong></span> <span class='ocrx_word' id='word_1_428' title='bbox 1119 928 1208 958; x_wconf 89' lang='lat' dir='ltr'><strong>velint</strong></span> <span class='ocrx_word' id='word_1_429' title='bbox 1224 928 1260 958; x_wconf 86' lang='lat' dir='ltr'><strong>ab</strong></span> <span class='ocrx_word' id='word_1_430' title='bbox 1278 929 1430 966; x_wconf 80' lang='lat' dir='ltr'><strong>uxoribus,</strong></span> <span class='ocrx_word' id='word_1_431' title='bbox 1447 937 1512 968; x_wconf 69' lang='lat' dir='ltr'><strong>quae</strong></span> <span class='ocrx_word' id='word_1_432' title='bbox 1524 933 1593 959; x_wconf 88' lang='lat' dir='ltr'><strong>ante</strong></span> <span class='ocrx_word' id='word_1_433' title='bbox 1609 930 1773 961; x_wconf 87' lang='lat' dir='ltr'><strong>ordinatio-</strong></span> 
     </span>
    </p>
   </div>
   <div class='ocr_carea' id='block_1_63' title="bbox 956 972 1771 1014">
    <p class='ocr_par' dir='ltr' id='par_1_63' title="bbox 956 972 1771 1014">
     <span class='ocr_line' id='line_1_64' title="bbox 956 972 1771 1014; baseline 0.005 -12"><span class='ocrx_word' id='word_1_434' title='bbox 956 981 1023 1002; x_wconf 91' lang='lat' dir='ltr'><strong>nem</strong></span> <span class='ocrx_word' id='word_1_435' title='bbox 1041 982 1107 1003; x_wconf 90' lang='lat' dir='ltr'><strong>cum</strong></span> <span class='ocrx_word' id='word_1_436' title='bbox 1124 972 1168 1003; x_wconf 92' lang='lat' dir='ltr'><strong>eis</strong></span> <span class='ocrx_word' id='word_1_437' title='bbox 1183 973 1326 1013; x_wconf 70' lang='lat' dir='ltr'><strong>copulatae</strong></span> <span class='ocrx_word' id='word_1_438' title='bbox 1355 973 1463 1004; x_wconf 86' lang='lat' dir='ltr'><strong>fuerint</strong></span> <span class='ocrx_word' id='word_1_439' title='bbox 1480 983 1486 1002; x_wconf 90' lang='lat'>:</span> <span class='ocrx_word' id='word_1_440' title='bbox 1518 974 1589 1010; x_wconf 88' lang='lat' dir='ltr'><strong>Nos,</strong></span> <span class='ocrx_word' id='word_1_441' title='bbox 1621 974 1771 1014; x_wconf 86' lang='lat' dir='ltr'><strong>inquiunt,</strong></span> 
     </span>
    </p>
   </div>
   <div class='ocr_carea' id='block_1_64' title="bbox 953 1016 1774 1057">
    <p class='ocr_par' dir='ltr' id='par_1_64' title="bbox 953 1016 1774 1057">
     <span class='ocr_line' id='line_1_65' title="bbox 953 1016 1774 1057; baseline 0.004 -10"><span class='ocrx_word' id='word_1_442' title='bbox 953 1016 1042 1048; x_wconf 85' lang='lat' dir='ltr'><strong>etiam</strong></span> <span class='ocrx_word' id='word_1_443' title='bbox 1056 1022 1122 1057; x_wconf 86' lang='lat' dir='ltr'><strong>post</strong></span> <span class='ocrx_word' id='word_1_444' title='bbox 1136 1017 1352 1048; x_wconf 83' lang='lat' dir='ltr'><strong>ordinationem</strong></span> <span class='ocrx_word' id='word_1_445' title='bbox 1380 1026 1499 1048; x_wconf 89' lang='lat' dir='ltr'><strong>manere</strong></span> <span class='ocrx_word' id='word_1_446' title='bbox 1527 1018 1612 1048; x_wconf 88' lang='lat' dir='ltr'><strong>ﬁrma</strong></span> <span class='ocrx_word' id='word_1_447' title='bbox 1640 1019 1774 1050; x_wconf 89' lang='lat' dir='ltr'><strong>volumus</strong></span> 
     </span>
    </p>
   </div>
   <div class='ocr_carea' id='block_1_65' title="bbox 955 1061 1774 1102">
    <p class='ocr_par' dir='ltr' id='par_1_65' title="bbox 955 1061 1774 1102">
     <span class='ocr_line' id='line_1_66' title="bbox 955 1061 1774 1102; baseline 0.004 -11"><span class='ocrx_word' id='word_1_448' title='bbox 955 1069 1057 1091; x_wconf 90' lang='lat' dir='ltr'><strong>eorum</strong></span> <span class='ocrx_word' id='word_1_449' title='bbox 1074 1062 1271 1099; x_wconf 86' lang='lat' dir='ltr'><strong>matrimonia,</strong></span> <span class='ocrx_word' id='word_1_450' title='bbox 1288 1062 1338 1102; x_wconf 92' lang='lat' dir='ltr'><strong>qui</strong></span> <span class='ocrx_word' id='word_1_451' title='bbox 1351 1061 1438 1101; x_wconf 81' lang='lat' dir='ltr'><strong>digne</strong></span> <span class='ocrx_word' id='word_1_452' title='bbox 1452 1062 1651 1092; x_wconf 83' lang='lat' dir='ltr'><strong>sacerdotium</strong></span> <span class='ocrx_word' id='word_1_453' title='bbox 1665 1073 1774 1094; x_wconf 87' lang='lat' dir='ltr'><strong>conse—</strong></span> 
     </span>
    </p>
   </div>
   <div class='ocr_carea' id='block_1_66' title="bbox 956 1106 1774 1148">
    <p class='ocr_par' dir='ltr' id='par_1_66' title="bbox 956 1106 1774 1148">
     <span class='ocr_line' id='line_1_67' title="bbox 956 1106 1774 1148; baseline 0.004 -12"><span class='ocrx_word' id='word_1_454' title='bbox 956 1107 1014 1136; x_wconf 83' lang='lat' dir='ltr'><strong>cuti</strong></span> <span class='ocrx_word' id='word_1_455' title='bbox 1029 1111 1107 1142; x_wconf 84' lang='lat' dir='ltr'><strong>sunt,</strong></span> <span class='ocrx_word' id='word_1_456' title='bbox 1119 1116 1156 1137; x_wconf 93' lang='lat' dir='ltr'><strong>ne</strong></span> <span class='ocrx_word' id='word_1_457' title='bbox 1180 1107 1350 1138; x_wconf 83' lang='lat' dir='ltr'><strong>henedictas</strong></span> <span class='ocrx_word' id='word_1_458' title='bbox 1361 1106 1479 1137; x_wconf 88' lang='lat' dir='ltr'><strong>Domini</strong></span> <span class='ocrx_word' id='word_1_459' title='bbox 1491 1107 1647 1146; x_wconf 61' lang='lat' dir='ltr'><strong>prasentia</strong></span> <span class='ocrx_word' id='word_1_460' title='bbox 1656 1108 1774 1148; x_wconf 87' lang='lat' dir='ltr'><strong>nuptias</strong></span> 
     </span>
    </p>
   </div>
   <div class='ocr_carea' id='block_1_67' title="bbox 955 1151 1774 1192">
    <p class='ocr_par' dir='ltr' id='par_1_67' title="bbox 955 1151 1774 1192">
     <span class='ocr_line' id='line_1_68' title="bbox 955 1151 1774 1192; baseline 0.002 -11"><span class='ocrx_word' id='word_1_461' title='bbox 955 1152 1132 1182; x_wconf 83' lang='lat' dir='ltr'><strong>contumelia</strong></span> <span class='ocrx_word' id='word_1_462' title='bbox 1148 1152 1313 1182; x_wconf 81' lang='lat' dir='ltr'><strong>clanculum</strong></span> <span class='ocrx_word' id='word_1_463' title='bbox 1333 1151 1520 1191; x_wconf 84' lang='lat' dir='ltr'><strong>alliciamus;</strong></span> <span class='ocrx_word' id='word_1_464' title='bbox 1548 1152 1598 1191; x_wconf 91' lang='lat' dir='ltr'><strong>qui</strong></span> <span class='ocrx_word' id='word_1_465' title='bbox 1628 1159 1774 1192; x_wconf 57' lang='lat' dir='ltr'><strong>praeterea</strong></span> 
     </span>
    </p>
   </div>
   <div class='ocr_carea' id='block_1_68' title="bbox 955 1196 1773 1237">
    <p class='ocr_par' dir='ltr' id='par_1_68' title="bbox 955 1196 1773 1237">
     <span class='ocr_line' id='line_1_69' title="bbox 955 1196 1773 1237; baseline 0.002 -11"><span class='ocrx_word' id='word_1_466' title='bbox 955 1196 1161 1236; x_wconf 86' lang='lat' dir='ltr'><strong>pronuntiavit,</strong></span> <span class='ocrx_word' id='word_1_467' title='bbox 1181 1196 1329 1226; x_wconf 83' lang='lat' dir='ltr'><strong>hominem</strong></span> <span class='ocrx_word' id='word_1_468' title='bbox 1343 1205 1482 1236; x_wconf 88' lang='lat' dir='ltr'><strong>separare</strong></span> <span class='ocrx_word' id='word_1_469' title='bbox 1498 1205 1556 1226; x_wconf 90' lang='lat' dir='ltr'><strong>non</strong></span> <span class='ocrx_word' id='word_1_470' title='bbox 1572 1196 1681 1227; x_wconf 80' lang='lat' dir='ltr'><strong>debere</strong></span> <span class='ocrx_word' id='word_1_471' title='bbox 1707 1207 1773 1237; x_wconf 78' lang='lat' dir='ltr'><strong>quae</strong></span> 
     </span>
    </p>
   </div>
   <div class='ocr_carea' id='block_1_69' title="bbox 955 1240 1774 1280">
    <p class='ocr_par' dir='ltr' id='par_1_69' title="bbox 955 1240 1774 1280">
     <span class='ocr_line' id='line_1_70' title="bbox 955 1240 1774 1280; baseline 0 -8"><span class='ocrx_word' id='word_1_472' title='bbox 955 1241 1034 1272; x_wconf 90' lang='lat' dir='ltr'><strong>Dens</strong></span> <span class='ocrx_word' id='word_1_473' title='bbox 1045 1241 1154 1280; x_wconf 82' lang='lat' dir='ltr'><strong>conjun</strong></span> <span class='ocrx_word' id='word_1_474' title='bbox 1163 1253 1172 1270; x_wconf 75' lang='grc' dir='ltr'>ι.</span> <span class='ocrx_word' id='word_1_475' title='bbox 1180 1242 1245 1272; x_wconf 89' lang='lat' dir='ltr'><strong>erit.</strong></span> <span class='ocrx_word' id='word_1_476' title='bbox 1257 1240 1423 1276; x_wconf 84' lang='lat' dir='ltr'><strong>Quinetiam</strong></span> <span class='ocrx_word' id='word_1_477' title='bbox 1432 1241 1588 1280; x_wconf 86' lang='lat' dir='ltr'><strong>Apostolus</strong></span> <span class='ocrx_word' id='word_1_478' title='bbox 1599 1241 1774 1273; x_wconf 83' lang='lat' dir='ltr'><strong>honorabile</strong></span> 
     </span>
    </p>
   </div>
   <div class='ocr_carea' id='block_1_70' title="bbox 956 1285 1775 1324">
    <p class='ocr_par' dir='ltr' id='par_1_70' title="bbox 956 1285 1775 1324">
     <span class='ocr_line' id='line_1_71' title="bbox 956 1285 1775 1324; baseline 0.004 -9"><span class='ocrx_word' id='word_1_479' title='bbox 956 1285 1027 1316; x_wconf 87' lang='lat' dir='ltr'><strong>dicit</strong></span> <span class='ocrx_word' id='word_1_480' title='bbox 1039 1294 1105 1316; x_wconf 89' lang='lat' dir='ltr'><strong>esse</strong></span> <span class='ocrx_word' id='word_1_481' title='bbox 1118 1285 1351 1323; x_wconf 85' lang='lat' dir='ltr'><strong>matrimonium,</strong></span> <span class='ocrx_word' id='word_1_482' title='bbox 1366 1285 1510 1316; x_wconf 88' lang='lat' dir='ltr'><strong>etlectum</strong></span> <span class='ocrx_word' id='word_1_483' title='bbox 1521 1285 1720 1324; x_wconf 88' lang='lat' dir='ltr'><strong>impollutum.</strong></span> <span class='ocrx_word' id='word_1_484' title='bbox 1733 1290 1775 1318; x_wconf 82' lang='lat' dir='ltr'><strong>Ac</strong></span> 
     </span>
    </p>
   </div>
   <div class='ocr_carea' id='block_1_71' title="bbox 954 1329 1775 1371">
    <p class='ocr_par' dir='ltr' id='par_1_71' title="bbox 954 1329 1775 1371">
     <span class='ocr_line' id='line_1_72' title="bbox 954 1329 1775 1371; baseline 0.002 -12"><span class='ocrx_word' id='word_1_485' title='bbox 954 1338 1084 1367; x_wconf 86' lang='lat' dir='ltr'><strong>rursum,</strong></span> <span class='ocrx_word' id='word_1_486' title='bbox 1097 1330 1238 1368; x_wconf 69' lang='lat' dir='ltr'><strong>Alligatus</strong></span> <span class='ocrx_word' id='word_1_487' title='bbox 1251 1339 1283 1360; x_wconf 90' lang='lat' dir='ltr'><strong>es</strong></span> <span class='ocrx_word' id='word_1_488' title='bbox 1294 1329 1438 1360; x_wconf 81' lang='lat' dir='ltr'><strong>mulieri?</strong></span> <span class='ocrx_word' id='word_1_489' title='bbox 1450 1329 1624 1360; x_wconf 81' lang='lat' dir='ltr'><strong>solutionem</strong></span> <span class='ocrx_word' id='word_1_490' title='bbox 1643 1339 1680 1361; x_wconf 87' lang='lat' dir='ltr'><strong>ne</strong></span> <span class='ocrx_word' id='word_1_491' title='bbox 1693 1340 1775 1371; x_wconf 70' lang='lat' dir='ltr'><strong>quae-</strong></span> 
     </span>
    </p>
   </div>
   <div class='ocr_carea' id='block_1_72' title="bbox 955 1373 1773 1414">
    <p class='ocr_par' dir='ltr' id='par_1_72' title="bbox 955 1373 1773 1414">
     <span class='ocr_line' id='line_1_73' title="bbox 955 1373 1773 1414; baseline 0.001 -10"><span class='ocrx_word' id='word_1_492' title='bbox 955 1374 1024 1404; x_wconf 87' lang='lat' dir='ltr'><strong>rito.</strong></span> <span class='ocrx_word' id='word_1_493' title='bbox 1037 1373 1234 1410; x_wconf 87' lang='lat' dir='ltr'><strong>Quamobrem</strong></span> <span class='ocrx_word' id='word_1_494' title='bbox 1248 1374 1298 1414; x_wconf 92' lang='lat' dir='ltr'><strong>qui</strong></span> <span class='ocrx_word' id='word_1_495' title='bbox 1309 1374 1478 1407; x_wconf 70' lang='lat' dir='ltr'><strong>diaconum.</strong></span> <span class='ocrx_word' id='word_1_496' title='bbox 1492 1375 1536 1405; x_wconf 90' lang='lat' dir='ltr'><strong>vel</strong></span> <span class='ocrx_word' id='word_1_497' title='bbox 1547 1374 1773 1411; x_wconf 81' lang='lat' dir='ltr'><strong>subdiaconum,</strong></span> 
     </span>
    </p>
   </div>
   <div class='ocr_carea' id='block_1_73' title="bbox 955 1419 1777 1460">
    <p class='ocr_par' dir='ltr' id='par_1_73' title="bbox 955 1419 1777 1460">
     <span class='ocr_line' id='line_1_74' title="bbox 955 1419 1777 1460; baseline 0.002 -11"><span class='ocrx_word' id='word_1_498' title='bbox 955 1419 1000 1449; x_wconf 88' lang='lat' dir='ltr'><strong>vel</strong></span> <span class='ocrx_word' id='word_1_499' title='bbox 1016 1419 1216 1459; x_wconf 71' lang='lat' dir='ltr'><strong>presbyterum</strong></span> <span class='ocrx_word' id='word_1_500' title='bbox 1228 1419 1436 1459; x_wconf 84' lang='lat' dir='ltr'><strong>conjunctione</strong></span> <span class='ocrx_word' id='word_1_501' title='bbox 1458 1429 1524 1450; x_wconf 90' lang='lat' dir='ltr'><strong>cum</strong></span> <span class='ocrx_word' id='word_1_502' title='bbox 1543 1429 1633 1450; x_wconf 90' lang='lat' dir='ltr'><strong>uxore</strong></span> <span class='ocrx_word' id='word_1_503' title='bbox 1647 1420 1777 1460; x_wconf 83' lang='lat' dir='ltr'><strong>legitima</strong></span> 
     </span>
    </p>
   </div>
   <div class='ocr_carea' id='block_1_74' title="bbox 341 1463 909 1505">
    <p class='ocr_par' dir='ltr' id='par_1_74' title="bbox 341 1463 909 1504">
     <span class='ocr_line' id='line_1_75' title="bbox 341 1463 909 1504; baseline 0.002 -13"><span class='ocrx_word' id='word_1_504' title='bbox 341 1463 388 1491; x_wconf 73' lang='grc' dir='ltr'>’ίνα</span> <span class='ocrx_word' id='word_1_505' title='bbox 413 1464 520 1503; x_wconf 75' lang='grc' dir='ltr'>καθαροὶ</span> <span class='ocrx_word' id='word_1_506' title='bbox 543 1467 582 1500; x_wconf 86' lang='grc' dir='ltr'>τῷ</span> <span class='ocrx_word' id='word_1_507' title='bbox 609 1465 714 1503; x_wconf 72' lang='grc' dir='ltr'>καθαρῷ</span> <span class='ocrx_word' id='word_1_508' title='bbox 748 1465 909 1504; x_wconf 73' lang='grc' dir='ltr'>προσιόντες,</span> 
     </span>
    </p>
   </div>
   <div class='ocr_carea' id='block_1_75' title="bbox 991 1463 1775 1505">
    <p class='ocr_par' dir='ltr' id='par_1_75' title="bbox 992 1463 1775 1505">
     <span class='ocr_line' id='line_1_76' title="bbox 992 1463 1775 1505; baseline 0.003 -12"><span class='ocrx_word' id='word_1_509' title='bbox 992 1463 1060 1500; x_wconf 91' lang='lat' dir='ltr'><strong>ivat,</strong></span> <span class='ocrx_word' id='word_1_510' title='bbox 1074 1463 1239 1502; x_wconf 82' lang='lat' dir='ltr'><strong>deponitor.</strong></span> <span class='ocrx_word' id='word_1_511' title='bbox 1254 1463 1381 1503; x_wconf 86' lang='lat' dir='ltr'><strong>Excepto</strong></span> <span class='ocrx_word' id='word_1_512' title='bbox 1393 1468 1490 1494; x_wconf 89' lang='lat' dir='ltr'><strong>tamen</strong></span> <span class='ocrx_word' id='word_1_513' title='bbox 1514 1464 1636 1495; x_wconf 82' lang='lat' dir='ltr'><strong>deﬁnito</strong></span> <span class='ocrx_word' id='word_1_514' title='bbox 1648 1465 1775 1505; x_wconf 83' lang='lat' dir='ltr'><strong>quodam</strong></span> 
     </span>
    </p>
   </div>
   <div class='ocr_carea' id='block_1_76' title="bbox 959 1509 1775 1549">
    <p class='ocr_par' dir='ltr' id='par_1_76' title="bbox 959 1509 1775 1549">
     <span class='ocr_line' id='line_1_77' title="bbox 959 1509 1775 1549; baseline 0.002 -11"><span class='ocrx_word' id='word_1_515' title='bbox 959 1512 1103 1548; x_wconf 83' lang='lat' dir='ltr'><strong>tempore,</strong></span> <span class='ocrx_word' id='word_1_516' title='bbox 1120 1517 1187 1538; x_wconf 91' lang='lat' dir='ltr'><strong>cum</strong></span> <span class='ocrx_word' id='word_1_517' title='bbox 1203 1517 1285 1539; x_wconf 85' lang='lat' dir='ltr'><strong>sacra</strong></span> <span class='ocrx_word' id='word_1_518' title='bbox 1300 1512 1368 1538; x_wconf 88' lang='lat' dir='ltr'><strong>sunt</strong></span> <span class='ocrx_word' id='word_1_519' title='bbox 1384 1509 1555 1538; x_wconf 87' lang='lat' dir='ltr'><strong>tractaturi:</strong></span> <span class='ocrx_word' id='word_1_520' title='bbox 1587 1513 1618 1538; x_wconf 92' lang='lat' dir='ltr'><strong>ut</strong></span> <span class='ocrx_word' id='word_1_521' title='bbox 1638 1509 1703 1549; x_wconf 87' lang='lat' dir='ltr'><strong>puri</strong></span> <span class='ocrx_word' id='word_1_522' title='bbox 1719 1519 1775 1549; x_wconf 87' lang='lat' dir='ltr'><strong>pu-</strong></span> 
     </span>
    </p>
   </div>
   <div class='ocr_carea' id='block_1_77' title="bbox 958 1552 1778 1592">
    <p class='ocr_par' dir='ltr' id='par_1_77' title="bbox 958 1552 1778 1592">
     <span class='ocr_line' id='line_1_78' title="bbox 958 1552 1778 1592; baseline 0.002 -10"><span class='ocrx_word' id='word_1_523' title='bbox 958 1561 1024 1582; x_wconf 92' lang='lat' dir='ltr'><strong>rum</strong></span> <span class='ocrx_word' id='word_1_524' title='bbox 1033 1552 1185 1592; x_wconf 83' lang='lat' dir='ltr'><strong>adeuntes,</strong></span> <span class='ocrx_word' id='word_1_525' title='bbox 1205 1561 1309 1592; x_wconf 78' lang='lat' dir='ltr'><strong>preces</strong></span> <span class='ocrx_word' id='word_1_526' title='bbox 1323 1561 1391 1582; x_wconf 86' lang='lat' dir='ltr'><strong>suas</strong></span> <span class='ocrx_word' id='word_1_527' title='bbox 1406 1552 1568 1583; x_wconf 89' lang='lat' dir='ltr'><strong>obtineant.</strong></span> <span class='ocrx_word' id='word_1_528' title='bbox 1585 1553 1682 1584; x_wconf 86' lang='lat' dir='ltr'><strong>Etiam</strong></span> <span class='ocrx_word' id='word_1_529' title='bbox 1700 1563 1778 1584; x_wconf 90' lang='lat' dir='ltr'><strong>non-</strong></span> 
     </span>
    </p>
   </div>
   <div class='ocr_carea' id='block_1_78' title="bbox 959 1596 1781 1637">
    <p class='ocr_par' dir='ltr' id='par_1_78' title="bbox 959 1596 1781 1637">
     <span class='ocr_line' id='line_1_79' title="bbox 959 1596 1781 1637; baseline 0.002 -11"><span class='ocrx_word' id='word_1_530' title='bbox 959 1596 1047 1627; x_wconf 92' lang='lat' dir='ltr'><strong>nullis</strong></span> <span class='ocrx_word' id='word_1_531' title='bbox 1058 1597 1227 1637; x_wconf 85' lang='lat' dir='ltr'><strong>eorum,qui</strong></span> <span class='ocrx_word' id='word_1_532' title='bbox 1238 1597 1316 1637; x_wconf 85' lang='lat' dir='ltr'><strong>apud</strong></span> <span class='ocrx_word' id='word_1_533' title='bbox 1322 1596 1448 1628; x_wconf 74' lang='lat' dir='ltr'><strong>Nicaeam</strong></span> <span class='ocrx_word' id='word_1_534' title='bbox 1455 1596 1582 1636; x_wconf 91' lang='lat' dir='ltr'><strong>primum</strong></span> <span class='ocrx_word' id='word_1_535' title='bbox 1590 1597 1781 1629; x_wconf 72' lang='lat' dir='ltr'><strong>celebrabant</strong></span> 
     </span>
    </p>
   </div>
   <div class='ocr_carea' id='block_1_79' title="bbox 958 1641 1779 1682">
    <p class='ocr_par' dir='ltr' id='par_1_79' title="bbox 958 1641 1779 1682">
     <span class='ocr_line' id='line_1_80' title="bbox 958 1641 1779 1682; baseline 0.002 -11"><span class='ocrx_word' id='word_1_536' title='bbox 958 1641 1130 1677; x_wconf 83' lang='lat' dir='ltr'><strong>concilium,</strong></span> <span class='ocrx_word' id='word_1_537' title='bbox 1148 1641 1302 1672; x_wconf 77' lang='lat' dir='ltr'><strong>videbatur</strong></span> <span class='ocrx_word' id='word_1_538' title='bbox 1316 1641 1513 1672; x_wconf 84' lang='lat' dir='ltr'><strong>invehendam</strong></span> <span class='ocrx_word' id='word_1_539' title='bbox 1522 1651 1585 1672; x_wconf 90' lang='lat' dir='ltr'><strong>rem</strong></span> <span class='ocrx_word' id='word_1_540' title='bbox 1602 1641 1779 1682; x_wconf 83' lang='lat' dir='ltr'><strong>vituperabi—</strong></span> 
     </span>
    </p>
   </div>
   <div class='ocr_carea' id='block_1_80' title="bbox 958 1684 1779 1725">
    <p class='ocr_par' dir='ltr' id='par_1_80' title="bbox 958 1684 1779 1725">
     <span class='ocr_line' id='line_1_81' title="bbox 958 1684 1779 1725; baseline 0.002 -10"><span class='ocrx_word' id='word_1_541' title='bbox 958 1684 1028 1722; x_wconf 91' lang='lat' dir='ltr'><strong>lem,</strong></span> <span class='ocrx_word' id='word_1_542' title='bbox 1046 1690 1077 1715; x_wconf 90' lang='lat' dir='ltr'><strong>ut</strong></span> <span class='ocrx_word' id='word_1_543' title='bbox 1093 1685 1234 1725; x_wconf 74' lang='lat' dir='ltr'><strong>episcopi,</strong></span> <span class='ocrx_word' id='word_1_544' title='bbox 1249 1690 1278 1716; x_wconf 90' lang='lat' dir='ltr'><strong>et</strong></span> <span class='ocrx_word' id='word_1_545' title='bbox 1293 1685 1467 1725; x_wconf 72' lang='lat' dir='ltr'><strong>presbyteri,</strong></span> <span class='ocrx_word' id='word_1_546' title='bbox 1484 1685 1650 1723; x_wconf 86' lang='lat' dir='ltr'><strong>etdiaconi,</strong></span> <span class='ocrx_word' id='word_1_547' title='bbox 1663 1690 1692 1716; x_wconf 86' lang='lat' dir='ltr'><strong>et</strong></span> <span class='ocrx_word' id='word_1_548' title='bbox 1707 1686 1779 1717; x_wconf 90' lang='lat' dir='ltr'><strong>sub-</strong></span> 
     </span>
    </p>
   </div>
   <div class='ocr_carea' id='block_1_81' title="bbox 957 1729 1778 1770">
    <p class='ocr_par' dir='ltr' id='par_1_81' title="bbox 957 1729 1778 1770">
     <span class='ocr_line' id='line_1_82' title="bbox 957 1729 1778 1770; baseline 0.002 -11"><span class='ocrx_word' id='word_1_549' title='bbox 957 1729 1087 1765; x_wconf 87' lang='lat' dir='ltr'><strong>diaconi,</strong></span> <span class='ocrx_word' id='word_1_550' title='bbox 1100 1739 1167 1760; x_wconf 89' lang='lat' dir='ltr'><strong>cum</strong></span> <span class='ocrx_word' id='word_1_551' title='bbox 1180 1730 1323 1761; x_wconf 82' lang='lat' dir='ltr'><strong>uxoribus</strong></span> <span class='ocrx_word' id='word_1_552' title='bbox 1347 1730 1408 1760; x_wconf 83' lang='lat' dir='ltr'><strong>suis</strong></span> <span class='ocrx_word' id='word_1_553' title='bbox 1420 1730 1541 1760; x_wconf 90' lang='lat' dir='ltr'><strong>omnino</strong></span> <span class='ocrx_word' id='word_1_554' title='bbox 1554 1739 1612 1764; x_wconf 87' lang='lat' dir='ltr'><strong>non</strong></span> <span class='ocrx_word' id='word_1_555' title='bbox 1624 1730 1778 1770; x_wconf 84' lang='lat' dir='ltr'><strong>cubarent,</strong></span> 
     </span>
    </p>
   </div>
   <div class='ocr_carea' id='block_1_82' title="bbox 957 1774 1776 1815">
    <p class='ocr_par' dir='ltr' id='par_1_82' title="bbox 957 1774 1776 1815">
     <span class='ocr_line' id='line_1_83' title="bbox 957 1774 1776 1815; baseline 0.001 -11"><span class='ocrx_word' id='word_1_556' title='bbox 957 1782 1030 1814; x_wconf 88' lang='lat' dir='ltr'><strong>quas</strong></span> <span class='ocrx_word' id='word_1_557' title='bbox 1046 1774 1126 1814; x_wconf 86' lang='lat' dir='ltr'><strong>prius</strong></span> <span class='ocrx_word' id='word_1_558' title='bbox 1141 1775 1305 1812; x_wconf 87' lang='lat' dir='ltr'><strong>duxissent,</strong></span> <span class='ocrx_word' id='word_1_559' title='bbox 1323 1783 1409 1815; x_wconf 88' lang='lat' dir='ltr'><strong>quam</strong></span> <span class='ocrx_word' id='word_1_560' title='bbox 1432 1774 1605 1805; x_wconf 82' lang='lat' dir='ltr'><strong>sacerdotiis</strong></span> <span class='ocrx_word' id='word_1_561' title='bbox 1619 1775 1776 1806; x_wconf 87' lang='lat' dir='ltr'><strong>initiaren-</strong></span> 
     </span>
    </p>
   </div>
   <div class='ocr_carea' id='block_1_83' title="bbox 963 1818 1776 1859">
    <p class='ocr_par' dir='ltr' id='par_1_83' title="bbox 963 1818 1776 1859">
     <span class='ocr_line' id='line_1_84' title="bbox 963 1818 1776 1859; baseline 0.002 -11"><span class='ocrx_word' id='word_1_562' title='bbox 963 1821 1022 1848; x_wconf 88' lang='lat' dir='ltr'><strong>tur.</strong></span> <span class='ocrx_word' id='word_1_563' title='bbox 1040 1819 1146 1849; x_wconf 84' lang='lat' dir='ltr'><strong>Verum</strong></span> <span class='ocrx_word' id='word_1_564' title='bbox 1176 1820 1369 1859; x_wconf 85' lang='lat' dir='ltr'><strong>Paphnutius,</strong></span> <span class='ocrx_word' id='word_1_565' title='bbox 1400 1819 1486 1849; x_wconf 89' lang='lat' dir='ltr'><strong>unius</strong></span> <span class='ocrx_word' id='word_1_566' title='bbox 1513 1819 1550 1849; x_wconf 86' lang='lat' dir='ltr'><strong>ad</strong></span> <span class='ocrx_word' id='word_1_567' title='bbox 1577 1818 1696 1850; x_wconf 87' lang='lat' dir='ltr'><strong>Thebas</strong></span> <span class='ocrx_word' id='word_1_568' title='bbox 1713 1820 1776 1850; x_wconf 73' lang='lat' dir='ltr'><strong>sitae</strong></span> 
     </span>
    </p>
   </div>
   <div class='ocr_carea' id='block_1_84' title="bbox 962 1862 1781 1904">
    <p class='ocr_par' dir='ltr' id='par_1_84' title="bbox 962 1862 1781 1904">
     <span class='ocr_line' id='line_1_85' title="bbox 962 1862 1781 1904; baseline 0.001 -11"><span class='ocrx_word' id='word_1_569' title='bbox 962 1862 1086 1893; x_wconf 86' lang='lat' dir='ltr'><strong>civitatis</strong></span> <span class='ocrx_word' id='word_1_570' title='bbox 1101 1863 1268 1903; x_wconf 77' lang='lat' dir='ltr'><strong>episcopus,</strong></span> <span class='ocrx_word' id='word_1_571' title='bbox 1285 1864 1336 1904; x_wconf 90' lang='lat' dir='ltr'><strong>qui</strong></span> <span class='ocrx_word' id='word_1_572' title='bbox 1351 1865 1394 1894; x_wconf 86' lang='lat' dir='ltr'><strong>vir</strong></span> <span class='ocrx_word' id='word_1_573' title='bbox 1408 1873 1425 1894; x_wconf 88' lang='lat' dir='ltr'><strong>a</strong></span> <span class='ocrx_word' id='word_1_574' title='bbox 1444 1872 1534 1903; x_wconf 78' lang='lat' dir='ltr'><strong>puero</strong></span> <span class='ocrx_word' id='word_1_575' title='bbox 1553 1863 1694 1894; x_wconf 88' lang='lat' dir='ltr'><strong>educatus</strong></span> <span class='ocrx_word' id='word_1_576' title='bbox 1718 1869 1781 1896; x_wconf 87' lang='lat' dir='ltr'><strong>erat</strong></span> 
     </span>
    </p>
   </div>
   <div class='ocr_carea' id='block_1_85' title="bbox 960 1907 1780 1948">
    <p class='ocr_par' dir='ltr' id='par_1_85' title="bbox 960 1907 1780 1948">
     <span class='ocr_line' id='line_1_86' title="bbox 960 1907 1780 1948; baseline 0.002 -11"><span class='ocrx_word' id='word_1_577' title='bbox 960 1907 992 1938; x_wconf 88' lang='lat' dir='ltr'><strong>in</strong></span> <span class='ocrx_word' id='word_1_578' title='bbox 1007 1907 1070 1938; x_wconf 89' lang='lat' dir='ltr'><strong>loco</strong></span> <span class='ocrx_word' id='word_1_579' title='bbox 1086 1908 1142 1948; x_wconf 87' lang='lat' dir='ltr'><strong>piis</strong></span> <span class='ocrx_word' id='word_1_580' title='bbox 1156 1908 1305 1939; x_wconf 86' lang='lat' dir='ltr'><strong>exercitiis</strong></span> <span class='ocrx_word' id='word_1_581' title='bbox 1319 1909 1438 1946; x_wconf 86' lang='lat' dir='ltr'><strong>dictato,</strong></span> <span class='ocrx_word' id='word_1_582' title='bbox 1467 1913 1496 1938; x_wconf 93' lang='lat' dir='ltr'><strong>et</strong></span> <span class='ocrx_word' id='word_1_583' title='bbox 1510 1917 1628 1939; x_wconf 90' lang='lat' dir='ltr'><strong>omnem</strong></span> <span class='ocrx_word' id='word_1_584' title='bbox 1644 1908 1780 1939; x_wconf 86' lang='lat' dir='ltr'><strong>virtutem</strong></span> 
     </span>
    </p>
   </div>
   <div class='ocr_carea' id='block_1_86' title="bbox 962 1952 1782 1993">
    <p class='ocr_par' dir='ltr' id='par_1_86' title="bbox 962 1952 1782 1993">
     <span class='ocr_line' id='line_1_87' title="bbox 962 1952 1782 1993; baseline 0.001 -10"><span class='ocrx_word' id='word_1_585' title='bbox 962 1953 1093 1992; x_wconf 77' lang='lat' dir='ltr'><strong>perfecte</strong></span> <span class='ocrx_word' id='word_1_586' title='bbox 1108 1953 1251 1991; x_wconf 90' lang='lat' dir='ltr'><strong>coluerat,</strong></span> <span class='ocrx_word' id='word_1_587' title='bbox 1270 1963 1303 1984; x_wconf 86' lang='lat' dir='ltr'><strong>ac</strong></span> <span class='ocrx_word' id='word_1_588' title='bbox 1327 1953 1357 1984; x_wconf 94' lang='lat' dir='ltr'><strong>in</strong></span> <span class='ocrx_word' id='word_1_589' title='bbox 1386 1953 1489 1993; x_wconf 88' lang='lat' dir='ltr'><strong>primis</strong></span> <span class='ocrx_word' id='word_1_590' title='bbox 1505 1952 1625 1983; x_wconf 90' lang='lat' dir='ltr'><strong>nomine</strong></span> <span class='ocrx_word' id='word_1_591' title='bbox 1640 1953 1782 1984; x_wconf 89' lang='lat' dir='ltr'><strong>castitatis</strong></span> 
     </span>
    </p>
   </div>
   <div class='ocr_carea' id='block_1_87' title="bbox 961 1997 1783 2038">
    <p class='ocr_par' dir='ltr' id='par_1_87' title="bbox 961 1997 1783 2038">
     <span class='ocr_line' id='line_1_88' title="bbox 961 1997 1783 2038; baseline 0.001 -11"><span class='ocrx_word' id='word_1_592' title='bbox 961 1997 1187 2033; x_wconf 84' lang='lat' dir='ltr'><strong>celebrabatur;</strong></span> <span class='ocrx_word' id='word_1_593' title='bbox 1215 1997 1274 2028; x_wconf 91' lang='lat' dir='ltr'><strong>imo</strong></span> <span class='ocrx_word' id='word_1_594' title='bbox 1290 1998 1339 2038; x_wconf 89' lang='lat' dir='ltr'><strong>qui</strong></span> <span class='ocrx_word' id='word_1_595' title='bbox 1354 1997 1550 2028; x_wconf 87' lang='lat' dir='ltr'><strong>confessionis</strong></span> <span class='ocrx_word' id='word_1_596' title='bbox 1566 1997 1655 2028; x_wconf 87' lang='lat' dir='ltr'><strong>etiam</strong></span> <span class='ocrx_word' id='word_1_597' title='bbox 1671 2006 1783 2028; x_wconf 87' lang='lat' dir='ltr'><strong>corona</strong></span> 
     </span>
    </p>
   </div>
   <div class='ocr_carea' id='block_1_88' title="bbox 960 2041 1781 2082">
    <p class='ocr_par' dir='ltr' id='par_1_88' title="bbox 960 2041 1781 2082">
     <span class='ocr_line' id='line_1_89' title="bbox 960 2041 1781 2082; baseline 0.001 -11"><span class='ocrx_word' id='word_1_598' title='bbox 960 2041 1056 2072; x_wconf 79' lang='lat' dir='ltr'><strong>fuerat</strong></span> <span class='ocrx_word' id='word_1_599' title='bbox 1067 2045 1198 2080; x_wconf 85' lang='lat' dir='ltr'><strong>ornatus,</strong></span> <span class='ocrx_word' id='word_1_600' title='bbox 1211 2042 1289 2082; x_wconf 92' lang='lat' dir='ltr'><strong>quod</strong></span> <span class='ocrx_word' id='word_1_601' title='bbox 1300 2042 1375 2073; x_wconf 87' lang='lat' dir='ltr'><strong>alter</strong></span> <span class='ocrx_word' id='word_1_602' title='bbox 1385 2043 1487 2073; x_wconf 91' lang='lat' dir='ltr'><strong>oculus</strong></span> <span class='ocrx_word' id='word_1_603' title='bbox 1508 2043 1534 2072; x_wconf 91' lang='lat' dir='ltr'><strong>ei</strong></span> <span class='ocrx_word' id='word_1_604' title='bbox 1549 2047 1668 2082; x_wconf 82' lang='lat' dir='ltr'><strong>propter</strong></span> <span class='ocrx_word' id='word_1_605' title='bbox 1683 2042 1781 2082; x_wconf 85' lang='lat' dir='ltr'><strong>pieta-</strong></span> 
     </span>
    </p>
   </div>
   <div class='ocr_carea' id='block_1_89' title="bbox 961 2086 1784 2126">
    <p class='ocr_par' dir='ltr' id='par_1_89' title="bbox 961 2086 1784 2126">
     <span class='ocr_line' id='line_1_90' title="bbox 961 2086 1784 2126; baseline 0.001 -10"><span class='ocrx_word' id='word_1_606' title='bbox 961 2090 1019 2116; x_wconf 89' lang='lat' dir='ltr'><strong>tem</strong></span> <span class='ocrx_word' id='word_1_607' title='bbox 1036 2086 1161 2117; x_wconf 74' lang='lat' dir='ltr'><strong>eﬂ‘ossus</strong></span> <span class='ocrx_word' id='word_1_608' title='bbox 1177 2091 1255 2117; x_wconf 85' lang='lat' dir='ltr'><strong>esset</strong></span> <span class='ocrx_word' id='word_1_609' title='bbox 1272 2099 1279 2123; x_wconf 89' lang='lat'>;</span> <span class='ocrx_word' id='word_1_610' title='bbox 1307 2087 1383 2118; x_wconf 84' lang='lat' dir='ltr'><strong>hanc</strong></span> <span class='ocrx_word' id='word_1_611' title='bbox 1399 2087 1574 2118; x_wconf 80' lang='lat' dir='ltr'><strong>sententiam</strong></span> <span class='ocrx_word' id='word_1_612' title='bbox 1591 2086 1784 2126; x_wconf 85' lang='lat' dir='ltr'><strong>probantibus</strong></span> 
     </span>
    </p>
   </div>
   <div class='ocr_carea' id='block_1_90' title="bbox 91 2130 909 2172">
    <p class='ocr_par' dir='ltr' id='par_1_90' title="bbox 91 2132 909 2171">
     <span class='ocr_line' id='line_1_91' title="bbox 91 2132 909 2171; baseline 0 -9"><span class='ocrx_word' id='word_1_613' title='bbox 91 2132 285 2162; x_wconf 77' lang='grc' dir='ltr'>Συνεϐούλευσὲ</span> <span class='ocrx_word' id='word_1_614' title='bbox 303 2143 331 2160; x_wconf 88' lang='grc' dir='ltr'><strong>τε</strong></span> <span class='ocrx_word' id='word_1_615' title='bbox 361 2135 396 2171; x_wconf 72' lang='grc' dir='ltr'>τῇ</span> <span class='ocrx_word' id='word_1_616' title='bbox 417 2132 528 2170; x_wconf 69' lang='grc' dir='ltr'>συνόδῳ,</span> <span class='ocrx_word' id='word_1_617' title='bbox 556 2133 595 2170; x_wconf 81' lang='grc' dir='ltr'><strong>μὴ</strong></span> <span class='ocrx_word' id='word_1_618' title='bbox 617 2136 735 2162; x_wconf 77' lang='grc' dir='ltr'>τοιοῦτον</span> <span class='ocrx_word' id='word_1_619' title='bbox 765 2134 851 2162; x_wconf 81' lang='grc' dir='ltr'>Θέσθαι</span> <span class='ocrx_word' id='word_1_620' title='bbox 874 2135 909 2162; x_wconf 89' lang='grc' dir='ltr'>νό-</span> 
     </span>
    </p>
   </div>
   <div class='ocr_carea' id='block_1_91' title="bbox 991 2130 1782 2172">
    <p class='ocr_par' dir='ltr' id='par_1_91' title="bbox 991 2130 1782 2172">
     <span class='ocr_line' id='line_1_92' title="bbox 991 2130 1782 2172; baseline 0.001 -12"><span class='ocrx_word' id='word_1_621' title='bbox 991 2130 1149 2167; x_wconf 79' lang='lat' dir='ltr'><strong>intradixit,</strong></span> <span class='ocrx_word' id='word_1_622' title='bbox 1169 2140 1235 2161; x_wconf 92' lang='lat' dir='ltr'><strong>cum</strong></span> <span class='ocrx_word' id='word_1_623' title='bbox 1252 2132 1441 2163; x_wconf 84' lang='lat' dir='ltr'><strong>honorabiles</strong></span> <span class='ocrx_word' id='word_1_624' title='bbox 1456 2141 1520 2162; x_wconf 89' lang='lat' dir='ltr'><strong>esse</strong></span> <span class='ocrx_word' id='word_1_625' title='bbox 1530 2131 1643 2162; x_wconf 88' lang='lat' dir='ltr'><strong>diceret</strong></span> <span class='ocrx_word' id='word_1_626' title='bbox 1653 2131 1782 2172; x_wconf 82' lang='lat' dir='ltr'><strong>nuptias,</strong></span> 
     </span>
    </p>
   </div>
   <div class='ocr_carea' id='block_1_92' title="bbox 93 2177 922 2219">
    <p class='ocr_par' dir='ltr' id='par_1_92' title="bbox 93 2177 922 2219">
     <span class='ocr_line' id='line_1_93' title="bbox 93 2177 922 2219; baseline 0 -12"><span class='ocrx_word' id='word_1_627' title='bbox 93 2190 158 2217; x_wconf 82' lang='grc' dir='ltr'>μον,</span> <span class='ocrx_word' id='word_1_628' title='bbox 176 2177 302 2218; x_wconf 71' lang='grc' dir='ltr'>δυσχερὲς</span> <span class='ocrx_word' id='word_1_629' title='bbox 317 2177 387 2205; x_wconf 79' lang='grc' dir='ltr'>εἶναι</span> <span class='ocrx_word' id='word_1_630' title='bbox 416 2183 474 2209; x_wconf 78' lang='grc' dir='ltr'>τοῖς</span> <span class='ocrx_word' id='word_1_631' title='bbox 499 2177 525 2205; x_wconf 83' lang='grc' dir='ltr'>ἐν</span> <span class='ocrx_word' id='word_1_632' title='bbox 547 2178 646 2219; x_wconf 28' lang='grc' dir='ltr'>,κόσμῳ</span> <span class='ocrx_word' id='word_1_633' title='bbox 666 2177 782 2217; x_wconf 76' lang='grc' dir='ltr'>διάγουσι</span> <span class='ocrx_word' id='word_1_634' title='bbox 805 2180 835 2206; x_wconf 66' lang='grc' dir='ltr'>τὺ</span> <span class='ocrx_word' id='word_1_635' title='bbox 851 2183 922 2219; x_wconf 81' lang='grc' dir='ltr'>πρᾶ-</span> 
     </span>
    </p>
   </div>
   <div class='ocr_carea' id='block_1_93' title="bbox 93 2213 923 2262">
    <p class='ocr_par' dir='ltr' id='par_1_93' title="bbox 93 2213 923 2262">
     <span class='ocr_line' id='line_1_94' title="bbox 93 2213 923 2262; baseline 0.002 -12"><span class='ocrx_word' id='word_1_636' title='bbox 93 2213 155 2262; x_wconf 74' lang='grc' dir='ltr'><strong>γμα</strong></span> <span class='ocrx_word' id='word_1_637' title='bbox 289 2221 511 2261; x_wconf 72' lang='grc' dir='ltr'>ἀποφαινόμενος.</span> <span class='ocrx_word' id='word_1_638' title='bbox 544 2213 618 2253; x_wconf 51' lang='grc' dir='ltr'>’Ῐσως</span> <span class='ocrx_word' id='word_1_639' title='bbox 634 2213 696 2262; x_wconf 71' lang='grc' dir='ltr'><strong>γὰρ</strong></span> <span class='ocrx_word' id='word_1_640' title='bbox 715 2213 768 2250; x_wconf 77' lang='grc' dir='ltr'><strong>¹τοῦ</strong></span> <span class='ocrx_word' id='word_1_641' title='bbox 796 2223 858 2262; x_wconf 86' lang='grc' dir='ltr'>τόγε</span> <span class='ocrx_word' id='word_1_642' title='bbox 872 2213 923 2252; x_wconf 76' lang='grc' dir='ltr'><strong>¹καὶ</strong></span> 
     </span>
    </p>
   </div>
   <div class='ocr_carea' id='block_1_94' title="bbox 93 2266 922 2307">
    <p class='ocr_par' dir='ltr' id='par_1_94' title="bbox 93 2266 922 2307">
     <span class='ocr_line' id='line_1_95' title="bbox 93 2266 922 2307; baseline 0 -11"><span class='ocrx_word' id='word_1_643' title='bbox 93 2267 192 2298; x_wconf 71' lang='grc' dir='ltr'>αὐτοῖς</span> <span class='ocrx_word' id='word_1_644' title='bbox 206 2273 268 2298; x_wconf 71' lang='grc' dir='ltr'>τατς</span> <span class='ocrx_word' id='word_1_645' title='bbox 295 2266 394 2294; x_wconf 73' lang='grc' dir='ltr'>τούτων</span> <span class='ocrx_word' id='word_1_646' title='bbox 416 2273 548 2305; x_wconf 76' lang='grc' dir='ltr'>γαμεταῖς</span> <span class='ocrx_word' id='word_1_647' title='bbox 576 2271 621 2296; x_wconf 83' lang='grc' dir='ltr'>τοῦ</span> <span class='ocrx_word' id='word_1_648' title='bbox 648 2268 687 2304; x_wconf 86' lang='grc' dir='ltr'>μὴ</span> <span class='ocrx_word' id='word_1_649' title='bbox 717 2274 863 2307; x_wconf 76' lang='grc' dir='ltr'>σωφρονεῖν</span> <span class='ocrx_word' id='word_1_650' title='bbox 878 2269 922 2296; x_wconf 78' lang='grc' dir='ltr'>αἰ-</span> 
     </span>
    </p>
   </div>
   <div class='ocr_carea' id='block_1_95' title="bbox 94 2309 921 2351">
    <p class='ocr_par' dir='ltr' id='par_1_95' title="bbox 94 2309 921 2351">
     <span class='ocr_line' id='line_1_96' title="bbox 94 2309 921 2351; baseline 0.002 -12"><span class='ocrx_word' id='word_1_651' title='bbox 94 2312 140 2340; x_wconf 83' lang='grc' dir='ltr'><strong>τία</strong></span> <span class='ocrx_word' id='word_1_652' title='bbox 166 2311 307 2351; x_wconf 70' lang='grc' dir='ltr'>γενήσεται</span> <span class='ocrx_word' id='word_1_653' title='bbox 324 2309 363 2339; x_wconf 79' lang='grc' dir='ltr'><strong>1’“Ῐ.</strong></span> <span class='ocrx_word' id='word_1_654' title='bbox 389 2311 462 2339; x_wconf 78' lang='grc' dir='ltr'>Κατὰ</span> <span class='ocrx_word' id='word_1_655' title='bbox 483 2309 510 2338; x_wconf 72' lang='grc' dir='ltr'>δὲ</span> <span class='ocrx_word' id='word_1_656' title='bbox 533 2311 582 2344; x_wconf 78' lang='grc' dir='ltr'><strong>τὴν</strong></span> <span class='ocrx_word' id='word_1_657' title='bbox 602 2311 715 2350; x_wconf 81' lang='grc' dir='ltr'>ἀρχαίαν</span> <span class='ocrx_word' id='word_1_658' title='bbox 739 2315 788 2345; x_wconf 82' lang='grc' dir='ltr'><strong>τῆς</strong></span> <span class='ocrx_word' id='word_1_659' title='bbox 803 2311 921 2346; x_wconf 81' lang='grc' dir='ltr'>Ἐκκλη-</span> 
     </span>
    </p>
   </div>
   <div class='ocr_carea' id='block_1_96' title="bbox 94 2354 923 2397">
    <p class='ocr_par' dir='ltr' id='par_1_96' title="bbox 94 2354 923 2397">
     <span class='ocr_line' id='line_1_97' title="bbox 94 2354 923 2397; baseline 0.002 -13"><span class='ocrx_word' id='word_1_660' title='bbox 94 2357 155 2389; x_wconf 80' lang='grc' dir='ltr'>σίας</span> <span class='ocrx_word' id='word_1_661' title='bbox 183 2354 338 2396; x_wconf 76' lang='grc' dir='ltr'>παράδοσιν,</span> <span class='ocrx_word' id='word_1_662' title='bbox 376 2355 435 2386; x_wconf 76' lang='grc' dir='ltr'>τοὺς</span> <span class='ocrx_word' id='word_1_663' title='bbox 472 2355 519 2393; x_wconf 77' lang='grc' dir='ltr'>μὲν</span> <span class='ocrx_word' id='word_1_664' title='bbox 549 2355 666 2394; x_wconf 70' lang='grc' dir='ltr'>ἀγάμους</span> <span class='ocrx_word' id='word_1_665' title='bbox 707 2360 753 2385; x_wconf 78' lang='grc' dir='ltr'>τοῦ</span> <span class='ocrx_word' id='word_1_666' title='bbox 792 2358 923 2397; x_wconf 77' lang='grc' dir='ltr'>ἱερατικοῦ</span> 
     </span>
    </p>
   </div>
   <div class='ocr_carea' id='block_1_97' title="bbox 92 2399 922 2439">
    <p class='ocr_par' dir='ltr' id='par_1_97' title="bbox 92 2399 922 2439">
     <span class='ocr_line' id='line_1_98' title="bbox 92 2399 922 2439; baseline 0.002 -11"><span class='ocrx_word' id='word_1_667' title='bbox 92 2401 235 2439; x_wconf 82' lang='grc' dir='ltr'>τάγματος</span> <span class='ocrx_word' id='word_1_668' title='bbox 270 2399 495 2439; x_wconf 79' lang='grc' dir='ltr'>κοινωνήσαντας,</span> <span class='ocrx_word' id='word_1_669' title='bbox 532 2399 629 2437; x_wconf 81' lang='grc' dir='ltr'>μηκέτι</span> <span class='ocrx_word' id='word_1_670' title='bbox 659 2408 757 2439; x_wconf 78' lang='grc' dir='ltr'>γαμεῖν</span> <span class='ocrx_word' id='word_1_671' title='bbox 773 2409 781 2416; x_wconf 83' lang='grc'><strong>¹</strong></span> <span class='ocrx_word' id='word_1_672' title='bbox 808 2402 867 2435; x_wconf 77' lang='grc' dir='ltr'>τοὺς</span> <span class='ocrx_word' id='word_1_673' title='bbox 895 2402 922 2430; x_wconf 76' lang='grc' dir='ltr'>δὲ</span> 
     </span>
    </p>
   </div>
   <div class='ocr_carea' id='block_1_98' title="bbox 93 2443 919 2484">
    <p class='ocr_par' dir='ltr' id='par_1_98' title="bbox 93 2443 919 2484">
     <span class='ocr_line' id='line_1_99' title="bbox 93 2443 919 2484; baseline 0.001 -11"><span class='ocrx_word' id='word_1_674' title='bbox 93 2445 163 2483; x_wconf 72' lang='grc' dir='ltr'>μετὰ</span> <span class='ocrx_word' id='word_1_675' title='bbox 190 2446 237 2473; x_wconf 74' lang='grc' dir='ltr'>τὸν</span> <span class='ocrx_word' id='word_1_676' title='bbox 265 2445 350 2483; x_wconf 83' lang='grc' dir='ltr'>γάμον</span> <span class='ocrx_word' id='word_1_677' title='bbox 381 2444 416 2476; x_wconf 82' lang='grc' dir='ltr'>εἷς</span> <span class='ocrx_word' id='word_1_678' title='bbox 444 2444 586 2483; x_wconf 80' lang='grc' dir='ltr'>ἱερωσύνην</span> <span class='ocrx_word' id='word_1_679' title='bbox 620 2443 852 2484; x_wconf 77' lang='grc' dir='ltr'>προϐιϐασθέντας,</span> <span class='ocrx_word' id='word_1_680' title='bbox 883 2448 919 2474; x_wconf 80' lang='grc' dir='ltr'>ὧν</span> 
     </span>
    </p>
   </div>
   <div class='ocr_carea' id='block_1_99' title="bbox 93 2488 922 2529">
    <p class='ocr_par' dir='ltr' id='par_1_99' title="bbox 93 2488 922 2529">
     <span class='ocr_line' id='line_1_100' title="bbox 93 2488 922 2529; baseline 0.001 -11"><span class='ocrx_word' id='word_1_681' title='bbox 93 2490 190 2529; x_wconf 76' lang='grc' dir='ltr'>ἔχουσι</span> <span class='ocrx_word' id='word_1_682' title='bbox 228 2492 352 2528; x_wconf 80' lang='grc' dir='ltr'>γαμετῶν</span> <span class='ocrx_word' id='word_1_683' title='bbox 373 2488 413 2526; x_wconf 75' lang='grc' dir='ltr'>μὴ</span> <span class='ocrx_word' id='word_1_684' title='bbox 442 2489 610 2528; x_wconf 41' lang='grc' dir='ltr'><strong>⁵χωρίζεσθαι.</strong></span> <span class='ocrx_word' id='word_1_685' title='bbox 643 2490 692 2518; x_wconf 82' lang='grc' dir='ltr'>Καὶ</span> <span class='ocrx_word' id='word_1_686' title='bbox 719 2494 800 2518; x_wconf 77' lang='grc' dir='ltr'>ταῦτα</span> <span class='ocrx_word' id='word_1_687' title='bbox 829 2491 878 2528; x_wconf 78' lang='grc' dir='ltr'>μὲν</span> <span class='ocrx_word' id='word_1_688' title='bbox 909 2492 922 2519; x_wconf 80' lang='grc' dir='ltr'><strong>δ</strong></span> 
     </span>
    </p>
   </div>
   <div class='ocr_carea' id='block_1_100' title="bbox 93 2532 922 2573">
    <p class='ocr_par' dir='ltr' id='par_1_100' title="bbox 93 2532 922 2573">
     <span class='ocr_line' id='line_1_101' title="bbox 93 2532 922 2573; baseline 0.001 -12"><span class='ocrx_word' id='word_1_689' title='bbox 93 2533 273 2573; x_wconf 75' lang='grc' dir='ltr'>Παφνούτιος,</span> <span class='ocrx_word' id='word_1_690' title='bbox 300 2533 393 2571; x_wconf 85' lang='grc' dir='ltr'>καίπερ</span> <span class='ocrx_word' id='word_1_691' title='bbox 424 2533 509 2571; x_wconf 84' lang='grc' dir='ltr'>γάμου</span> <span class='ocrx_word' id='word_1_692' title='bbox 538 2532 645 2572; x_wconf 77' lang='grc' dir='ltr'>ἄπειρος</span> <span class='ocrx_word' id='word_1_693' title='bbox 665 2533 713 2566; x_wconf 79' lang='grc' dir='ltr'>ὤν,</span> <span class='ocrx_word' id='word_1_694' title='bbox 742 2533 872 2573; x_wconf 78' lang='grc' dir='ltr'>Ἐπῄνεσε</span> <span class='ocrx_word' id='word_1_695' title='bbox 895 2534 922 2564; x_wconf 79' lang='grc' dir='ltr'>δὲ</span> 
     </span>
    </p>
   </div>
   <div class='ocr_carea' id='block_1_101' title="bbox 94 2575 920 2617">
    <p class='ocr_par' dir='ltr' id='par_1_101' title="bbox 94 2575 920 2617">
     <span class='ocr_line' id='line_1_102' title="bbox 94 2575 920 2617; baseline 0.004 -12"><span class='ocrx_word' id='word_1_696' title='bbox 94 2578 146 2612; x_wconf 80' lang='grc' dir='ltr'>τὴν</span> <span class='ocrx_word' id='word_1_697' title='bbox 174 2581 220 2606; x_wconf 81' lang='grc' dir='ltr'>τοῦ</span> <span class='ocrx_word' id='word_1_698' title='bbox 249 2578 385 2605; x_wconf 82' lang='grc' dir='ltr'>θεσπεσίου</span> <span class='ocrx_word' id='word_1_699' title='bbox 416 2575 507 2616; x_wconf 79' lang='grc' dir='ltr'>ἀνδρὸς</span> <span class='ocrx_word' id='word_1_700' title='bbox 528 2577 667 2616; x_wconf 81' lang='grc' dir='ltr'>εἰσήγησιν</span> <span class='ocrx_word' id='word_1_701' title='bbox 694 2579 738 2607; x_wconf 82' lang='grc' dir='ltr'><strong>καὶ</strong></span> <span class='ocrx_word' id='word_1_702' title='bbox 769 2580 786 2613; x_wconf 79' lang='grc' dir='ltr'><strong>ἡ</strong></span> <span class='ocrx_word' id='word_1_703' title='bbox 802 2579 920 2617; x_wconf 78' lang='grc' dir='ltr'>σύνοδος,</span> 
     </span>
    </p>
   </div>
   <div class='ocr_carea' id='block_1_102' title="bbox 94 2621 922 2663">
    <p class='ocr_par' dir='ltr' id='par_1_102' title="bbox 94 2621 922 2663">
     <span class='ocr_line' id='line_1_103' title="bbox 94 2621 922 2663; baseline 0.002 -13"><span class='ocrx_word' id='word_1_704' title='bbox 94 2623 141 2650; x_wconf 86' lang='grc' dir='ltr'><strong>καὶ</strong></span> <span class='ocrx_word' id='word_1_705' title='bbox 169 2621 243 2651; x_wconf 76' lang='grc' dir='ltr'>οὐδὲν</span> <span class='ocrx_word' id='word_1_706' title='bbox 264 2623 324 2656; x_wconf 85' lang='grc' dir='ltr'>περὶ</span> <span class='ocrx_word' id='word_1_707' title='bbox 351 2621 443 2649; x_wconf 79' lang='grc' dir='ltr'>τούτου</span> <span class='ocrx_word' id='word_1_708' title='bbox 467 2621 684 2663; x_wconf 74' lang='grc' dir='ltr'>νενομοθέτηκεν,</span> <span class='ocrx_word' id='word_1_709' title='bbox 707 2623 775 2653; x_wconf 79' lang='grc' dir='ltr'>ἀλλὰ</span> <span class='ocrx_word' id='word_1_710' title='bbox 795 2627 829 2662; x_wconf 80' lang='grc' dir='ltr'>τῇ</span> <span class='ocrx_word' id='word_1_711' title='bbox 857 2624 922 2652; x_wconf 78' lang='grc' dir='ltr'>ἑκά-</span> 
     </span>
    </p>
   </div>
   <div class='ocr_carea' id='block_1_103' title="bbox 93 2665 920 2707">
    <p class='ocr_par' dir='ltr' id='par_1_103' title="bbox 93 2665 920 2707">
     <span class='ocr_line' id='line_1_104' title="bbox 93 2665 920 2707; baseline 0.004 -13"><span class='ocrx_word' id='word_1_712' title='bbox 93 2677 158 2695; x_wconf 78' lang='grc' dir='ltr'>στου</span> <span class='ocrx_word' id='word_1_713' title='bbox 171 2665 268 2705; x_wconf 82' lang='grc' dir='ltr'>γνώμῃ</span> <span class='ocrx_word' id='word_1_714' title='bbox 285 2667 316 2694; x_wconf 80' lang='grc' dir='ltr'>τὸ</span> <span class='ocrx_word' id='word_1_715' title='bbox 333 2669 454 2705; x_wconf 77' lang='grc' dir='ltr'>πρᾶγμα,</span> <span class='ocrx_word' id='word_1_716' title='bbox 484 2666 528 2694; x_wconf 80' lang='grc' dir='ltr'><strong>καὶ</strong></span> <span class='ocrx_word' id='word_1_717' title='bbox 546 2667 594 2695; x_wconf 79' lang='grc' dir='ltr'>οὒκ</span> <span class='ocrx_word' id='word_1_718' title='bbox 614 2667 719 2707; x_wconf 71' lang='grc' dir='ltr'>ἀνάγκη</span> <span class='ocrx_word' id='word_1_719' title='bbox 742 2668 829 2697; x_wconf 58' lang='lat' dir='ltr'><strong>essent</strong></span> <span class='ocrx_word' id='word_1_720' title='bbox 843 2669 920 2697; x_wconf 88' lang='grc' dir='ltr'>νενό-</span> 
     </span>
    </p>
   </div>
   <div class='ocr_carea' id='block_1_104' title="bbox 966 2175 1783 2216">
    <p class='ocr_par' dir='ltr' id='par_1_104' title="bbox 966 2175 1783 2216">
     <span class='ocr_line' id='line_1_105' title="bbox 966 2175 1783 2216; baseline 0.001 -11"><span class='ocrx_word' id='word_1_721' title='bbox 966 2179 996 2206; x_wconf 91' lang='lat' dir='ltr'><strong>et</strong></span> <span class='ocrx_word' id='word_1_722' title='bbox 1006 2175 1251 2206; x_wconf 88' lang='lat' dir='ltr'><strong>consuetudinem</strong></span> <span class='ocrx_word' id='word_1_723' title='bbox 1262 2185 1328 2207; x_wconf 91' lang='lat' dir='ltr'><strong>cum</strong></span> <span class='ocrx_word' id='word_1_724' title='bbox 1341 2177 1482 2208; x_wconf 86' lang='lat' dir='ltr'><strong>uxoribus</strong></span> <span class='ocrx_word' id='word_1_725' title='bbox 1489 2175 1651 2216; x_wconf 85' lang='lat' dir='ltr'><strong>appellaret</strong></span> <span class='ocrx_word' id='word_1_726' title='bbox 1664 2176 1783 2206; x_wconf 85' lang='lat' dir='ltr'><strong>castita-</strong></span> 
     </span>
    </p>
   </div>
   <div class='ocr_carea' id='block_1_105' title="bbox 965 2219 1786 2262">
    <p class='ocr_par' dir='ltr' id='par_1_105' title="bbox 965 2219 1786 2262">
     <span class='ocr_line' id='line_1_106' title="bbox 965 2219 1786 2262; baseline 0.002 -12"><span class='ocrx_word' id='word_1_727' title='bbox 965 2223 1035 2250; x_wconf 88' lang='lat' dir='ltr'><strong>tem.</strong></span> <span class='ocrx_word' id='word_1_728' title='bbox 1053 2219 1195 2260; x_wconf 85' lang='lat' dir='ltr'><strong>Adeoque</strong></span> <span class='ocrx_word' id='word_1_729' title='bbox 1207 2221 1318 2261; x_wconf 83' lang='lat' dir='ltr'><strong>synodo</strong></span> <span class='ocrx_word' id='word_1_730' title='bbox 1330 2226 1433 2252; x_wconf 89' lang='lat' dir='ltr'><strong>auctor</strong></span> <span class='ocrx_word' id='word_1_731' title='bbox 1453 2225 1527 2262; x_wconf 85' lang='lat' dir='ltr'><strong>erat,</strong></span> <span class='ocrx_word' id='word_1_732' title='bbox 1543 2230 1580 2251; x_wconf 91' lang='lat' dir='ltr'><strong>ne</strong></span> <span class='ocrx_word' id='word_1_733' title='bbox 1597 2222 1691 2260; x_wconf 80' lang='lat' dir='ltr'><strong>legem</strong></span> <span class='ocrx_word' id='word_1_734' title='bbox 1709 2221 1786 2252; x_wconf 88' lang='lat' dir='ltr'><strong>hanc</strong></span> 
     </span>
    </p>
   </div>
   <div class='ocr_carea' id='block_1_106' title="bbox 965 2263 1785 2305">
    <p class='ocr_par' dir='ltr' id='par_1_106' title="bbox 965 2263 1785 2305">
     <span class='ocr_line' id='line_1_107' title="bbox 965 2263 1785 2305; baseline 0.002 -12"><span class='ocrx_word' id='word_1_735' title='bbox 965 2263 1203 2303; x_wconf 80' lang='lat' dir='ltr'><strong>promulgarent:</strong></span> <span class='ocrx_word' id='word_1_736' title='bbox 1222 2265 1298 2305; x_wconf 90' lang='lat' dir='ltr'><strong>quod</strong></span> <span class='ocrx_word' id='word_1_737' title='bbox 1314 2266 1390 2296; x_wconf 88' lang='lat' dir='ltr'><strong>hanc</strong></span> <span class='ocrx_word' id='word_1_738' title='bbox 1404 2275 1467 2296; x_wconf 88' lang='lat' dir='ltr'><strong>rem</strong></span> <span class='ocrx_word' id='word_1_739' title='bbox 1480 2266 1509 2296; x_wconf 95' lang='lat' dir='ltr'><strong>in</strong></span> <span class='ocrx_word' id='word_1_740' title='bbox 1525 2265 1636 2297; x_wconf 87' lang='lat' dir='ltr'><strong>mundo</strong></span> <span class='ocrx_word' id='word_1_741' title='bbox 1647 2265 1785 2303; x_wconf 86' lang='lat' dir='ltr'><strong>degenti-</strong></span> 
     </span>
    </p>
   </div>
   <div class='ocr_carea' id='block_1_107' title="bbox 964 2307 1786 2342">
    <p class='ocr_par' dir='ltr' id='par_1_107' title="bbox 964 2307 1786 2342">
     <span class='ocr_line' id='line_1_108' title="bbox 964 2307 1786 2342; baseline 0.004 -4"><span class='ocrx_word' id='word_1_742' title='bbox 964 2307 1019 2338; x_wconf 85' lang='lat' dir='ltr'><strong>bus</strong></span> <span class='ocrx_word' id='word_1_743' title='bbox 1035 2308 1159 2338; x_wconf 86' lang='lat' dir='ltr'><strong>toleratu</strong></span> <span class='ocrx_word' id='word_1_744' title='bbox 1175 2309 1324 2340; x_wconf 82' lang='lat' dir='ltr'><strong>dilIicilem</strong></span> <span class='ocrx_word' id='word_1_745' title='bbox 1340 2310 1463 2342; x_wconf 88' lang='lat' dir='ltr'><strong>diceret.</strong></span> <span class='ocrx_word' id='word_1_746' title='bbox 1491 2309 1563 2341; x_wconf 82' lang='lat' dir='ltr'><strong>Nam</strong></span> <span class='ocrx_word' id='word_1_747' title='bbox 1579 2309 1713 2341; x_wconf 82' lang='lat' dir='ltr'><strong>fortassis</strong></span> <span class='ocrx_word' id='word_1_748' title='bbox 1729 2310 1786 2341; x_wconf 83' lang='lat' dir='ltr'><strong>hoc</strong></span> 
     </span>
    </p>
   </div>
   <div class='ocr_carea' id='block_1_108' title="bbox 965 2353 1787 2394">
    <p class='ocr_par' dir='ltr' id='par_1_108' title="bbox 965 2353 1787 2394">
     <span class='ocr_line' id='line_1_109' title="bbox 965 2353 1787 2394; baseline 0.002 -12"><span class='ocrx_word' id='word_1_749' title='bbox 965 2353 1116 2393; x_wconf 84' lang='lat' dir='ltr'><strong>tamipsis,</strong></span> <span class='ocrx_word' id='word_1_750' title='bbox 1127 2363 1216 2393; x_wconf 87' lang='lat' dir='ltr'><strong>quam</strong></span> <span class='ocrx_word' id='word_1_751' title='bbox 1229 2355 1360 2394; x_wconf 91' lang='lat' dir='ltr'><strong>ipsorum</strong></span> <span class='ocrx_word' id='word_1_752' title='bbox 1385 2355 1536 2390; x_wconf 88' lang='lat' dir='ltr'><strong>uxoribus,</strong></span> <span class='ocrx_word' id='word_1_753' title='bbox 1553 2363 1669 2386; x_wconf 82' lang='lat' dir='ltr'><strong>causam</strong></span> <span class='ocrx_word' id='word_1_754' title='bbox 1688 2354 1787 2385; x_wconf 86' lang='lat' dir='ltr'><strong>minus</strong></span> 
     </span>
    </p>
   </div>
   <div class='ocr_carea' id='block_1_109' title="bbox 963 2398 1788 2439">
    <p class='ocr_par' dir='ltr' id='par_1_109' title="bbox 963 2398 1788 2439">
     <span class='ocr_line' id='line_1_110' title="bbox 963 2398 1788 2439; baseline 0.004 -12"><span class='ocrx_word' id='word_1_755' title='bbox 963 2401 1044 2428; x_wconf 80' lang='lat' dir='ltr'><strong>caste</strong></span> <span class='ocrx_word' id='word_1_756' title='bbox 1055 2398 1175 2429; x_wconf 82' lang='lat' dir='ltr'><strong>vivendi</strong></span> <span class='ocrx_word' id='word_1_757' title='bbox 1187 2399 1438 2439; x_wconf 72' lang='lat' dir='ltr'><strong>przebiturum.Ex</strong></span> <span class='ocrx_word' id='word_1_758' title='bbox 1448 2401 1543 2439; x_wconf 88' lang='lat' dir='ltr'><strong>prisca</strong></span> <span class='ocrx_word' id='word_1_759' title='bbox 1554 2399 1673 2439; x_wconf 86' lang='lat' dir='ltr'><strong>quidem</strong></span> <span class='ocrx_word' id='word_1_760' title='bbox 1686 2398 1788 2430; x_wconf 83' lang='lat' dir='ltr'><strong>Eccle-</strong></span> 
     </span>
    </p>
   </div>
   <div class='ocr_carea' id='block_1_110' title="bbox 964 2441 1786 2485">
    <p class='ocr_par' dir='ltr' id='par_1_110' title="bbox 964 2441 1786 2485">
     <span class='ocr_line' id='line_1_111' title="bbox 964 2441 1786 2485; baseline 0.002 -14"><span class='ocrx_word' id='word_1_761' title='bbox 964 2441 1015 2472; x_wconf 75' lang='lat' dir='ltr'><strong>siae</strong></span> <span class='ocrx_word' id='word_1_762' title='bbox 1037 2442 1207 2481; x_wconf 88' lang='lat' dir='ltr'><strong>traditione,</strong></span> <span class='ocrx_word' id='word_1_763' title='bbox 1225 2448 1368 2485; x_wconf 91' lang='lat' dir='ltr'><strong>quotquot</strong></span> <span class='ocrx_word' id='word_1_764' title='bbox 1392 2448 1528 2484; x_wconf 86' lang='lat' dir='ltr'><strong>expertes</strong></span> <span class='ocrx_word' id='word_1_765' title='bbox 1540 2443 1721 2474; x_wconf 87' lang='lat' dir='ltr'><strong>matrimonii</strong></span> <span class='ocrx_word' id='word_1_766' title='bbox 1737 2453 1786 2474; x_wconf 84' lang='lat' dir='ltr'><strong>sa-</strong></span> 
     </span>
    </p>
   </div>
   <div class='ocr_carea' id='block_1_111' title="bbox 964 2485 1786 2529">
    <p class='ocr_par' dir='ltr' id='par_1_111' title="bbox 964 2485 1786 2529">
     <span class='ocr_line' id='line_1_112' title="bbox 964 2485 1786 2529; baseline 0.002 -13"><span class='ocrx_word' id='word_1_767' title='bbox 964 2485 1144 2517; x_wconf 87' lang='lat' dir='ltr'><strong>cerdotalem</strong></span> <span class='ocrx_word' id='word_1_768' title='bbox 1160 2487 1190 2518; x_wconf 87' lang='lat' dir='ltr'><strong>in</strong></span> <span class='ocrx_word' id='word_1_769' title='bbox 1206 2488 1342 2519; x_wconf 90' lang='lat' dir='ltr'><strong>ordinem</strong></span> <span class='ocrx_word' id='word_1_770' title='bbox 1355 2489 1483 2529; x_wconf 82' lang='lat' dir='ltr'><strong>cooptati</strong></span> <span class='ocrx_word' id='word_1_771' title='bbox 1494 2488 1629 2528; x_wconf 88' lang='lat' dir='ltr'><strong>fuissent,</strong></span> <span class='ocrx_word' id='word_1_772' title='bbox 1647 2497 1705 2518; x_wconf 92' lang='lat' dir='ltr'><strong>non</strong></span> <span class='ocrx_word' id='word_1_773' title='bbox 1720 2497 1786 2518; x_wconf 89' lang='lat' dir='ltr'><strong>am-</strong></span> 
     </span>
    </p>
   </div>
   <div class='ocr_carea' id='block_1_112' title="bbox 964 2530 1788 2574">
    <p class='ocr_par' dir='ltr' id='par_1_112' title="bbox 964 2530 1788 2574">
     <span class='ocr_line' id='line_1_113' title="bbox 964 2530 1788 2574; baseline 0.002 -13"><span class='ocrx_word' id='word_1_774' title='bbox 964 2530 1041 2570; x_wconf 90' lang='lat' dir='ltr'><strong>plius</strong></span> <span class='ocrx_word' id='word_1_775' title='bbox 1056 2540 1164 2563; x_wconf 90' lang='lat' dir='ltr'><strong>uxores</strong></span> <span class='ocrx_word' id='word_1_776' title='bbox 1178 2533 1312 2564; x_wconf 88' lang='lat' dir='ltr'><strong>ducere:</strong></span> <span class='ocrx_word' id='word_1_777' title='bbox 1343 2532 1393 2574; x_wconf 88' lang='lat' dir='ltr'><strong>qui</strong></span> <span class='ocrx_word' id='word_1_778' title='bbox 1421 2542 1490 2564; x_wconf 88' lang='lat' dir='ltr'><strong>vero</strong></span> <span class='ocrx_word' id='word_1_779' title='bbox 1521 2537 1587 2572; x_wconf 90' lang='lat' dir='ltr'><strong>post</strong></span> <span class='ocrx_word' id='word_1_780' title='bbox 1601 2536 1788 2564; x_wconf 86' lang='lat' dir='ltr'><strong>contractum</strong></span> 
     </span>
    </p>
   </div>
   <div class='ocr_carea' id='block_1_113' title="bbox 964 2575 1787 2614">
    <p class='ocr_par' dir='ltr' id='par_1_113' title="bbox 964 2575 1787 2614">
     <span class='ocr_line' id='line_1_114' title="bbox 964 2575 1787 2614; baseline 0.002 -9"><span class='ocrx_word' id='word_1_781' title='bbox 964 2575 1185 2607; x_wconf 88' lang='lat' dir='ltr'><strong>matrimonium</strong></span> <span class='ocrx_word' id='word_1_782' title='bbox 1198 2578 1291 2609; x_wconf 88' lang='lat' dir='ltr'><strong>evecti</strong></span> <span class='ocrx_word' id='word_1_783' title='bbox 1303 2581 1402 2608; x_wconf 68' lang='lat' dir='ltr'><strong>essent</strong></span> <span class='ocrx_word' id='word_1_784' title='bbox 1410 2577 1446 2608; x_wconf 91' lang='lat' dir='ltr'><strong>ad</strong></span> <span class='ocrx_word' id='word_1_785' title='bbox 1458 2577 1670 2614; x_wconf 88' lang='lat' dir='ltr'><strong>sacerdotium,</strong></span> <span class='ocrx_word' id='word_1_786' title='bbox 1684 2586 1735 2608; x_wconf 89' lang='lat' dir='ltr'><strong>eos</strong></span> <span class='ocrx_word' id='word_1_787' title='bbox 1750 2577 1787 2607; x_wconf 89' lang='lat' dir='ltr'><strong>ab</strong></span> 
     </span>
    </p>
   </div>
   <div class='ocr_carea' id='block_1_114' title="bbox 963 2620 1787 2662">
    <p class='ocr_par' dir='ltr' id='par_1_114' title="bbox 963 2620 1787 2662">
     <span class='ocr_line' id='line_1_115' title="bbox 963 2620 1787 2662; baseline 0 -11"><span class='ocrx_word' id='word_1_788' title='bbox 963 2620 1115 2659; x_wconf 78' lang='lat' dir='ltr'><strong>uxoribus,</strong></span> <span class='ocrx_word' id='word_1_789' title='bbox 1130 2631 1202 2662; x_wconf 89' lang='lat' dir='ltr'><strong>quas</strong></span> <span class='ocrx_word' id='word_1_790' title='bbox 1213 2622 1354 2660; x_wconf 85' lang='lat' dir='ltr'><strong>habeant,</strong></span> <span class='ocrx_word' id='word_1_791' title='bbox 1365 2631 1423 2652; x_wconf 93' lang='lat' dir='ltr'><strong>non</strong></span> <span class='ocrx_word' id='word_1_792' title='bbox 1435 2621 1578 2662; x_wconf 88' lang='lat' dir='ltr'><strong>separari.</strong></span> <span class='ocrx_word' id='word_1_793' title='bbox 1592 2621 1628 2652; x_wconf 91' lang='lat' dir='ltr'><strong>Et</strong></span> <span class='ocrx_word' id='word_1_794' title='bbox 1642 2621 1705 2652; x_wconf 79' lang='lat' dir='ltr'><strong>haec</strong></span> <span class='ocrx_word' id='word_1_795' title='bbox 1719 2621 1787 2661; x_wconf 89' lang='lat' dir='ltr'><strong>qui-</strong></span> 
     </span>
    </p>
   </div>
   <div class='ocr_carea' id='block_1_115' title="bbox 962 2664 1788 2708">
    <p class='ocr_par' dir='ltr' id='par_1_115' title="bbox 962 2664 1788 2708">
     <span class='ocr_line' id='line_1_116' title="bbox 962 2664 1788 2708; baseline 0 -12"><span class='ocrx_word' id='word_1_796' title='bbox 962 2664 1211 2707; x_wconf 85' lang='lat' dir='ltr'><strong>demPaphnutius</strong></span> <span class='ocrx_word' id='word_1_797' title='bbox 1217 2676 1387 2708; x_wconf 89' lang='lat' dir='ltr'><strong>quanquam</strong></span> <span class='ocrx_word' id='word_1_798' title='bbox 1394 2667 1459 2707; x_wconf 88' lang='lat' dir='ltr'><strong>ipse</strong></span> <span class='ocrx_word' id='word_1_799' title='bbox 1465 2666 1788 2705; x_wconf 84' lang='lat' dir='ltr'><strong>manitrimoniiexpers</strong></span> 
     </span>
    </p>
   </div>
   <div class='ocr_carea' id='block_1_116' title="bbox 760 2754 1131 2788">
    <p class='ocr_par' dir='ltr' id='par_1_116' title="bbox 760 2754 1131 2788">
     <span class='ocr_line' id='line_1_117' title="bbox 760 2754 1131 2788; baseline -0.005 0"><span class='ocrx_word' id='word_1_800' title='bbox 760 2755 892 2788; x_wconf 71' lang='lat' dir='ltr'><strong>VARUE</strong></span> <span class='ocrx_word' id='word_1_801' title='bbox 916 2754 1131 2788; x_wconf 85' lang='lat' dir='ltr'><strong>LECTIONES.</strong></span> 
     </span>
    </p>
   </div>
   <div class='ocr_carea' id='block_1_117' title="bbox 138 2807 352 2848">
    <p class='ocr_par' dir='ltr' id='par_1_117' title="bbox 138 2807 352 2848">
     <span class='ocr_line' id='line_1_118' title="bbox 138 2807 352 2848; baseline 0 -12"><span class='ocrx_word' id='word_1_802' title='bbox 138 2807 164 2829; x_wconf 73' lang='grc'><strong>1⁷</strong></span> <span class='ocrx_word' id='word_1_803' title='bbox 181 2808 352 2848; x_wconf 65' lang='grc' dir='ltr'>γενήσεσθαι.</span> 
     </span>
    </p>
   </div>
  </div>
