1917 3080
637 112 988 146 ϐΙὶῶϐΟ-ΒΟΜΑΝΠΜ
995 132 1006 142 .

145 178 344 218 ἐκδιωκομένης
385 182 436 215 τῆς
481 181 636 211 ἐπεισάκτου
661 181 792 222 ,γυναικὸς

868 187 934 210 emo
952 178 1028 219 (14),
1044 178 1096 220 qui
1115 178 1170 210 sub
1185 187 1377 211 romanorum
1392 178 1505 212 ditione
1517 181 1568 222 sit,
1580 181 1668 213 binas

9 178 61 213 ,ια’

34 225 108 250 τῶν
158 223 307 264 τεχθέντων
341 225 368 258 ἐξ
401 227 484 260 αὐτῆς
517 225 626 255 παίδων.
660 221 689 255 Ὀ
717 225 800 265 μέγας

9 271 92 299 tuo;
133 268 167 296 ἒν
195 272 234 306 τῷ
254 268 278 297 δ’
298 270 401 306 κανόνι,
432 265 492 300 Ἐπι
509 273 561 300 τῶν
581 270 717 311 τριγάμων
744 281 802 299 σον-

9 322 48 349 ιν,
94 313 190 352 φησὶ,
220 313 417 353 κατελάϐομεν,
447 315 602 347 πενταετίας
629 315 774 356 ἂφορισμόν
791 322 798 330 '

9 355 126 394 γάμου
166 356 269 392 δηλαδὴ
294 359 332 397 μὴ
348 358 544 398 διασπωμὲνου.
570 355 683 390 Καλοῦσι
707 358 734 388 δὲ
755 360 800 387 τὸν

11 411 69 428 τον
119 401 216 431 οὖκέτι
251 403 346 442 γάμον,
385 403 454 432 ἀλλὰ
481 404 658 444 πολυγαμίαν.
693 403 800 432 Μᾶλλον

9 446 152 484 ῃρνείαν
180 447 392 487 κεκολασμένην,
441 449 558 478 τουτέστι
601 451 640 488 μὴ
677 448 800 489 διακεχυ-

12 502 41 526 ν,
64 489 158 518 ἀλλὰ
181 491 406 530 συνεσταλμένην,
428 494 472 522 καὶ
499 494 525 522 ἐν
555 496 603 532 μιᾷ
635 504 798 534 περιγραφο-

10 546 25 560 ν
74 535 212 574 γυναικί.
251 537 297 564 Διὸ
323 538 367 566 καὶ
388 539 410 578 __b
438 538 531 578 Κύριος
560 541 595 577 τῇ
630 537 798 577 Σαμαρείτιδι

9 589 20 606 ε
41 573 163 619 ἄνδρας
179 579 355 622 διαμειψάσῃ,
388 573 430 611 εὃν
459 573 513 619 vim,
543 573 634 622 φησὶν,
649 573 736 622 ἔχεις,
752 582 799 610 οὒκ

22 634 81 652 σου
111 625 202 664 ἀνήρ.
234 621 279 657 Ὧς
311 628 358 656 οὐκ
379 626 449 656 ἐστιν
477 621 556 660 ἄξιονγ
581 627 633 655 τῶν
654 621 798 666 ὓπερεκπε-

9 681 48 696 ων
74 673 138 698 τοῦ
168 670 274 710 μετρίου
301 674 351 705 τῆς
380 671 515 711 διγαμίας,
543 675 581 709 τῷ
607 677 653 701 τοῦ
673 671 765 712 ἀνδρὸς
780 671 797 705 ἢ

21 715 176 752 γυναικὸς
204 714 342 744 καλεῖσθαι
372 717 550 756 προσρήματι.
582 721 630 744 Δεῖ
657 715 696 757 δὲ³
719 716 793 756 φησὶ,

13 759 122 792 πάντη
159 759 268 791 τούτους
296 760 430 800 ἀπείργειν
458 763 507 794 τῆς
535 760 706 801 Ἐκκλησίας,
735 759 794 789 ἀλλ’

1591 114 1668 147 1258

842 232 949 254 uxores
964 223 1070 255 eodem
1098 227 1232 265 tempore
1259 227 1358 265 potest
1376 224 1500 256 habere.
1523 225 1579 262 Qui
1593 225 1666 258 duas

841 276 948 298 uxores
962 267 1069 299 eodem
1084 267 1174 299 habet
1189 272 1324 307 tempore
1340 269 1417 309 (15),
1432 269 1622 302 verberator:
1636 275 1666 303 et

841 312 1052 353 superinducta
1066 312 1174 344 mulier
1187 313 1307 352 ejicitor
1317 322 1376 345 una
1394 322 1463 345 cum
1479 314 1557 346 natis
1579 324 1613 346 ex
1630 324 1665 347 ea

842 355 955 388 liberis.
972 357 1093 396 Magnus
1121 357 1173 388 ille
1198 357 1325 389 Basilius
1349 358 1381 389 in
1401 363 1507 398 quarto
1522 368 1637 391 canone
1654 370 1662 391 :

841 400 1102 440 Consuetudinem,
1132 401 1240 442 inquit,
1271 402 1303 433 in
1330 403 1576 435 contrahentibus
1600 408 1663 436 ter-

840 445 894 476 tias
919 445 1035 486 nuptias
1063 446 1245 487 accepimus,
1261 447 1293 478 in
1317 446 1533 488 quinquiennio
1558 457 1663 489 segre-

839 493 972 529 gantur:
991 490 1031 521 ita
1046 493 1156 528 tamen,
1173 494 1206 521 ut
1233 491 1332 532 ipsum
1356 492 1579 524 matrimonium
1603 502 1663 525 non

840 533 1007 566 dirimatur.
1045 535 1157 565 Vocant
1198 540 1296 567 autem
1336 536 1390 567 has
1430 545 1491 568 non
1533 537 1662 578 amplius

840 577 968 618 nuptias,
994 578 1047 610 sed
1071 579 1242 619 nuptiarum
1271 580 1484 620 pluralitatem,
1501 581 1561 612 imo
1576 577 1662 613 scor-

841 623 981 654 tationem
1010 623 1187 661 coercitam,
1219 625 1273 655 hoc
1302 629 1370 662 est,
1395 634 1456 657 non
1480 626 1539 658 late
1567 625 1662 658 diﬂ‘u-

837 675 912 708 sam,
943 667 995 698 sed
1016 671 1216 706 contractam,
1242 673 1273 700 et
1297 678 1363 709 quae
1390 669 1421 700 in
1445 679 1506 702 una
1535 671 1663 703 muliere

838 711 1221 744 circumscribitur.ldcirco
1236 712 1381 745 Dominus
1396 714 1485 746 etiam
1498 714 1536 746 ad
1551 715 1662 747 mulie-

836 765 901 787 rem
932 757 1013 788 illam
1037 757 1255 789 Samaritanam
1269 782 1278 795 ,
1309 767 1375 799 quae
1399 758 1478 790 viros
1508 759 1660 800 quinque,

9 810 50 834 ιτς
65 803 181 835 τόποις
203 803 295 841 μόνοις
310 804 363 832 τῶν
393 804 580 845 ἀκροωμένων,
607 805 652 833 καὶ
673 816 792 833 συνιστα-

868 810 930 832 ιυιιι
943 806 1008 842 post
1021 801 1124 838 alium,
1143 801 1288 834 habuerat
1306 813 1313 832 :
1332 801 1426 838 Quem
1451 812 1532 834 nunc
1556 803 1661 843 habes,

9 859 34 874 .w
77 849 250 887 μετρεῖσθαι
283 848 386 881 τούτοις
415 849 465 883 τὴν
493 848 648 889 καταδίκην,
683 850 713 878 οὗ
742 850 796 887 μὴν

18 895 79 920 τῶν
107 892 346 933 προσκλαιόντων.
376 892 459 922 Ἀλλὰ
480 894 523 922 καὶ
558 894 628 925 αὖθις
642 888 675 921 γὲν
700 897 739 931 τῷ
760 888 794 931 ν’,

9 937 107 974 ναμίας
151 937 243 976 νόμος,
279 938 370 978 φησὶν,
400 938 447 966 οὐκ
474 937 555 975 ἔστιν,
578 937 796 972 ἐκκλησιαστικὸς

9 981 67 1016 ιδή.
101 983 150 1011 Τὰ
177 982 268 1021 μέντοι
290 986 410 1023 τοιαῦτα,
441 984 487 1011 οἷα
600 985 649 1016 τῆς
674 982 792 1016 Ἐκκλη-

33 1028 170 1066 ὃρῶμεν.
197 1027 344 1065 Δημοσίαις
365 1026 392 1055 δὲ
416 1026 568 1059 καταδίκαις
596 1029 648 1067 οὔχ
673 1026 793 1057 ὑποϐάλ-

9 1082 44 1109 :v,
89 1073 138 1105 ὡς
168 1075 218 1106 τῆς
247 1071 388 1110 ἀνειμένης
416 1073 536 1112 πορνείας
563 1072 729 1112 αἱρετώτερα,
758 1071 794 1101 Οὒ

22 1116 252 1155 καταδικάζομεν
278 1116 328 1151 τὴν
357 1116 460 1156 πρᾶξιν²
488 1116 556 1145 ὥστε
590 1116 633 1144 καὶ
657 1114 768 1152 διασπᾷν
784 1123 791 1131 ·

9 1160 62 1189 ἰδὲ
88 1162 144 1190 τόν
161 1162 254 1190 αὐτίκα
283 1161 464 1200 ῥηθησόμενον
493 1163 542 1194 τῆς
558 1160 677 1192 ἑνώσεως
698 1160 792 1199 τόμον³

14 1207 67 1239 τὴν
101 1205 252 1240 διαστολὴν
274 1206 318 1234 καὶ
347 1208 436 1246 ψῆφον
457 1207 548 1245 αὐτοῦ,
576 1205 682 1238 τούτους
710 1204 793 1245 διχό-

73 1246 81 1257 1

83 1256 108 1280 0

9 1295 106 1334 ’ἵδριθς
111 1319 122 1335 1

9 1349 74 1378 ἱερον

150 1249 177 1278 δὲ
205 1253 253 1285 τῆς
298 1249 434 1290 θεολογίας
472 1249 610 1288 ἐπώνυμος
643 1250 686 1278 καὶ
709 1249 793 1289 μέγας

163 1296 200 1324 Τὸ
227 1295 345 1335 πρῶτον³
373 1295 448 1334 φησὶ,
478 1294 639 1323 συνοικέσιον
655 1294 747 1332 νόμος,
761 1295 792 1324 τὸ

124 1339 314 1379 συγχώρησις,
343 1339 375 1367 τὸ
402 1340 488 1378 τρίτον
522 1339 683 1379 παρανομία.
706 1339 742 1368 Τὸ
769 1338 791 1367 δ’

9 1395 16 1422 ξ
52 1387 156 1424 τοῦτο,
185 1383 323 1424 χοιρώδης
351 1384 418 1424 βίος,
449 1383 506 1414 οὑδὲ
535 1383 621 1412 πολλὰ
643 1383 715 1424 ἔχων
743 1385 792 1417 τῆς

9 1429 47 1460 ἔας
87 1429 126 1457 τὰ
148 1423 361 1468 παραδείγματα.
387 1423 416 1458 Ὀ
458 1427 486 1456 δὲ
513 1430 562 1462 τῆς
590 1427 618 1456 ἐν
639 1423 791 1458 Νεοκαισα-

44 1472 165 1502 συνόδου
194 1473 280 1513 τρίτος
315 1473 414 1513 κανὼν,
458 1473 520 1513 Περὶ
553 1475 606 1500 τῶν
643 1471 788 1510 πλείστοις,

9 1518 30 1557 ἰ,
63 1518 171 1557 γάμοις
193 1517 402 1558 περιπεσόντων,
432 1518 469 1549 ὡς
497 1518 540 1546 καὶ
580 1517 627 1551 τῆς
650 1517 789 1558 τριγαμίας

11 1561 98 1590 ξλθετν
138 1562 276 1602 παρετέρω
303 1561 347 1602 28,
384 1563 398 1590 ὃ
434 1561 483 1600 μὲν
517 1561 662 1601 ὡρισμὲνος
692 1561 789 1602 χρόνος

12 1617 56 1641 ης,
74 1606 95 1640 ἢ
111 1607 160 1635 καὶ
174 1607 297 1647 ἀτεχνῶς
325 1606 441 1646 ἀσαφὴς,
468 1606 506 1644 μή
527 1616 597 1638 τινος
620 1607 672 1634 τῶν
687 1605 789 1634 παλαι-

10 1661 38 1677 νν
74 1649 264 1684 δηλώσαντος.
295 1651 328 1680 Ἦ
354 1649 382 1679 δὲ
413 1650 502 1682 πίστις
530 1650 572 1678 καὶ
595 1650 613 1684 ἡ
635 1649 788 1690 ἀναστροφὴ

10 1707 12 1716 ν
55 1695 263 1733 μετανοούντων
308 1695 458 1733 συντέμνειν
500 1693 557 1723 οἶδε
605 1694 649 1723 τὸν
678 1693 786 1735 χρόνον,

10 1749 36 1767 τιν
42 1764 49 1771 ,

9 1262 29 1279 ι.

837 845 944 886 inquit,
971 855 1031 877 non
1056 845 1110 877 tibi
1136 847 1259 877 maritus
1286 851 1342 878 est.
1368 847 1453 879 Adeo
1471 856 1531 879 non
1545 857 1662 888 aequum

837 894 892 928 est,
909 895 942 921 ut
956 890 1007 930 qui
1022 890 1098 922 ultra
1113 890 1350 922 mediocritatem
1366 891 1566 924 secundarum
1581 902 1660 934 nup-

838 933 944 965 tiarum
973 934 1102 975 prolapsi
1126 938 1206 972 sunt,
1233 935 1356 966 nomine
1386 935 1484 966 mariti
1498 936 1546 967 vel
1561 937 1663 969 uxoris

836 979 1034 1019 appellentur.
1051 980 1174 1019 Oportet
1196 983 1311 1017 autem,
1338 979 1445 1020 inquit,
1463 989 1523 1011 non
1538 989 1661 1021 prorsus

835 1023 889 1053 hos
904 1032 1007 1055 arcere
1020 1023 1056 1054 ab
1072 1022 1217 1060 Ecclesia,
1242 1024 1296 1054 sed
1326 1025 1366 1055 ita
1387 1023 1517 1062 mitigari
1541 1033 1659 1065 poenam

835 1076 951 1106 eorum,
966 1067 1043 1098 utin
1058 1067 1131 1098 locis
1158 1066 1342 1099 audientium
1365 1067 1519 1106 duntaxat,
1547 1072 1577 1100 et
1601 1078 1660 1102 una

835 1111 996 1150 stantium,
1028 1111 1213 1151 consistant;
1242 1121 1302 1143 non
1337 1111 1426 1143 etiam
1454 1121 1581 1153 eorum,
1607 1113 1659 1154 qui

835 1155 961 1196 plorant.
979 1159 1093 1188 Rursus
1108 1156 1205 1197 inquit
1217 1157 1247 1188 in
1262 1166 1376 1188 canone
1401 1157 1656 1198 quinquagesimo.

839 1202 880 1232 De
897 1201 992 1233 tertiis
1007 1203 1118 1242 nuptiis
1143 1201 1223 1233 nulla
1246 1202 1294 1233 lex
1320 1206 1376 1239 est,
1393 1201 1532 1233 videlicet
1557 1201 1658 1234 eccle-

833 1245 963 1278 siastica.
987 1244 1134 1276 Nimirum
1165 1245 1312 1286 ejusmodi
1348 1249 1487 1286 tanquam
1515 1245 1658 1279 Ecclesia;

833 1290 938 1322 sordes
952 1290 1113 1321 intuemur.
1134 1290 1265 1323 Publicis
1275 1294 1375 1322 autem
1389 1290 1484 1331 poenis
1505 1300 1565 1322 non
1581 1291 1655 1323 sub-

829 1334 962 1374 jicimus,
978 1334 1067 1365 veluti
1088 1344 1154 1375 quae
1169 1334 1263 1366 libera
1284 1334 1463 1366 scortatione
1485 1335 1579 1375 magis
1594 1336 1655 1367 sint

833 1379 984 1420 optabilia.
1000 1379 1064 1410 Non
1087 1380 1167 1411 enim
1187 1389 1252 1411 rem
1277 1381 1318 1411 ita
1339 1380 1527 1418 damnamus,
1544 1384 1576 1411 ut
1590 1389 1654 1412 ma-

833 1424 1005 1455 trimonium
1027 1424 1124 1465 ipsum
1150 1424 1349 1456 dirimamus:
1367 1424 1420 1455 sed
1442 1424 1527 1464 juxta
1542 1428 1653 1457 tomum

833 1468 962 1506 unionis,
978 1478 1067 1509 quem
1096 1478 1163 1500 mox
1187 1478 1290 1500 sumus
1314 1468 1488 1510 exposituri,
1503 1472 1533 1501 et
1544 1468 1654 1501 distin-

830 1513 962 1545 ctionem
989 1517 1077 1554 atque
1108 1513 1284 1546 sementiam
1313 1513 1388 1554 ejus,
1418 1514 1509 1546 hasce
1536 1514 1656 1555 nuptias

831 1557 1027 1589 admittimus.
1042 1559 1164 1599 Magnus
1178 1562 1277 1590 autem
1293 1557 1344 1589 ille
1359 1559 1530 1598 Gregorius,
1547 1568 1657 1598 cogno-

831 1602 912 1634 mine
927 1602 1116 1643 Theologus:
1134 1604 1266 1635 Primum
1279 1603 1451 1643 conjugium
1467 1603 1530 1642 lex,
1545 1603 1654 1644 inquit,

829 1647 955 1678 alterum
980 1648 1148 1688 permissio,
1172 1647 1293 1679 tertium
1316 1647 1446 1679 violatio.
1475 1647 1562 1684 Quod
1577 1649 1656 1681 ultra

830 1692 897 1732 hoc,
915 1692 1039 1733 porcina
1047 1692 1104 1723 vita
1117 1696 1173 1734 est,
1189 1702 1246 1724 noc
1259 1693 1351 1724 multa
1365 1692 1429 1724 vitii
1443 1692 1532 1724 habet
1547 1702 1652 1725 exem-

831 1736 890 1777 pla.
925 1739 1025 1768 Canon
1063 1740 1162 1768 autem
1202 1737 1307 1768 tertius
1335 1736 1455 1768 concilii
1492 1738 1653 1769 Neocaesa-

10 1784 69 1814 usis
85 1793 94 1816 :
116 1784 161 1816 De
175 1783 225 1823 iis,
240 1782 293 1824 ait,
310 1784 360 1825 qui
377 1783 477 1824 plures
491 1783 532 1814 ita
547 1785 723 1814 contraxere
738 1781 868 1823 nuptias,
885 1782 1017 1812 utetiam
1033 1782 1110 1813 ultra
1124 1781 1226 1813 tertias
1242 1781 1393 1823 progressi
1406 1781 1476 1819 sint,
1494 1781 1654 1814 deﬁnitum

10 1837 77 1868 ipus
93 1829 186 1869 plane
200 1832 326 1867 constat,
342 1828 388 1861 vel
403 1828 501 1870 potius
515 1828 663 1860 incertum
679 1831 735 1866 est,
751 1836 818 1858 cum

834 1836 852 1858 a
866 1826 988 1858 nemine
1002 1826 1190 1868 antiquorum
1205 1827 1244 1858 sit
1257 1826 1430 1858 indicatum.
1442 1826 1530 1859 Fides
1540 1831 1652 1867 autem,

10 1873 193 1905 sonversatio
209 1873 414 1914 paenitentiam
428 1873 591 1914 agentium,
607 1876 725 1914 tempus
740 1873 838 1913 ipsum
854 1871 1014 1903 imminere
1028 1872 1114 1910 solet,
1131 1872 1238 1912 inquit.

10 1951 16 1960 ι
103 1931 119 1946 σ
137 1919 201 1959 Περὶ
214 1924 261 1949 τοῦ
275 1918 357 1958 νόμου
369 1917 402 1943 κ
415 1921 465 1953 τῆς
479 1918 611 1950 ἑνώσεως.
629 1929 642 1946 ι

12 1962 67 1997 Ηδη
88 1963 142 2001 μὲν
156 1963 201 1992 οὖν
223 1970 281 1996 τοῖς
305 1962 434 1994 παλαιοῖς
461 1962 552 2001 νόμοις
566 1969 639 2002 τρεῖς
661 1962 786 2002 ἐνεγινώ-

11 2018 54 2035 ιντο
68 2008 165 2047 γάμοι.
190 2003 219 2036 ¹0
233 2006 262 2036 δὲ
286 2007 410 2046 βασιλεὺς
440 2006 514 2036 Λέων
537 2008 551 2035 ὃ
581 2007 665 2047 Σοφὸς
691 2007 735 2034 καὶ
749 2007 786 2039 εἰς

11 2062 82 2090 mes
135 2051 219 2080 ἐλθὼν
253 2052 427 2092 συνοικέσιον,
461 2051 600 2091 ἆφορισμῷ
642 2051 714 2091 παρὰ
740 2054 787 2079 τοῦ

11 2097 128 2138 εριάρχου
164 2096 296 2127 Νικολάου
324 2095 524 2138 καωπεόλήθη.
570 2096 606 2125 0-5
633 2096 676 2124 καὶ
700 2094 786 2124 ἐδεῖτο

11 2136 127 2176 βασιλεὺς
155 2140 263 2176 λυθῆναι
297 2145 343 2170 τοὺ
373 2140 483 2180 δεσμοῦ.
508 2136 553 2173 ιΩς
580 2139 603 2168 δ’
625 2139 727 2172 ἐκεῖνος
756 2141 787 2168 τὸ

11 2184 82 2222 simul
97 2186 273 2220 ἀδυσώπητος
296 2186 340 2224 ἧν,
363 2189 414 2220 τῆς
443 2184 604 2219 Ἐκκλησίας
624 2188 717 2214 τοῦτον
739 2184 786 2213 ἐκ-

11 2228 63 2266 ιλει,
87 2231 134 2259 καὶ
162 2231 208 2260 τὸν
244 2231 372 2268 Εὗθύμιον
398 2229 541 2270 σύγγελλον
562 2228 591 2254 π
614 2228 694 2269 ἄνδρα
720 2231 789 2269 ἱερὸν

11 2275 156 2314 ῡχειρίζεται
178 2275 359 2316 πατριάρχην,
389 2275 419 2307 ὃς
448 2275 491 2304 καὶ
512 2273 681 2313 τὸνβασιλέα
694 2275 788 2303 θεσπί-

11 2329 14 2343 ι
38 2318 208 2360 βουλόμενον,
232 2320 276 2348 καὶ
303 2319 386 2360 μέχρι
407 2323 454 2350 τοῦ
480 2319 604 2359 τετάρτου
631 2319 718 2359 γάμου
732 2330 785 2347 πα-

11 2362 121 2392 τείνεσθαι
160 2371 220 2396 τοῖς
255 2363 427 2403 βουλομένοις
455 2364 488 2392 τὰ
519 2363 680 2403 συνοικέειία³
712 2363 786 2401 πάσῃ

12 2405 65 2445 υ.)δῇ
78 2406 247 2447 διεκώλυσεν,
277 2407 330 2448 οὐχ
359 2407 432 2441 ὅπως
459 2408 509 2442 τὴν
532 2407 720 2448 τετραγαμίαν,
734 2407 787 2436 ἀλ-

37 2453 74 2481 καὶ
106 2453 157 2487 τὴν
190 2453 332 2492 τριγαμίαν
359 2452 482 2491 ἀθέμιτον
516 2453 586 2482 εἶναι
633 2453 701 2490 μετὰ
734 2455 788 2481 τῶν

798 2121 820 2146 D

1090 1916 1138 1948 De
1154 1921 1233 1948 (omo
1248 1917 1383 1948 um'om's.

868 1961 956 1993 Enim
971 1970 1040 1992 vero
1056 1961 1162 2002 priscis
1175 1960 1291 2001 legibus
1311 1962 1396 1992 trium
1409 1960 1650 2001 agnoscebantur

828 2005 947 2046 nuptire.
976 2005 1035 2037 Sed
1054 2006 1214 2046 imperator
1231 2005 1301 2043 Leo,
1319 2005 1494 2045 cognomine
1510 2004 1650 2045 Sapiens,

828 2059 896 2081 cum
910 2051 947 2082 ad
962 2055 1096 2092 quartum
1109 2059 1227 2091 quoque
1237 2049 1459 2081 matrimonium
1475 2059 1655 2090 progressus

829 2099 918 2133 esset,
931 2095 1128 2135 segregationi
1139 2094 1291 2135 subjectus
1306 2093 1513 2126 fuitaNicolao
1526 2093 1654 2135 patriar-

829 2140 885 2171 cha
902 2151 909 2172 :
927 2149 1016 2181 quem
1031 2140 1143 2171 deinde
1156 2139 1282 2179 rogabat
1291 2139 1441 2180 princeps,
1449 2143 1481 2170 ut
1496 2148 1531 2170 eo
1547 2139 1655 2171 vincu-

829 2183 870 2224 lo,
887 2193 920 2216 se
935 2185 1084 2216 liberaret.
1101 2185 1174 2216 Cum
1189 2183 1240 2214 ille
1251 2193 1372 2224 prorsus
1387 2188 1467 2216 esset
1478 2183 1651 2215 inexorabi-

830 2228 877 2266 lis,
890 2229 1039 2261 bominem
1054 2229 1135 2269 ejicit
1145 2232 1230 2261 extra
1240 2227 1454 2264 Ecclesiam,et
1467 2228 1653 2260 Eulhimium

830 2273 1012 2313 syncellum,
1038 2274 1133 2305 virum
1156 2277 1290 2305 sanctum
1303 2297 1310 2311 ,
1337 2273 1536 2314 patriarcham
1557 2272 1653 2304 facit:

827 2319 877 2358 qui
902 2327 970 2349 cum
996 2318 1159 2358 imperator
1182 2318 1299 2349 saucire
1321 2317 1420 2358 vellet,
1447 2321 1482 2348 ut
1502 2316 1592 2348 etiam
1616 2317 1654 2349 ad

827 2366 946 2404 quartas
960 2371 1054 2403 usque
1071 2363 1188 2404 nuptias
1203 2362 1434 2394 extenderentur
1447 2362 1484 2393 ab
1499 2362 1537 2392 iis
1546 2362 1652 2393 matri-

828 2406 939 2444 monia,
954 2407 1062 2447 quibus
1076 2407 1116 2438 ita
1131 2407 1260 2445 luberet,
1275 2416 1344 2438 eum
1358 2406 1441 2438 omni
1454 2406 1552 2437 studio
1567 2406 1652 2437 inhi-

828 2451 902 2489 buit,
926 2451 1077 2482 afﬁrmans
1102 2461 1169 2483 cum
1185 2451 1319 2492 pluribus
1345 2451 1544 2492 pontiﬁcibus,
1562 2450 1651 2482 etiam

624 2534 752 2568 VARIIE
772 2534 990 2568 LECTIONES.

20 2584 42 2612 ’³
51 2590 202 2631 περαιτέρω.
245 2589 278 2615 κ
287 2590 382 2629 τόμον.
424 2589 455 2615 π
468 2588 622 2630 «omne».

752 2627 867 2661 NOTAE

21 2667 59 2703 (14

22 2668 74 2749 llél

85 2669 108 2701 Ι.
123 2669 154 2703 2.
168 2671 201 2703 C.
213 2670 260 2702 De
271 2670 378 2704 incest.
394 2674 424 2702 et
438 2673 472 2701 in
486 2670 539 2701 rit.
555 2671 642 2709 παρτ.

104 2813 234 2844 ΡΑτιιοι.
255 2812 311 2844 Gn.
328 2812 432 2844 CXIX.

84 2710 234 2743 Correctio
249 2711 270 2743 l.
285 2711 366 2743 Eum
380 2710 435 2752 qui
448 2710 533 2742 duas.
550 2709 583 2741 C.
600 2708 637 2740 ad
648 2708 669 2741 l.
685 2708 744 2741 Jul.
761 2708 808 2740 De
821 2708 921 2741 adult.

1471 2812 1510 2843 40
