1917 3080
39 112 123 149 1981

710 110 1065 152 Gnaeo-Remum.

1653 108 1732 153 42's:

41 187 87 222 ζῇ.
121 185 150 213 Εἰ
178 182 206 212 δὲ
227 184 300 224 παρὰ
326 185 374 217 τὰς
402 183 445 225 ὑφ’
473 186 560 223 ἡμῶν,
585 187 661 226 φησὶ,
697 185 885 226 διωρισμέναςλ

966 185 1033 216 dam
1049 185 1159 216 fuerint
1190 185 1410 217 matrimonium
1427 185 1542 216 solvere
1560 195 1567 217 :
1592 185 1734 226 jubemus

42 229 131 261 αἰτίας
159 228 325 266 τολμήσουσι
360 240 429 262 τινες
462 229 575 258 διαλύειν
609 232 655 259 τὸν
688 231 786 270 γάμον,
822 242 870 259 κε-

42 272 169 312 λεύομεν,
199 274 221 301 εἰ
243 273 293 311 μὲν
320 274 459 306 κατιόντας
482 273 570 314 ἔχοιεν
591 274 647 303 εἴτε
661 275 688 309 ἐξ
709 276 798 316 αὐτοῦ,
815 275 871 304 εἶ’τε

43 318 70 350 ἐξ
85 317 170 346 ἄλλου
195 318 296 357 γάμου,
317 319 365 350 τὰς
392 321 478 348 αὐτῶν
506 319 592 352 οὖσίας
610 319 718 353 ἐκείνοις
746 319 870 356 δίδοσθαι,

42 363 88 390 καὶ
112 363 208 394 αὐτοὺς
225 363 262 394 εὶς
283 364 460 403 μοναστήριον
637 363 749 393 δίδοσθαι
771 365 801 392 ἐκ
822 367 871 397 τῆς

43 406 134 438 εὖσίας
164 407 263 436 αὐτῶν.
301 408 330 435 El
362 405 390 435 δὲ
421 407 461 445 μὴ
501 407 589 447 ἔχοιεν
625 408 777 445 κατιόντας,
805 408 873 437 ἀλλὰ

44 451 182 483 ἀνιόντας,
197 452 305 484 τούτους
319 452 351 480 τὸ
377 451 464 489 τρίτον
485 452 565 491 μέρος
596 455 645 487 τῆς
667 454 754 485 οὐσίας
787 455 873 482 αὐτῶν

43 493 204 533 λαμϐάνειν,
243 497 265 524 εἷ
287 496 325 533 μὴ
353 499 388 534 τῇ
412 495 484 524 λύσει
516 499 561 525 τοῦ
588 497 675 536 γάμου
716 497 871 535 συνῄνεσαν.

45 540 74 567 Et
97 539 127 567 δὲ
157 540 225 577 μήτε
247 540 376 580 ἀνιόντες,
399 541 469 578 μήτε
488 541 623 573 κατιόντες
646 542 714 578 εἶεν,
731 541 874 579 κελεύομεν

43 587 136 612 πᾶσαν
162 589 211 617 τὴν
232 585 321 613 ο-ὒσίαν
353 591 411 616 τοῖς
441 586 639 626 μοναστηρίοις,
668 588 711 618 οἷς
733 584 875 621 ἐνεϐλήθη-

44 639 106 664 σαν,
123 627 251 657 δίδοσθαι.
275 627 358 657 Ἀλλὰ
372 629 417 657 καὶ
437 630 497 662 τοὺς
526 630 558 658 τὰ
586 634 694 659 τοιαῦτα
709 629 873 662 συντιθέντας

45 673 162 710 ἀθέμιτα
196 672 345 710 συμϐόλαια
386 672 525 712 κελεύομεν
562 681 624 707 ταῖς
660 675 696 706 εἰς
731 676 761 702 τὸ
797 677 874 711 σῶμα

45 723 158 749 ποιναῖς
185 716 389 748 ὑποϐάλλεσθαι,
428 718 476 746 Καὶ
511 719 546 750 εἰς
575 718 673 758 ἑξορίαν
712 718 872 756 πέμπεσθαι,

47 761 75 788 Εἰ
97 759 126 788 δὲ
157 762 180 789 οἱ
209 762 254 790 τὸν
275 761 360 801 γάμον
382 760 452 790 λύειν
473 762 691 802 ἐπιχειρήσαντες
719 761 874 800 βουληθεῖεν

46 804 128 832 πάλιν
161 805 266 836 ἑαυτοῖς
296 805 442 842 συνελθεῖν,
472 807 532 846 πρὶν
567 806 598 835 ἂν
627 805 779 844 ἐμϐληθῶσι
822 817 873 844 μο-

47 850 212 888 ναστηρίοις,
242 849 316 878 ἄδεια
342 850 447 882 τούτοις
484 849 580 879 δίδοται
618 849 680 890 παρ’
714 851 803 888 ἡμῶν,
832 850 876 878 καὶ

46 893 93 924 τὰς
132 894 326 934 προειρημένας
364 895 457 927 ποινὰς
486 900 677 935 συγχωροῦμεν
705 896 796 927 αὐτοῖς
831 894 875 922 καὶ

48 937 95 968 τὰς
132 936 199 970 ἰδίας
222 937 296 978 ἔχειν
317 939 479 978 περιουσίας,
510 943 561 968 Teii
590 938 613 967 δ’
644 940 702 972 ἑνὸς
734 939 875 978 προσώπου

48 980 212 1019 ϐουλομένω
240 985 286 1012 τὸν
314 984 400 1022 γάμον
426 983 646 1022 ἀνακαλέσασθαι,
684 985 706 1012 εί
742 984 780 1021 μη
817 994 876 1011 συν-

50 1025 166 1055 αινέσειε
201 1027 245 1056 καὶ
273 1028 305 1056 τὸ
333 1027 433 1067 ἕτεροι,
476 1028 544 1058 κατὰ
577 1033 624 1057 τοῦ
651 1028 690 1066 μὴ
717 1027 877 1066 βουλομένου

49 1077 161 1110 κρατεῖν
189 1071 237 1105 τὰς
273 1072 379 1105 ποινάς.
408 1075 496 1101 Ταῦτα
537 1071 564 1101 δὲ
591 1071 733 1110 κελεύομεν
761 1072 876 1112 γίνεσθαι

50 1116 94 1144 καὶ
123 1116 194 1144 κατὰ
228 1117 351 1156 πρόνοιαν
389 1120 441 1145 τῶν
476 1116 683 1157 θεοφιλεστάτων
711 1117 862 1145 ἐπισκόπων

52 1160 80 1188 Εἰ
101 1159 132 1189 δὲ
154 1161 222 1189 κατὰ
243 1161 389 1189 συναίνεσιν
416 1161 571 1201 ἀμφοτέρων
599 1161 652 1189 τῶν
667 1164 764 1200 μερῶν,
782 1161 800 1194 ἢ
814 1158 873 1188 κατ’

52 1204 140 1245 ἔρωτα
174 1206 344 1246 σωφροσύνης
374 1205 462 1239 λυθείη
503 1206 601 1244 γάμος,
638 1204 778 1242 κελεύομεν
803 1204 875 1236 ὠθὺς

53 1251 166 1290 ἑκάτερα
205 1252 239 1279 τὰ
279 1250 348 1291 μέρη
384 1251 575 1291 προσέρχεσθαι
611 1254 650 1288 τῷ
678 1251 785 1290 μονήρει
814 1249 874 1289 βίῳ,

52 1295 174 1333 ἀζημίων
203 1294 326 1329 δηλονότι
355 1295 557 1335 φυλαττομένων
592 1297 687 1324 αὐτῶν.
724 1295 753 1323 Εἰ
781 1294 808 1322 δέ
836 1304 876 1326 τις

52 1339 185 1374 τούτωνῆ
213 1339 294 1378 γάμῳ
320 1339 470 1379 προσέλθοι,
499 1340 517 1374 ἢ
545 1342 621 1377 πενίᾳ
649 1340 800 1379 περιπέσοι,
828 1338 876 1372 τὴν

53 1386 144 1411 πᾶσαν
171 1385 251 1413 αὐτοῦ
279 1383 428 1423 περιουσίαν
456 1385 479 1412 οἱ
505 1383 600 1416 παῖδες
628 1383 759 1422 λήψονται
776 1391 783 1398 ·
797 1383 834 1423 ,εἰ
849 1381 876 1423 δὲ

53 1427 155 1460 παῖδας
183 1428 231 1456 οὒκ
254 1420 325 1467 ἔχει,
341 1428 371 1456 τὸ
387 1426 514 1465 δημόσιον
529 1428 609 1456 αὺτὸν
624 1420 778 1461 διαδέξεται,
795 1422 824 1456 lO
840 1420 877 1459 ξθ¹

52 1476 99 1501 τοῦ
141 1471 259 1511 μεγάλω
294 1471 431 1500 Βασιλείου
464 1473 551 1501 κανών
567 1481 575 1489 ·
618 1473 647 1502 El
693 1472 875 1512 ἀναγνώστης,

55 1518 131 1558 φησὶ,
175 1520 211 1556 τῇ
248 1517 328 1545 αἶ)τοῦ
370 1517 590 1556 μεμνηστευμένῃ
629 1517 680 1557 πρὸ
715 1521 762 1547 τοῦ
793 1516 879 1555 γάμου

56 1562 182 1602 μιχθείη,
219 1560 344 1595 κάκείνης
384 1565 462 1590 τοῦτο
505 1561 646 1600 ἑλομένης,
683 1561 725 1590 ὶπ’
760 1561 880 1589 ἒνιαυαὸν

55 1606 246 1648 ἀφοριζόμενος
274 1606 310 1637 είς
336 1606 368 1634 τὸ
408 1606 597 1645 ἀναγινώσκειν
630 1605 710 1635 πάλιν
734 1605 878 1642 ἐπάνεισιν,

56 1653 92 1684 εἰς
115 1652 224 1689 μείζονα
252 1651 291 1688 μὴ
316 1651 475 1691 προκόπτων
500 1649 610 1689 ϐαθμόν.
638 1651 667 1680 Εἰ
694 1649 721 1679 δὲ
736 1650 879 1688 μνηστείας

56 1697 142 1738 χωρὶς
169 1695 286 1724 συνέλθοι
314 1696 426 1735 γυναικὶ,
463 1696 508 1724 καὶ
545 1696 567 1724 εί
606 1694 698 1724 λαϐετν
726 1695 807 1728 αὑτὴν
842 1695 879 1726 εἷς

56 1748 172 1780 γυναῖκα
198 1740 293 1779 λόγους
321 1739 390 1772 ἴσως
410 1740 469 1778 μετ’
497 1740 579 1774 αὖτῆς
600 1739 730 1777 ἐποιεῖτο,
765 1739 809 1767 καὶ
831 1739 879 1774 τῆς

56 1791 103 1816 τοῦ
130 1785 302 1824 ἀναγνώστου
329 1785 472 1824 ὑπηρεσίας
504 1784 635 1816 ἐκπίπτει,
664 1784 695 1813 Εἰ
723 1783 750 1812 δὲ
777 1783 880 1823 ὑπηρέ-

58 1841 106 1864 της
121 1829 182 1864 ἤτοι
211 1828 383 1861 ὑποδιάκονος
409 1831 449 1866 τῷ
475 1827 586 1869 δευτέρῷ
614 1828 690 1857 πάθει
719 1827 809 1868 ἁλοίη,
831 1830 880 1869 τῆς

59 1873 204 1913 ξιπηρεσίας
233 1871 370 1901 ὲκϐάλεται
391 1872 500 1904 τελέως,
531 1866 561 1901 ’ὁ
584 1871 612 1900 δὲ
638 1871 744 1904 ἕννατος
767 1866 815 1906 τῆς
841 1866 883 1909 ς’

59 1917 178 1955 συνόδου,
208 1918 254 1945 τὸν
291 1917 327 1949 εἷς
369 1917 454 1957 γάμον
495 1917 633 1946 κοινωνίαν
673 1916 804 1956 ἀγόμενον
831 1916 882 1950 τὴν

59 1962 141 2002 ἑτέρῳ
189 1961 437 2000 μεμνηστευμένην,
484 1961 522 1990 ἔτι
562 1966 608 1991 τοῦ
648 1960 881 1999 μνηστευσαμένου

60 2007 196 2047 περιόντος
220 2012 280 2038 τοῖς
307 2008 355 2040 τῆς
379 2006 503 2046 μοιχείας
529 2005 673 2037 ὑποϐάλλει
701 2005 880 2045 ἐγκλήμασιν.

61 2052 88 2080 Ei
116 2050 146 2079 δὲ
168 2051 208 2089 μὴ
238 2053 371 2089 γαμικῶς,
400 2049 469 2078 ἀλλὰ
503 2053 634 2090 πορνικῶς
662 2051 729 2088 μετὰ
757 2049 882 2083 τοιαύτης

911 229 1059 270 siquidem
1073 229 1201 261 habeant
1211 229 1430 261 descendentes
1440 230 1484 261 vel
1501 240 1536 261 ex
1542 230 1599 261 hoc
1606 230 1733 270 ipso,vel

912 283 946 305 ex
953 274 1010 305 alio
1017 274 1216 314 matrimonio,
1224 274 1298 305 utiis
1309 274 1441 313 ipsorum
1454 275 1607 306 facultates
1614 275 1732 315 dentur,

913 318 981 350 etin
997 319 1249 350 mononasterium
1265 319 1361 359 ipsi...
1380 328 1416 350 ex
1430 319 1564 360 ipsorum
1579 319 1665 351 bonis
1680 321 1734 350 tri-

914 361 1052 393 buantur.
1069 361 1120 393 Sin
1137 362 1356 393 descendentes
1371 362 1470 394 nullos
1485 363 1623 401 habeant,
1654 368 1686 395 ut
1715 363 1737 393 ii

914 405 1029 436 tertiam
1039 405 1184 437 bonorum
1194 411 1307 447 partem
1316 411 1546 448 consequantur,
1560 408 1585 438 si
1596 407 1735 439 solutioni

914 449 1093 481 matrimonii
1102 459 1160 482 non
1166 450 1471 487 consenserint.Qu(-d
1478 451 1565 483 siuec
1572 452 1736 483 ascenden-

916 499 971 532 tes,
980 503 1034 525 nec
1041 495 1258 526 descendentes
1266 500 1393 527 exstent:
1403 496 1543 536 jubemus
1551 496 1651 527 omnia
1658 496 1735 527 bona

916 539 1113 579 monasteriis,
1122 539 1151 570 in
1159 549 1223 579 quae
1232 539 1363 571 conclusi
1374 540 1494 578 iuerint,
1506 539 1638 572 attribui.
1656 540 1734 577 Quin

916 582 1003 613 etiam
1020 583 1083 614 haec
1096 584 1293 615 instrumenta
1318 584 1431 615 nefaria
1445 584 1648 624 conﬁcientes,
1665 584 1733 615 sub-

912 626 966 666 jici
982 627 1077 667 pomis
1088 628 1303 668 corporalibus,
1315 633 1344 659 et
1356 629 1387 659 in
1401 628 1536 660 exsilium
1545 629 1621 659 mitti
1632 629 1734 669 praeci-

916 670 1021 710 pimus.
1039 672 1092 703 Sin
1107 677 1206 703 autem
1221 672 1254 709 ii,
1277 672 1327 713 qui
1350 673 1507 704 divortium
1523 673 1623 704 facere
1637 672 1735 704 conati

915 715 1044 753 fuerunt,
1061 725 1164 747 rursus
1190 717 1218 747 in
1246 717 1462 748 matrimonium
1492 718 1574 749 coire
1586 717 1732 748 voluerint

916 763 1074 800 antequam
1090 760 1120 791 in
1136 761 1319 791 monasteria
1334 761 1415 792 missi
1431 762 1502 800 sint,
1517 761 1546 792 id
1562 762 1670 801 agendi
1695 762 1735 792 li-

917 805 1044 835 centiam
1061 805 1134 845 ipsis
1148 805 1351 841 coucedimus,
1369 809 1398 837 et
1407 806 1562 846 praedictas
1577 815 1678 846 pinnas
1692 806 1737 838 eis

916 849 1108 888 remittimus,
1125 850 1260 891 adeoque
1274 851 1428 882 facultates
1437 860 1505 882 suas
1515 851 1646 883 retinere
1657 856 1737 892 pote-

916 898 995 925 runt.
1012 894 1050 925 At
1065 904 1122 925 una
1139 904 1266 935 persona
1281 895 1501 926 matrimonium
1531 904 1669 927 revocare
1683 905 1736 926 vo-

917 938 1008 978 lente,
1023 938 1049 970 si
1062 939 1155 970 altera
1169 948 1286 979 quoque
1314 948 1439 979 persona
1464 948 1523 970 non
1538 940 1734 979 consenserit,

916 983 1058 1014 adversus
1068 993 1133 1014 eam
1148 992 1242 1023 poenae
1256 987 1327 1014 ratae
1333 983 1405 1020 sint,
1417 992 1483 1023 quae
1492 983 1601 1014 renuit.
1609 985 1678 1015 Hac
1686 994 1736 1016 au-

918 1030 976 1058 tem
994 1028 1060 1058 ﬂeri
1072 1028 1212 1068 jubemus
1227 1027 1445 1058 interveniente
1460 1027 1645 1067 providentia
1661 1029 1736 1060 reli-

916 1073 1154 1113 giosissimorum
1171 1073 1390 1114 episcoporum.
1403 1073 1488 1110 Quod
1503 1073 1529 1104 si
1543 1083 1597 1114 per
1611 1084 1738 1106 consen-

919 1126 984 1148 sum
999 1118 1152 1159 utriusque
1163 1118 1255 1157 partis
1261 1118 1305 1149 vel
1312 1127 1414 1149 amore
1420 1117 1570 1158 pudicitiae
1580 1119 1736 1150 matrimo-

920 1161 1002 1193 nium
1017 1162 1146 1194 solutum
1162 1163 1251 1194 fuerit
1263 1173 1270 1193 :
1284 1162 1437 1203 jubemus,
1451 1167 1482 1193 ut
1495 1163 1595 1194 statim
1611 1167 1736 1204 utraque

920 1215 987 1246 pars
1003 1206 1039 1238 ad
1056 1207 1144 1238 vitam
1159 1207 1320 1238 solitariam
1336 1207 1468 1245 accedat,
1484 1207 1526 1237 ita
1539 1207 1659 1247 quidem
1674 1212 1737 1239 uta

919 1250 1014 1290 pomis
1025 1251 1174 1282 immunes
1186 1255 1335 1283 maneant.
1343 1250 1427 1287 Quod
1433 1251 1529 1292 siquis
1538 1261 1641 1282 eorum
1647 1252 1735 1283 vclad

917 1293 990 1326 alias
1005 1295 1121 1334 nuptias
1135 1295 1308 1333 convolarit,
1325 1295 1370 1326 vel
1386 1295 1416 1326 in
1447 1299 1649 1335 paupertatem
1665 1295 1737 1326 inci-

917 1338 996 1370 derit
1013 1348 1020 1369 :
1036 1339 1134 1369 omnia
1149 1339 1279 1380 ipsorum
1309 1339 1386 1370 bona
1411 1339 1498 1370 liberi
1511 1340 1667 1380 accipient.
1685 1339 1738 1371 Sin

917 1382 1004 1413 liberi
1019 1383 1092 1414 nulli
1106 1387 1233 1421 exstent,
1247 1384 1334 1414 ﬁscus
1344 1383 1493 1414 succedet.
1511 1383 1653 1414 Caeterum
1669 1392 1739 1416 LXIX

918 1426 1019 1458 Basilii
1049 1427 1147 1467 magni
1174 1437 1293 1459 canon:
1333 1428 1365 1458 Si
1401 1426 1505 1465 lector,
1533 1427 1640 1468 inquit,
1670 1437 1738 1459 cum

920 1471 1068 1512 desponsa
1083 1471 1140 1502 sibi
1152 1472 1277 1503 muliere
1284 1471 1522 1503 antecelebratas
1534 1472 1652 1512 nuptias
1660 1473 1740 1504 coie-

919 1515 969 1553 rit,
985 1516 1072 1547 etiatn
1083 1516 1147 1556 ipsa
1157 1516 1375 1554 consentiente,
1388 1516 1423 1547 ad
1432 1515 1634 1556 annispatium
1641 1525 1741 1557 segre-

920 1563 1015 1600 gatur,
1029 1564 1058 1592 et
1068 1560 1103 1591 ad
1117 1560 1236 1591 lectoris
1250 1560 1370 1601 quidem
1384 1569 1490 1591 munus
1504 1561 1594 1597 redit,
1611 1561 1664 1592 sed
1680 1571 1740 1593 ma-

917 1605 1015 1644 jorem
1022 1604 1056 1635 ad
1068 1604 1189 1644 gradum
1200 1614 1259 1635 non
1271 1604 1453 1645 provehitur.
1464 1605 1517 1636 Sin
1528 1605 1638 1646 absque
1652 1615 1742 1646 spon-

920 1649 1031 1680 salibus
1037 1658 1104 1680 cum
1116 1649 1241 1680 muliere
1248 1649 1494 1680 consuetudinem
1501 1649 1617 1686 habeat,
1625 1649 1743 1681 tametsi

921 1692 996 1724 forte
1006 1693 1105 1724 verbis
1116 1697 1144 1724 et
1162 1693 1344 1733 signiﬁcat-it,
1369 1702 1402 1724 se
1415 1693 1495 1725 illam
1502 1693 1663 1725 ducturum
1671 1704 1728 1725 uxo
1737 1711 1744 1718 -

920 1746 1000 1769 rem:
1025 1737 1113 1768 etiam
1134 1737 1298 1769 ministerio
1321 1738 1442 1769 lectoris
1466 1738 1589 1769 excidit.
1616 1738 1699 1775 Quod
1717 1738 1743 1769 si

923 1782 1060 1813 minister
1073 1782 1134 1813 sive
1149 1783 1292 1813 diaconus
1305 1783 1362 1813 hoc
1374 1783 1467 1813 altero
1481 1781 1550 1813 vitio
1569 1783 1741 1823 deliquerit,

923 1826 1087 1857 ministerio
1116 1835 1170 1858 suo
1197 1835 1318 1867 prorsus
1347 1826 1476 1866 ejicitur.
1516 1825 1618 1858 Nonus
1641 1832 1743 1858 autem

922 1875 1014 1902 sextae
1029 1870 1132 1911 synodi
1145 1879 1239 1901 canon
1255 1879 1334 1907 eum,
1351 1870 1401 1910 qui
1415 1870 1500 1901 alteri
1515 1870 1696 1910 desponsam
1711 1870 1743 1901 in

923 1914 1104 1946 matrimonii
1118 1914 1299 1946 consortium
1313 1913 1443 1954 asciscit,
1458 1914 1555 1945 adhuc
1568 1914 1620 1945 iilo
1635 1923 1744 1955 super-

921 1959 1001 1996 stite,
1016 1961 1065 2000 qui
1091 1959 1240 2000 sponsalia
1266 1958 1427 2000 contraxit;
1457 1958 1576 1990 crimini
1602 1958 1744 1990 adulterii

922 2003 1053 2044 subjicit.
1069 2003 1152 2040 Quod
1167 2004 1192 2034 si
1208 2013 1266 2034 non
1283 2003 1464 2034 matrimonii
1488 2003 1565 2042 lege,
1586 2003 1639 2034 sed
1655 2012 1742 2034 sci-r-

923 2048 1012 2079 tando
1026 2057 1093 2079 cum
1110 2048 1160 2079 tali
1175 2048 1321 2089 quispiam
1343 2056 1407 2079 rem
1434 2047 1582 2085 habuerit,
1599 2051 1660 2078 tum
1675 2047 1744 2088 ipse

61 2106 98 2128 τις
126 2094 304 2135 συμφθαρείη,
341 2096 384 2124 καὶ
415 2096 490 2127 οὗτος
526 2096 562 2127 ὡς
591 2095 691 2135 μοιχὸς
712 2100 880 2134 τιμωρεῖται,

966 2102 1064 2133 tquam
1079 2093 1205 2131 adulter,
1222 2097 1283 2125 tum
1295 2092 1404 2124 mulier
1413 2096 1444 2123 ut
1453 2092 1589 2123 adultera
1600 2092 1722 2132 punitur
1736 2100 1744 2123 :

61 2141 101 2169 καὶ
122 2141 142 2174 ἡ
156 2140 224 2179 γυνὴ
240 2140 277 2171 ὡς
295 2139 433 2180 μοιχαλίς.
451 2135 480 2168 ¹0
505 2138 533 2168 δὶ
546 2140 596 2173 τὴν
611 2138 752 2178 μνηστείαν
767 2138 882 2178 ἀγνοῶν,

62 2185 96 2217 ὡς
111 2185 222 2225 πόρνος.

329 2249 340 2266 ε
358 2238 420 2278 Περὶ
434 2238 588 2276 μνηστείας,
607 2249 621 2266 a

100 2293 158 2326 Τὴν
193 2292 243 2332 γὰρ
270 2291 414 2331 μνηστείαν
443 2292 467 2320 οἱ
489 2290 627 2329 νομοθέται
652 2291 792 2331 ὁρίζονται,
815 2291 885 2327 μνή-

65 2349 116 2375 μην
145 2337 191 2366 καὶ
219 2335 378 2376 ἐπαγγελίαν
399 2339 452 2365 τῶν
481 2335 632 2374 μελλόντων
659 2336 765 2375 γάμων,
794 2337 843 2365 Καὶ
872 2337 887 2364 ὁ

65 2383 111 2420 μὲν
126 2385 273 2413 Ηωσατκος
300 2381 381 2419 νόμος
406 2382 442 2414 ὡς
464 2380 550 2420 γάμον
578 2380 627 2414 τὴι
651 2381 794 2418 μνηστείαν
823 2379 886 2409 ἔλο-

66 2427 162 2466 γίζετο.
186 2426 236 2455 Καὶ
263 2427 278 2454 ὁ
305 2426 356 2460 τὴν
388 2424 463 2462 ἄλλῳ
489 2424 726 2463 μεμνηστευμένην
764 2425 886 2465 φθείρων,

17 2485 19 2494 ι
66 2472 100 2504 ὼς
115 2471 216 2511 μοιχὸς
238 2469 389 2506 ἐκολάζετο.
421 2470 470 2499 Καὶ
499 2468 590 2504 tunsa.
618 2469 653 2498 τὰ
679 2471 729 2504 τῆς
744 2469 888 2507 μνηστείας

67 2518 156 2548 αὐτοῖς
178 2515 343 2555 συνήρμοττε
371 2513 501 2552 σύμϐολα,
531 2514 576 2542 καὶ
600 2520 715 2553 γυναῖκα
742 2514 791 2548 τὴν
814 2524 887 2552 μνη-

67 2559 130 2595 στὴν
169 2559 371 2600 προσαγορεύει.
407 2557 583 2589 Ἐταπείνωσε
623 2558 684 2599 γὰρ,
724 2558 801 2599 φησὶ,
839 2557 889 2592 τὴν

925 2139 975 2179 qui
990 2148 1060 2170 vero
1076 2139 1225 2179 sponsalia
1249 2138 1399 2170 celebrata
1422 2137 1586 2179 ignorabat,
1604 2143 1745 2178 tanquam

926 2187 1081 2215 scortator.

1209 2236 1253 2268 De
1264 2237 1464 2278 sponsalibus.

966 2289 1186 2331 Sponsalia(37)
1203 2299 1331 2329 namque
1351 2290 1428 2329 juris
1439 2294 1576 2321 auctores
1590 2289 1748 2325 deﬁciunt,

928 2335 1111 2366 mentionem
1121 2339 1150 2366 et
1159 2334 1386 2376 promissionem
1393 2335 1556 2365 futurarum
1565 2334 1748 2375 nuptiarum.

928 2379 970 2411 Ac
985 2380 1033 2410 lex
1047 2379 1167 2421 quidem
1184 2379 1310 2411 Mosaica
1326 2379 1506 2410 matrimonii
1522 2379 1586 2411 loco
1599 2379 1751 2420 sponsalia

928 2423 1069 2455 habebat.
1086 2423 1121 2454 Et
1136 2425 1184 2464 qui
1199 2424 1378 2464 desponsam
1400 2423 1487 2454 alteri
1517 2423 1650 2462 vitiabat,
1682 2427 1750 2454 tan—

929 2477 1016 2509 quam
1025 2468 1141 2500 adulter
1152 2467 1535 2509 puniebatur.Sponsalium
1547 2477 1664 2509 quoque
1675 2476 1752 2508 sym-

930 2513 1004 2544 bolis
1018 2512 1106 2551 datis,
1122 2521 1232 2553 sponsa
1245 2522 1354 2544 nomen
1377 2513 1476 2544 uxoris
1490 2512 1667 2553 accipiebat.
1684 2511 1750 2543 Hu-

931 2557 1065 2593 miliavit,
1082 2556 1188 2598 inquit,
1204 2565 1327 2589 uxorem
1343 2557 1486 2598 proximi:
1515 2557 1572 2589 hoc
1590 2560 1646 2594 est,
1662 2564 1751 2596 spor-

851 2646 976 2680 NOTE.

110 2703 172 2746 (36)
190 2703 241 2736 Sic
272 2703 421 2746 restitue:
448 2703 485 2746 sic
513 2703 689 2746 μοναστήριον
703 2700 804 2746 ιμξάλλ

23 2778 25 2783 τ
73 2740 120 2774 καί
139 2740 199 2778 τόῖς
228 2744 416 2783 μοναστηρίοις
436 2740 565 2783 τέσσαρας
591 2740 696 2783 οὖγκίας
722 2740 834 2774 δίδοςται
859 2741 892 2783 εκ

20 2795 23 2802 ί
72 2786 118 2818 τῆς
139 2787 183 2814 καὶ
196 2782 274 2825 ἕτερα
290 2794 298 2802 ·
326 2782 616 2824 ipstconjiciantur,
644 2785 673 2814 et
698 2782 885 2815 monasterii:

805 2703 890 2740 εσθαι,

932 2701 1032 2734 uncia
1040 2704 1174 2742 quatuor
1187 2709 1227 2733 ex
1239 2702 1389 2742 ipsorum,
1404 2706 1461 2733 etc.

974 2741 1075 2782 (37)].
1095 2745 1107 2772 1
1126 2741 1160 2773 Ι).
1178 2742 1221 2774 De
1236 2741 1439 2782 sponsalibus.
