  <div class='ocr_page' id='page_1' title='image "/cluster/home/n/w/nwhite01/storage/ocr_20150623/119/njp.32101010943965/1322.png"; bbox 0 0 1917 3080; ppageno 0'>
   <div class='ocr_carea' id='block_1_1' title="bbox 11 138 73 170">
    <p class='ocr_par' dir='ltr' id='par_1_1' title="bbox 11 138 73 170">
     <span class='ocr_line' id='line_1_1' title="bbox 11 138 73 170; baseline 0 0"><span class='ocrx_word' id='word_1_1' title='bbox 11 138 73 170; x_wconf 64' lang='lat'><strong>193</strong></span> 
     </span>
    </p>
   </div>
   <div class='ocr_carea' id='block_1_2' title="bbox 671 141 1023 174">
    <p class='ocr_par' dir='ltr' id='par_1_2' title="bbox 671 141 1023 174">
     <span class='ocr_line' id='line_1_2' title="bbox 671 141 1023 174; baseline -0.006 0"><span class='ocrx_word' id='word_1_2' title='bbox 671 141 1011 174; x_wconf 64' lang='lat' dir='ltr'><strong>GRECO—BOMANUM</strong></span> <span class='ocrx_word' id='word_1_3' title='bbox 1016 165 1023 172; x_wconf 93' lang='lat'><strong>.</strong></span> 
     </span>
    </p>
   </div>
   <div class='ocr_carea' id='block_1_3' title="bbox 1610 141 1684 174">
    <p class='ocr_par' dir='ltr' id='par_1_3' title="bbox 1610 141 1684 174">
     <span class='ocr_line' id='line_1_3' title="bbox 1610 141 1684 174; baseline 0 0"><span class='ocrx_word' id='word_1_4' title='bbox 1610 141 1684 174; x_wconf 70' lang='grc'><strong>1394</strong></span> 
     </span>
    </p>
   </div>
   <div class='ocr_carea' id='block_1_4' title="bbox 11 205 808 245">
    <p class='ocr_par' dir='ltr' id='par_1_4' title="bbox 11 205 808 242">
     <span class='ocr_line' id='line_1_4' title="bbox 11 205 808 242; baseline 0.005 -11"><span class='ocrx_word' id='word_1_5' title='bbox 11 215 83 240; x_wconf 70' lang='grc' dir='ltr'>ςμου</span> <span class='ocrx_word' id='word_1_6' title='bbox 95 205 247 242; x_wconf 76' lang='grc' dir='ltr'><strong>συναφείας,</strong></span> <span class='ocrx_word' id='word_1_7' title='bbox 264 205 282 239; x_wconf 74' lang='grc' dir='ltr'><strong>ἢ</strong></span> <span class='ocrx_word' id='word_1_8' title='bbox 297 205 423 240; x_wconf 77' lang='grc' dir='ltr'>ἀλλήλοις</span> <span class='ocrx_word' id='word_1_9' title='bbox 445 205 680 242; x_wconf 79' lang='grc' dir='ltr'>καταλλάττεσθαι,</span> <span class='ocrx_word' id='word_1_10' title='bbox 710 207 728 241; x_wconf 78' lang='grc' dir='ltr'><strong>ἢ</strong></span> <span class='ocrx_word' id='word_1_11' title='bbox 756 207 808 236; x_wconf 68' lang='grc' dir='ltr'><strong>οὔτ(</strong></span> 
     </span>
    </p>
   </div>
   <div class='ocr_carea' id='block_1_5' title="bbox 899 205 1687 245">
    <p class='ocr_par' dir='ltr' id='par_1_5' title="bbox 899 206 1687 245">
     <span class='ocr_line' id='line_1_5' title="bbox 899 206 1687 245; baseline 0.004 -9"><span class='ocrx_word' id='word_1_12' title='bbox 899 216 948 237; x_wconf 93' lang='lat' dir='ltr'><strong>um</strong></span> <span class='ocrx_word' id='word_1_13' title='bbox 963 206 1137 245; x_wconf 77' lang='lat' dir='ltr'><strong>dissolvunt,</strong></span> <span class='ocrx_word' id='word_1_14' title='bbox 1155 216 1243 238; x_wconf 79' lang='lat' dir='ltr'><strong>causa</strong></span> <span class='ocrx_word' id='word_1_15' title='bbox 1257 207 1474 239; x_wconf 78' lang='lat' dir='ltr'><strong>consideranda</strong></span> <span class='ocrx_word' id='word_1_16' title='bbox 1484 208 1575 239; x_wconf 88' lang='lat' dir='ltr'><strong>venit.</strong></span> <span class='ocrx_word' id='word_1_17' title='bbox 1593 208 1635 239; x_wconf 79' lang='lat' dir='ltr'><strong>Ac</strong></span> <span class='ocrx_word' id='word_1_18' title='bbox 1646 208 1687 239; x_wconf 90' lang='lat' dir='ltr'><strong>si-</strong></span> 
     </span>
    </p>
   </div>
   <div class='ocr_carea' id='block_1_6' title="bbox 14 247 818 291">
    <p class='ocr_par' dir='ltr' id='par_1_6' title="bbox 14 247 818 291">
     <span class='ocr_line' id='line_1_6' title="bbox 14 247 818 291; baseline 0.007 -16"><span class='ocrx_word' id='word_1_19' title='bbox 14 258 85 276; x_wconf 80' lang='grc' dir='ltr'>νειν</span> <span class='ocrx_word' id='word_1_20' title='bbox 108 247 300 286; x_wconf 78' lang='grc' dir='ltr'>διακελεύεται,</span> <span class='ocrx_word' id='word_1_21' title='bbox 317 251 383 278; x_wconf 79' lang='grc' dir='ltr'>κατὰ</span> <span class='ocrx_word' id='word_1_22' title='bbox 407 251 455 285; x_wconf 78' lang='grc' dir='ltr'><strong>τὴν</strong></span> <span class='ocrx_word' id='word_1_23' title='bbox 479 254 525 279; x_wconf 84' lang='grc' dir='ltr'><strong>τοῦ</strong></span> <span class='ocrx_word' id='word_1_24' title='bbox 547 251 640 290; x_wconf 79' lang='grc' dir='ltr'>Κυρίου</span> <span class='ocrx_word' id='word_1_25' title='bbox 662 251 795 291; x_wconf 78' lang='grc' dir='ltr'>ἀπόφασιν</span> <span class='ocrx_word' id='word_1_26' title='bbox 811 262 818 270; x_wconf 93' lang='grc'><strong>·</strong></span> 
     </span>
    </p>
   </div>
   <div class='ocr_carea' id='block_1_7' title="bbox 26 293 819 336">
    <p class='ocr_par' dir='ltr' id='par_1_7' title="bbox 26 293 819 336">
     <span class='ocr_line' id='line_1_7' title="bbox 26 293 819 336; baseline 0.005 -15"><span class='ocrx_word' id='word_1_27' title='bbox 26 293 89 325; x_wconf 65' lang='grc' dir='ltr'><strong>Οὖς</strong></span> <span class='ocrx_word' id='word_1_28' title='bbox 106 294 122 322; x_wconf 83' lang='grc' dir='ltr'><strong>ὁ</strong></span> <span class='ocrx_word' id='word_1_29' title='bbox 137 294 202 327; x_wconf 82' lang='grc' dir='ltr'>Θεὸς</span> <span class='ocrx_word' id='word_1_30' title='bbox 225 294 382 331; x_wconf 77' lang='grc' dir='ltr'><strong>συνέζευξεν,</strong></span> <span class='ocrx_word' id='word_1_31' title='bbox 406 294 540 335; x_wconf 76' lang='grc' dir='ltr'>ἄνθρωπος</span> <span class='ocrx_word' id='word_1_32' title='bbox 569 296 608 333; x_wconf 81' lang='grc' dir='ltr'><strong>μὴ</strong></span> <span class='ocrx_word' id='word_1_33' title='bbox 631 297 780 336; x_wconf 74' lang='grc' dir='ltr'>χωριζέτω.</span> <span class='ocrx_word' id='word_1_34' title='bbox 805 309 819 325; x_wconf 68' lang='lat' dir='ltr'><strong>Ii</strong></span> 
     </span>
    </p>
   </div>
   <div class='ocr_carea' id='block_1_8' title="bbox 11 337 822 380">
    <p class='ocr_par' dir='ltr' id='par_1_8' title="bbox 11 337 822 380">
     <span class='ocr_line' id='line_1_8' title="bbox 11 337 822 380; baseline 0.006 -15"><span class='ocrx_word' id='word_1_35' title='bbox 11 337 41 364; x_wconf 82' lang='grc' dir='ltr'><strong>ιὶ</strong></span> <span class='ocrx_word' id='word_1_36' title='bbox 59 341 110 366; x_wconf 78' lang='grc' dir='ltr'><strong>τοῦ</strong></span> <span class='ocrx_word' id='word_1_37' title='bbox 126 337 290 367; x_wconf 82' lang='grc' dir='ltr'>Ἀποστόλου</span> <span class='ocrx_word' id='word_1_38' title='bbox 307 347 314 355; x_wconf 91' lang='grc'><strong>·</strong></span> <span class='ocrx_word' id='word_1_39' title='bbox 350 338 455 368; x_wconf 76' lang='grc' dir='ltr'>Δέὃεται</span> <span class='ocrx_word' id='word_1_40' title='bbox 475 340 578 379; x_wconf 83' lang='grc' dir='ltr'>γυναικί</span> <span class='ocrx_word' id='word_1_41' title='bbox 593 350 601 380; x_wconf 83' lang='grc'>;</span> <span class='ocrx_word' id='word_1_42' title='bbox 625 341 664 379; x_wconf 80' lang='grc' dir='ltr'><strong>μὴ</strong></span> <span class='ocrx_word' id='word_1_43' title='bbox 687 342 760 377; x_wconf 78' lang='grc' dir='ltr'>ζήτει</span> <span class='ocrx_word' id='word_1_44' title='bbox 774 341 822 370; x_wconf 81' lang='grc' dir='ltr'>λύ-</span> 
     </span>
    </p>
   </div>
   <div class='ocr_carea' id='block_1_9' title="bbox 12 393 47 412">
    <p class='ocr_par' dir='ltr' id='par_1_9' title="bbox 12 393 47 412">
     <span class='ocr_line' id='line_1_9' title="bbox 12 393 47 412; baseline 0 0"><span class='ocrx_word' id='word_1_45' title='bbox 12 393 47 412; x_wconf 74' lang='grc' dir='ltr'>ν.</span> 
     </span>
    </p>
   </div>
   <div class='ocr_carea' id='block_1_10' title="bbox 863 250 1683 293">
    <p class='ocr_par' dir='ltr' id='par_1_10' title="bbox 863 250 1683 293">
     <span class='ocr_line' id='line_1_10' title="bbox 863 250 1683 293; baseline 0.002 -12"><span class='ocrx_word' id='word_1_46' title='bbox 863 250 983 291; x_wconf 87' lang='lat' dir='ltr'><strong>quidem</strong></span> <span class='ocrx_word' id='word_1_47' title='bbox 1000 250 1112 292; x_wconf 82' lang='lat' dir='ltr'><strong>absque</strong></span> <span class='ocrx_word' id='word_1_48' title='bbox 1122 251 1203 292; x_wconf 88' lang='lat' dir='ltr'><strong>justa</strong></span> <span class='ocrx_word' id='word_1_49' title='bbox 1217 261 1307 283; x_wconf 85' lang='lat' dir='ltr'><strong>causa</strong></span> <span class='ocrx_word' id='word_1_50' title='bbox 1322 252 1429 283; x_wconf 83' lang='lat' dir='ltr'><strong>mulier</strong></span> <span class='ocrx_word' id='word_1_51' title='bbox 1438 261 1456 283; x_wconf 85' lang='lat' dir='ltr'><strong>a</strong></span> <span class='ocrx_word' id='word_1_52' title='bbox 1469 253 1531 283; x_wconf 88' lang='lat' dir='ltr'><strong>viro</strong></span> <span class='ocrx_word' id='word_1_53' title='bbox 1543 252 1683 293; x_wconf 75' lang='lat' dir='ltr'><strong>secessit,</strong></span> 
     </span>
    </p>
   </div>
   <div class='ocr_carea' id='block_1_11' title="bbox 863 295 1683 336">
    <p class='ocr_par' dir='ltr' id='par_1_11' title="bbox 863 295 1683 336">
     <span class='ocr_line' id='line_1_11' title="bbox 863 295 1683 336; baseline 0.002 -10"><span class='ocrx_word' id='word_1_54' title='bbox 863 295 928 336; x_wconf 87' lang='lat' dir='ltr'><strong>ipsa</strong></span> <span class='ocrx_word' id='word_1_55' title='bbox 939 295 1048 336; x_wconf 64' lang='lat' dir='ltr'><strong>poenis,</strong></span> <span class='ocrx_word' id='word_1_56' title='bbox 1063 296 1113 327; x_wconf 90' lang='lat' dir='ltr'><strong>ille</strong></span> <span class='ocrx_word' id='word_1_57' title='bbox 1129 296 1212 327; x_wconf 90' lang='lat' dir='ltr'><strong>venia</strong></span> <span class='ocrx_word' id='word_1_58' title='bbox 1224 297 1331 336; x_wconf 77' lang='lat' dir='ltr'><strong>dignus</strong></span> <span class='ocrx_word' id='word_1_59' title='bbox 1345 297 1517 336; x_wconf 86' lang='lat' dir='ltr'><strong>judicatur:</strong></span> <span class='ocrx_word' id='word_1_60' title='bbox 1535 297 1683 334; x_wconf 78' lang='lat' dir='ltr'><strong>videlicet,</strong></span> 
     </span>
    </p>
   </div>
   <div class='ocr_carea' id='block_1_12' title="bbox 863 339 1683 378">
    <p class='ocr_par' dir='ltr' id='par_1_12' title="bbox 863 339 1683 378">
     <span class='ocr_line' id='line_1_12' title="bbox 863 339 1683 378; baseline 0.002 -8"><span class='ocrx_word' id='word_1_61' title='bbox 863 345 896 370; x_wconf 92' lang='lat' dir='ltr'><strong>ut</strong></span> <span class='ocrx_word' id='word_1_62' title='bbox 911 349 980 370; x_wconf 91' lang='lat' dir='ltr'><strong>cum</strong></span> <span class='ocrx_word' id='word_1_63' title='bbox 995 339 1126 371; x_wconf 80' lang='lat' dir='ltr'><strong>Ecclesia</strong></span> <span class='ocrx_word' id='word_1_64' title='bbox 1149 341 1360 378; x_wconf 84' lang='lat' dir='ltr'><strong>communicet,</strong></span> <span class='ocrx_word' id='word_1_65' title='bbox 1387 351 1446 373; x_wconf 92' lang='lat' dir='ltr'><strong>non</strong></span> <span class='ocrx_word' id='word_1_66' title='bbox 1472 341 1562 372; x_wconf 87' lang='lat' dir='ltr'><strong>etiam</strong></span> <span class='ocrx_word' id='word_1_67' title='bbox 1577 345 1610 372; x_wconf 92' lang='lat' dir='ltr'><strong>ut</strong></span> <span class='ocrx_word' id='word_1_68' title='bbox 1625 341 1683 372; x_wconf 88' lang='lat' dir='ltr'><strong>alia</strong></span> 
     </span>
    </p>
   </div>
   <div class='ocr_carea' id='block_1_13' title="bbox 866 385 1685 428">
    <p class='ocr_par' dir='ltr' id='par_1_13' title="bbox 866 385 1685 428">
     <span class='ocr_line' id='line_1_13' title="bbox 866 385 1685 428; baseline 0.004 -13"><span class='ocrx_word' id='word_1_69' title='bbox 866 385 974 416; x_wconf 84' lang='lat' dir='ltr'><strong>mulier</strong></span> <span class='ocrx_word' id='word_1_70' title='bbox 988 390 1098 418; x_wconf 90' lang='lat' dir='ltr'><strong>utatur.</strong></span> <span class='ocrx_word' id='word_1_71' title='bbox 1114 386 1190 422; x_wconf 90' lang='lat' dir='ltr'><strong>Quin</strong></span> <span class='ocrx_word' id='word_1_72' title='bbox 1207 387 1295 418; x_wconf 87' lang='lat' dir='ltr'><strong>etiam</strong></span> <span class='ocrx_word' id='word_1_73' title='bbox 1310 387 1414 428; x_wconf 80' lang='lat' dir='ltr'><strong>synodi</strong></span> <span class='ocrx_word' id='word_1_74' title='bbox 1433 386 1685 427; x_wconf 82' lang='lat' dir='ltr'><strong>Carthaginiensis</strong></span> 
     </span>
    </p>
   </div>
   <div class='ocr_carea' id='block_1_14' title="bbox 11 426 1684 471">
    <p class='ocr_par' dir='ltr' id='par_1_14' title="bbox 11 426 1684 471">
     <span class='ocr_line' id='line_1_14' title="bbox 11 426 1684 471; baseline 0.003 -14"><span class='ocrx_word' id='word_1_75' title='bbox 11 434 96 471; x_wconf 65' lang='lat' dir='ltr'><strong>trioa</strong></span> <span class='ocrx_word' id='word_1_76' title='bbox 112 426 296 459; x_wconf 86' lang='lat' dir='ltr'><strong>centesimus</strong></span> <span class='ocrx_word' id='word_1_77' title='bbox 310 431 410 459; x_wconf 77' lang='lat' dir='ltr'><strong>sextus</strong></span> <span class='ocrx_word' id='word_1_78' title='bbox 425 429 568 469; x_wconf 60' lang='lat' dir='ltr'><strong>praecipit,</strong></span> <span class='ocrx_word' id='word_1_79' title='bbox 586 433 617 460; x_wconf 91' lang='lat' dir='ltr'><strong>ut</strong></span> <span class='ocrx_word' id='word_1_80' title='bbox 630 429 681 469; x_wconf 91' lang='lat' dir='ltr'><strong>qui</strong></span> <span class='ocrx_word' id='word_1_81' title='bbox 696 439 713 461; x_wconf 88' lang='lat' dir='ltr'><strong>a</strong></span> <span class='ocrx_word' id='word_1_82' title='bbox 728 430 938 471; x_wconf 77' lang='lat' dir='ltr'><strong>conjunctione</strong></span> <span class='ocrx_word' id='word_1_83' title='bbox 951 430 1160 462; x_wconf 88' lang='lat' dir='ltr'><strong>matrimoniali</strong></span> <span class='ocrx_word' id='word_1_84' title='bbox 1175 426 1368 467; x_wconf 85' lang='lat' dir='ltr'><strong>diverterent.</strong></span> <span class='ocrx_word' id='word_1_85' title='bbox 1385 431 1429 462; x_wconf 85' lang='lat' dir='ltr'><strong>vel</strong></span> <span class='ocrx_word' id='word_1_86' title='bbox 1442 432 1520 463; x_wconf 90' lang='lat' dir='ltr'><strong>inter</strong></span> <span class='ocrx_word' id='word_1_87' title='bbox 1535 426 1567 463; x_wconf 82' lang='lat' dir='ltr'><strong>se</strong></span> <span class='ocrx_word' id='word_1_88' title='bbox 1581 440 1684 463; x_wconf 87' lang='lat' dir='ltr'><strong>recon-</strong></span> 
     </span>
    </p>
   </div>
   <div class='ocr_carea' id='block_1_15' title="bbox 11 470 1682 515">
    <p class='ocr_par' dir='ltr' id='par_1_15' title="bbox 11 470 1682 515">
     <span class='ocr_line' id='line_1_15' title="bbox 11 470 1682 515; baseline 0.004 -14"><span class='ocrx_word' id='word_1_89' title='bbox 11 470 150 512; x_wconf 88' lang='lat' dir='ltr'><strong>lientur,</strong></span> <span class='ocrx_word' id='word_1_90' title='bbox 168 472 213 503; x_wconf 78' lang='lat' dir='ltr'><strong>vel</strong></span> <span class='ocrx_word' id='word_1_91' title='bbox 227 472 268 503; x_wconf 89' lang='lat' dir='ltr'><strong>ita</strong></span> <span class='ocrx_word' id='word_1_92' title='bbox 282 472 403 504; x_wconf 70' lang='lat' dir='ltr'><strong>celibes</strong></span> <span class='ocrx_word' id='word_1_93' title='bbox 419 478 566 511; x_wconf 86' lang='lat' dir='ltr'><strong>maneant,</strong></span> <span class='ocrx_word' id='word_1_94' title='bbox 581 475 665 515; x_wconf 76' lang='lat' dir='ltr'><strong>juxta</strong></span> <span class='ocrx_word' id='word_1_95' title='bbox 680 470 898 515; x_wconf 80' lang='lat' dir='ltr'><strong>pronuntiatam</strong></span> <span class='ocrx_word' id='word_1_96' title='bbox 913 475 989 507; x_wconf 91' lang='lat' dir='ltr'><strong>hanc</strong></span> <span class='ocrx_word' id='word_1_97' title='bbox 1002 485 1019 506; x_wconf 87' lang='lat' dir='ltr'><strong>a</strong></span> <span class='ocrx_word' id='word_1_98' title='bbox 1033 475 1158 506; x_wconf 91' lang='lat' dir='ltr'><strong>Domino</strong></span> <span class='ocrx_word' id='word_1_99' title='bbox 1182 475 1357 507; x_wconf 82' lang='lat' dir='ltr'><strong>sententiam</strong></span> <span class='ocrx_word' id='word_1_100' title='bbox 1377 487 1384 505; x_wconf 90' lang='lat'><strong>:</strong></span> <span class='ocrx_word' id='word_1_101' title='bbox 1413 476 1490 513; x_wconf 79' lang='lat' dir='ltr'><strong>Quos</strong></span> <span class='ocrx_word' id='word_1_102' title='bbox 1514 476 1593 508; x_wconf 79' lang='lat' dir='ltr'><strong>Deus</strong></span> <span class='ocrx_word' id='word_1_103' title='bbox 1609 484 1682 507; x_wconf 85' lang='lat' dir='ltr'><strong>con-</strong></span> 
     </span>
    </p>
   </div>
   <div class='ocr_carea' id='block_1_16' title="bbox 11 515 1432 560">
    <p class='ocr_par' dir='ltr' id='par_1_16' title="bbox 11 515 1432 560">
     <span class='ocr_line' id='line_1_16' title="bbox 11 515 1432 560; baseline 0.005 -15"><span class='ocrx_word' id='word_1_104' title='bbox 11 516 112 556; x_wconf 70' lang='lat' dir='ltr'><strong>:nxit,</strong></span> <span class='ocrx_word' id='word_1_105' title='bbox 129 515 219 548; x_wconf 79' lang='lat' dir='ltr'><strong>homo</strong></span> <span class='ocrx_word' id='word_1_106' title='bbox 232 526 294 548; x_wconf 87' lang='lat' dir='ltr'><strong>mm</strong></span> <span class='ocrx_word' id='word_1_107' title='bbox 307 521 428 558; x_wconf 80' lang='lat' dir='ltr'><strong>separet</strong></span> <span class='ocrx_word' id='word_1_108' title='bbox 441 528 448 549; x_wconf 76' lang='grc' dir='ltr'>ε</span> <span class='ocrx_word' id='word_1_109' title='bbox 466 522 494 549; x_wconf 83' lang='grc' dir='ltr'><strong>ει</strong></span> <span class='ocrx_word' id='word_1_110' title='bbox 504 518 554 550; x_wconf 86' lang='lat' dir='ltr'><strong>illa</strong></span> <span class='ocrx_word' id='word_1_111' title='bbox 568 519 701 559; x_wconf 85' lang='lat' dir='ltr'><strong>Apostoli</strong></span> <span class='ocrx_word' id='word_1_112' title='bbox 718 530 724 550; x_wconf 95' lang='lat'><strong>:</strong></span> <span class='ocrx_word' id='word_1_113' title='bbox 740 520 885 559; x_wconf 75' lang='lat' dir='ltr'><strong>Alligatus</strong></span> <span class='ocrx_word' id='word_1_114' title='bbox 901 529 933 550; x_wconf 84' lang='lat' dir='ltr'><strong>es</strong></span> <span class='ocrx_word' id='word_1_115' title='bbox 949 520 1031 551; x_wconf 88' lang='lat' dir='ltr'><strong>uxori</strong></span> <span class='ocrx_word' id='word_1_116' title='bbox 1045 519 1060 549; x_wconf 82' lang='lat'><strong>?</strong></span> <span class='ocrx_word' id='word_1_117' title='bbox 1075 529 1134 550; x_wconf 92' lang='lat' dir='ltr'><strong>non</strong></span> <span class='ocrx_word' id='word_1_118' title='bbox 1148 529 1249 560; x_wconf 62' lang='lat' dir='ltr'><strong>quare</strong></span> <span class='ocrx_word' id='word_1_119' title='bbox 1263 520 1432 552; x_wconf 82' lang='lat' dir='ltr'><strong>divortium.</strong></span> 
     </span>
    </p>
   </div>
   <div class='ocr_carea' id='block_1_17' title="bbox 39 560 821 603">
    <p class='ocr_par' dir='ltr' id='par_1_17' title="bbox 39 560 821 603">
     <span class='ocr_line' id='line_1_17' title="bbox 39 560 821 603; baseline 0.008 -15"><span class='ocrx_word' id='word_1_120' title='bbox 39 564 96 589; x_wconf 78' lang='grc' dir='ltr'><strong>Οτι</strong></span> <span class='ocrx_word' id='word_1_121' title='bbox 119 564 172 590; x_wconf 84' lang='grc' dir='ltr'>τῶν</span> <span class='ocrx_word' id='word_1_122' title='bbox 186 560 256 590; x_wconf 81' lang='grc' dir='ltr'>ἰδίων</span> <span class='ocrx_word' id='word_1_123' title='bbox 270 566 402 601; x_wconf 85' lang='grc' dir='ltr'>γυναικῶν</span> <span class='ocrx_word' id='word_1_124' title='bbox 415 565 572 603; x_wconf 81' lang='grc' dir='ltr'>χωρίζεσθαι</span> <span class='ocrx_word' id='word_1_125' title='bbox 587 563 628 593; x_wconf 76' lang='grc' dir='ltr'>δεῖ</span> <span class='ocrx_word' id='word_1_126' title='bbox 640 565 700 598; x_wconf 76' lang='grc' dir='ltr'>τοὺς</span> <span class='ocrx_word' id='word_1_127' title='bbox 717 564 821 594; x_wconf 71' lang='grc' dir='ltr'>ἐπισκό-</span> 
     </span>
    </p>
   </div>
   <div class='ocr_carea' id='block_1_18' title="bbox 355 618 465 640">
    <p class='ocr_par' dir='ltr' id='par_1_18' title="bbox 355 618 465 640">
     <span class='ocr_line' id='line_1_18' title="bbox 355 618 465 640; baseline -0.018 -4"><span class='ocrx_word' id='word_1_128' title='bbox 355 618 432 640; x_wconf 84' lang='grc' dir='ltr'>πους,</span> <span class='ocrx_word' id='word_1_129' title='bbox 452 619 465 634; x_wconf 69' lang='grc' dir='ltr'><strong><em>η</em></strong></span> 
     </span>
    </p>
   </div>
   <div class='ocr_carea' id='block_1_19' title="bbox 26 645 820 692">
    <p class='ocr_par' dir='ltr' id='par_1_19' title="bbox 26 645 820 692">
     <span class='ocr_line' id='line_1_19' title="bbox 26 645 820 692; baseline 0.006 -15"><span class='ocrx_word' id='word_1_130' title='bbox 26 651 65 678; x_wconf 79' lang='grc' dir='ltr'><strong>Οἱ</strong></span> <span class='ocrx_word' id='word_1_131' title='bbox 83 652 133 683; x_wconf 78' lang='grc' dir='ltr'><strong>τῆς</strong></span> <span class='ocrx_word' id='word_1_132' title='bbox 154 645 196 687; x_wconf 78' lang='grc' dir='ltr'>ς’</span> <span class='ocrx_word' id='word_1_133' title='bbox 210 650 316 679; x_wconf 76' lang='grc' dir='ltr'><strong>συνόδου</strong></span> <span class='ocrx_word' id='word_1_134' title='bbox 336 653 404 680; x_wconf 73' lang='grc' dir='ltr'>θεῖοι</span> <span class='ocrx_word' id='word_1_135' title='bbox 433 652 546 692; x_wconf 84' lang='grc' dir='ltr'>Πατέρες</span> <span class='ocrx_word' id='word_1_136' title='bbox 567 652 594 681; x_wconf 71' lang='grc' dir='ltr'>ἓν</span> <span class='ocrx_word' id='word_1_137' title='bbox 613 656 652 691; x_wconf 87' lang='grc' dir='ltr'>τῷ</span> <span class='ocrx_word' id='word_1_138' title='bbox 673 648 710 692; x_wconf 83' lang='grc' dir='ltr'><strong>ιβ’</strong></span> <span class='ocrx_word' id='word_1_139' title='bbox 729 654 820 682; x_wconf 83' lang='grc' dir='ltr'>κανόνι</span> 
     </span>
    </p>
   </div>
   <div class='ocr_carea' id='block_1_20' title="bbox 11 694 819 737">
    <p class='ocr_par' dir='ltr' id='par_1_20' title="bbox 11 694 819 737">
     <span class='ocr_line' id='line_1_20' title="bbox 11 694 819 737; baseline 0.007 -16"><span class='ocrx_word' id='word_1_140' title='bbox 11 694 150 733; x_wconf 71' lang='grc' dir='ltr'>τείργουσι</span> <span class='ocrx_word' id='word_1_141' title='bbox 165 694 224 726; x_wconf 78' lang='grc' dir='ltr'>τοὺς</span> <span class='ocrx_word' id='word_1_142' title='bbox 246 695 382 736; x_wconf 75' lang='grc' dir='ltr'>ἀρχιερεῖς</span> <span class='ocrx_word' id='word_1_143' title='bbox 398 697 465 734; x_wconf 77' lang='grc' dir='ltr'>μετᾶ</span> <span class='ocrx_word' id='word_1_144' title='bbox 490 698 540 730; x_wconf 81' lang='grc' dir='ltr'><strong>τὴν</strong></span> <span class='ocrx_word' id='word_1_145' title='bbox 562 699 726 737; x_wconf 68' lang='grc' dir='ltr'>χειροτονίαν</span> <span class='ocrx_word' id='word_1_146' title='bbox 755 709 819 727; x_wconf 71' lang='grc' dir='ltr'>σνν-</span> 
     </span>
    </p>
   </div>
   <div class='ocr_carea' id='block_1_21' title="bbox 11 738 820 782">
    <p class='ocr_par' dir='ltr' id='par_1_21' title="bbox 11 738 820 782">
     <span class='ocr_line' id='line_1_21' title="bbox 11 738 820 782; baseline 0.006 -16"><span class='ocrx_word' id='word_1_147' title='bbox 11 739 82 766; x_wconf 80' lang='grc' dir='ltr'>ιιεῖν</span> <span class='ocrx_word' id='word_1_148' title='bbox 99 738 168 772; x_wconf 75' lang='grc' dir='ltr'>ὅλως</span> <span class='ocrx_word' id='word_1_149' title='bbox 182 746 243 772; x_wconf 74' lang='grc' dir='ltr'>ταῖς</span> <span class='ocrx_word' id='word_1_150' title='bbox 269 741 319 780; x_wconf 81' lang='grc' dir='ltr'><strong>πρὸ</strong></span> <span class='ocrx_word' id='word_1_151' title='bbox 342 743 391 774; x_wconf 79' lang='grc' dir='ltr'><strong>τῆς</strong></span> <span class='ocrx_word' id='word_1_152' title='bbox 418 742 582 782; x_wconf 72' lang='grc' dir='ltr'>χειροτονίας</span> <span class='ocrx_word' id='word_1_153' title='bbox 603 744 712 781; x_wconf 76' lang='grc' dir='ltr'>θεσμοῖς</span> <span class='ocrx_word' id='word_1_154' title='bbox 733 743 820 782; x_wconf 86' lang='grc' dir='ltr'>γάμου</span> 
     </span>
    </p>
   </div>
   <div class='ocr_carea' id='block_1_22' title="bbox 11 784 644 825">
    <p class='ocr_par' dir='ltr' id='par_1_22' title="bbox 11 784 644 825">
     <span class='ocr_line' id='line_1_22' title="bbox 11 784 644 825; baseline 0.006 -15"><span class='ocrx_word' id='word_1_155' title='bbox 11 784 180 822; x_wconf 76' lang='grc' dir='ltr'>ιναφθείσαις</span> <span class='ocrx_word' id='word_1_156' title='bbox 208 786 299 817; x_wconf 71' lang='grc' dir='ltr'>αὺτοῖς</span> <span class='ocrx_word' id='word_1_157' title='bbox 331 784 439 825; x_wconf 43' lang='grc' dir='ltr'>γυναιξὶ,</span> <span class='ocrx_word' id='word_1_158' title='bbox 469 787 513 814; x_wconf 74' lang='grc' dir='ltr'><strong>καί</strong></span> <span class='ocrx_word' id='word_1_159' title='bbox 543 797 621 825; x_wconf 81' lang='grc' dir='ltr'>φασιν</span> <span class='ocrx_word' id='word_1_160' title='bbox 638 796 644 803; x_wconf 88' lang='grc'><strong>·</strong></span> 
     </span>
    </p>
   </div>
   <div class='ocr_carea' id='block_1_23' title="bbox 11 828 819 870">
    <p class='ocr_par' dir='ltr' id='par_1_23' title="bbox 11 828 819 870">
     <span class='ocr_line' id='line_1_23' title="bbox 11 828 819 870; baseline 0.007 -16"><span class='ocrx_word' id='word_1_161' title='bbox 11 828 118 862; x_wconf 74' lang='grc' dir='ltr'>ιετήτει</span> <span class='ocrx_word' id='word_1_162' title='bbox 133 831 186 856; x_wconf 84' lang='grc' dir='ltr'><strong>τῶν</strong></span> <span class='ocrx_word' id='word_1_163' title='bbox 205 835 264 861; x_wconf 77' lang='grc' dir='ltr'>τοῖς</span> <span class='ocrx_word' id='word_1_164' title='bbox 294 831 374 869; x_wconf 80' lang='grc' dir='ltr'>ἱεροῖς</span> <span class='ocrx_word' id='word_1_165' title='bbox 400 830 556 864; x_wconf 75' lang='grc' dir='ltr'>ἀποστόλοις</span> <span class='ocrx_word' id='word_1_166' title='bbox 578 830 604 859; x_wconf 75' lang='grc' dir='ltr'>ἐν</span> <span class='ocrx_word' id='word_1_167' title='bbox 639 834 677 868; x_wconf 82' lang='grc' dir='ltr'><strong>τῷ</strong></span> <span class='ocrx_word' id='word_1_168' title='bbox 705 831 819 870; x_wconf 79' lang='grc' dir='ltr'>πέμπτῳ</span> 
     </span>
    </p>
   </div>
   <div class='ocr_carea' id='block_1_24' title="bbox 11 872 819 913">
    <p class='ocr_par' dir='ltr' id='par_1_24' title="bbox 11 872 819 913">
     <span class='ocr_line' id='line_1_24' title="bbox 11 872 819 913; baseline 0.005 -14"><span class='ocrx_word' id='word_1_169' title='bbox 11 872 245 910; x_wconf 60' lang='grc' dir='ltr'>ηνομοθετημένων</span> <span class='ocrx_word' id='word_1_170' title='bbox 285 873 386 910; x_wconf 81' lang='grc' dir='ltr'>κανόνι,</span> <span class='ocrx_word' id='word_1_171' title='bbox 430 879 508 904; x_wconf 80' lang='grc' dir='ltr'>τοῦτο</span> <span class='ocrx_word' id='word_1_172' title='bbox 538 875 706 913; x_wconf 82' lang='grc' dir='ltr'>θεσπίζομεν,</span> <span class='ocrx_word' id='word_1_173' title='bbox 751 875 819 903; x_wconf 72' lang='grc' dir='ltr'>ἀλλὰ</span> 
     </span>
    </p>
   </div>
   <div class='ocr_carea' id='block_1_25' title="bbox 11 915 818 959">
    <p class='ocr_par' dir='ltr' id='par_1_25' title="bbox 11 915 818 959">
     <span class='ocr_line' id='line_1_25' title="bbox 11 915 818 959; baseline 0.006 -16"><span class='ocrx_word' id='word_1_174' title='bbox 11 927 35 949; x_wconf 69' lang='grc' dir='ltr'><strong>ιν</strong></span> <span class='ocrx_word' id='word_1_175' title='bbox 53 915 103 944; x_wconf 71' lang='grc' dir='ltr'><strong>ἐπὶ</strong></span> <span class='ocrx_word' id='word_1_176' title='bbox 127 918 157 945; x_wconf 79' lang='grc' dir='ltr'><strong>τὸ</strong></span> <span class='ocrx_word' id='word_1_177' title='bbox 187 923 308 957; x_wconf 76' lang='grc' dir='ltr'>κρεῖττον</span> <span class='ocrx_word' id='word_1_178' title='bbox 335 917 449 947; x_wconf 74' lang='grc' dir='ltr'>ἐπίδοσιν</span> <span class='ocrx_word' id='word_1_179' title='bbox 476 921 527 952; x_wconf 78' lang='grc' dir='ltr'><strong>τῆς</strong></span> <span class='ocrx_word' id='word_1_180' title='bbox 555 917 713 952; x_wconf 76' lang='grc' dir='ltr'>ἐκκλησίας</span> <span class='ocrx_word' id='word_1_181' title='bbox 747 931 818 959; x_wconf 85' lang='grc' dir='ltr'>πρα-</span> 
     </span>
    </p>
   </div>
   <div class='ocr_carea' id='block_1_26' title="bbox 11 961 818 1002">
    <p class='ocr_par' dir='ltr' id='par_1_26' title="bbox 11 961 818 1002">
     <span class='ocr_line' id='line_1_26' title="bbox 11 961 818 1002; baseline 0.004 -14"><span class='ocrx_word' id='word_1_182' title='bbox 11 961 202 998; x_wconf 80' lang='grc' dir='ltr'>ιατευόμενοι.</span> <span class='ocrx_word' id='word_1_183' title='bbox 220 964 249 991; x_wconf 75' lang='grc' dir='ltr'><strong>Οἱ</strong></span> <span class='ocrx_word' id='word_1_184' title='bbox 263 963 312 1000; x_wconf 81' lang='grc' dir='ltr'>μὲν</span> <span class='ocrx_word' id='word_1_185' title='bbox 332 963 381 1002; x_wconf 80' lang='grc' dir='ltr'><strong>γὰρ</strong></span> <span class='ocrx_word' id='word_1_186' title='bbox 407 965 475 992; x_wconf 76' lang='grc' dir='ltr'>θεῖοι</span> <span class='ocrx_word' id='word_1_187' title='bbox 505 962 648 992; x_wconf 75' lang='grc' dir='ltr'>ἀπόστολοι</span> <span class='ocrx_word' id='word_1_188' title='bbox 683 962 740 1002; x_wconf 74' lang='grc' dir='ltr'>ἄρτι</span> <span class='ocrx_word' id='word_1_189' title='bbox 768 966 818 997; x_wconf 78' lang='grc' dir='ltr'><strong>τῆς</strong></span> 
     </span>
    </p>
   </div>
   <div class='ocr_carea' id='block_1_27' title="bbox 11 1004 818 1047">
    <p class='ocr_par' dir='ltr' id='par_1_27' title="bbox 11 1004 818 1047">
     <span class='ocr_line' id='line_1_27' title="bbox 11 1004 818 1047; baseline 0.004 -14"><span class='ocrx_word' id='word_1_190' title='bbox 11 1004 159 1039; x_wconf 74' lang='grc' dir='ltr'>ἰκκλησίας</span> <span class='ocrx_word' id='word_1_191' title='bbox 192 1009 226 1045; x_wconf 82' lang='grc' dir='ltr'><strong>τῇ</strong></span> <span class='ocrx_word' id='word_1_192' title='bbox 261 1008 313 1036; x_wconf 77' lang='grc' dir='ltr'><strong>τῶν</strong></span> <span class='ocrx_word' id='word_1_193' title='bbox 350 1006 480 1036; x_wconf 80' lang='grc' dir='ltr'>Ἰουδαίων</span> <span class='ocrx_word' id='word_1_194' title='bbox 517 1008 664 1047; x_wconf 71' lang='grc' dir='ltr'>παχύτητι,</span> <span class='ocrx_word' id='word_1_195' title='bbox 699 1009 743 1036; x_wconf 78' lang='grc' dir='ltr'><strong>καὶ</strong></span> 
     </span>
    </p>
   </div>
   <div class='ocr_carea' id='block_1_28' title="bbox 11 1048 818 1091">
    <p class='ocr_par' dir='ltr' id='par_1_28' title="bbox 11 1048 818 1091">
     <span class='ocr_line' id='line_1_28' title="bbox 11 1048 818 1091; baseline 0.005 -15"><span class='ocrx_word' id='word_1_196' title='bbox 11 1048 144 1088; x_wconf 78' lang='grc' dir='ltr'>ζλληνικῇ</span> <span class='ocrx_word' id='word_1_197' title='bbox 164 1049 350 1088; x_wconf 68' lang='grc' dir='ltr'>δεισιδαιμονίᾳ</span> <span class='ocrx_word' id='word_1_198' title='bbox 371 1050 457 1080; x_wconf 81' lang='grc' dir='ltr'>πολλὰ</span> <span class='ocrx_word' id='word_1_199' title='bbox 472 1052 574 1091; x_wconf 77' lang='grc' dir='ltr'>χαίρειν</span> <span class='ocrx_word' id='word_1_200' title='bbox 589 1052 726 1089; x_wconf 78' lang='grc' dir='ltr'>είπούσης,</span> <span class='ocrx_word' id='word_1_201' title='bbox 749 1051 818 1080; x_wconf 73' lang='grc' dir='ltr'>ἔστιν</span> 
     </span>
    </p>
   </div>
   <div class='ocr_carea' id='block_1_29' title="bbox 11 1095 818 1136">
    <p class='ocr_par' dir='ltr' id='par_1_29' title="bbox 11 1095 818 1136">
     <span class='ocr_line' id='line_1_29' title="bbox 11 1095 818 1136; baseline 0.005 -15"><span class='ocrx_word' id='word_1_202' title='bbox 11 1096 29 1125; x_wconf 77' lang='grc' dir='ltr'>ῖς</span> <span class='ocrx_word' id='word_1_203' title='bbox 54 1097 113 1122; x_wconf 83' lang='grc' dir='ltr'><strong>τῶν</strong></span> <span class='ocrx_word' id='word_1_204' title='bbox 142 1095 275 1135; x_wconf 80' lang='grc' dir='ltr'>Πατρῴων</span> <span class='ocrx_word' id='word_1_205' title='bbox 297 1095 361 1124; x_wconf 76' lang='grc' dir='ltr'>ἐθῶν</span> <span class='ocrx_word' id='word_1_206' title='bbox 375 1095 520 1124; x_wconf 74' lang='grc' dir='ltr'>ἐνεδίδοσαν</span> <span class='ocrx_word' id='word_1_207' title='bbox 547 1096 673 1136; x_wconf 74' lang='grc' dir='ltr'>χρῆσθαι.</span> <span class='ocrx_word' id='word_1_208' title='bbox 691 1096 754 1125; x_wconf 78' lang='grc' dir='ltr'><strong>0”ἷτέ</strong></span> <span class='ocrx_word' id='word_1_209' title='bbox 769 1098 818 1136; x_wconf 74' lang='grc' dir='ltr'><strong>γὰρ</strong></span> 
     </span>
    </p>
   </div>
   <div class='ocr_carea' id='block_1_30' title="bbox 11 1136 817 1181">
    <p class='ocr_par' dir='ltr' id='par_1_30' title="bbox 11 1136 817 1181">
     <span class='ocr_line' id='line_1_30' title="bbox 11 1136 817 1181; baseline 0.005 -15"><span class='ocrx_word' id='word_1_210' title='bbox 11 1140 40 1166; x_wconf 74' lang='grc' dir='ltr'>ὗν</span> <span class='ocrx_word' id='word_1_211' title='bbox 71 1137 205 1168; x_wconf 72' lang='grc' dir='ltr'>Ἰουδαίων</span> <span class='ocrx_word' id='word_1_212' title='bbox 225 1141 268 1168; x_wconf 81' lang='grc' dir='ltr'><strong>καὶ</strong></span> <span class='ocrx_word' id='word_1_213' title='bbox 289 1141 312 1168; x_wconf 87' lang='grc' dir='ltr'>οἱ</span> <span class='ocrx_word' id='word_1_214' title='bbox 330 1141 383 1169; x_wconf 76' lang='grc' dir='ltr'><strong>τῶν</strong></span> <span class='ocrx_word' id='word_1_215' title='bbox 399 1136 533 1176; x_wconf 67' lang='grc' dir='ltr'>Ἐλλήνων</span> <span class='ocrx_word' id='word_1_216' title='bbox 548 1141 684 1181; x_wconf 77' lang='grc' dir='ltr'>ἀρχιερεῖς</span> <span class='ocrx_word' id='word_1_217' title='bbox 699 1145 751 1170; x_wconf 85' lang='grc' dir='ltr'>τῶν</span> <span class='ocrx_word' id='word_1_218' title='bbox 766 1153 817 1170; x_wconf 87' lang='grc' dir='ltr'>συ-</span> 
     </span>
    </p>
   </div>
   <div class='ocr_carea' id='block_1_31' title="bbox 11 1182 817 1226">
    <p class='ocr_par' dir='ltr' id='par_1_31' title="bbox 11 1182 817 1226">
     <span class='ocr_line' id='line_1_31' title="bbox 11 1182 817 1226; baseline 0.005 -16"><span class='ocrx_word' id='word_1_219' title='bbox 11 1182 92 1210; x_wconf 66' lang='grc' dir='ltr'>ιύνων</span> <span class='ocrx_word' id='word_1_220' title='bbox 107 1183 155 1212; x_wconf 71' lang='grc' dir='ltr'><strong>οὐκ</strong></span> <span class='ocrx_word' id='word_1_221' title='bbox 167 1183 338 1224; x_wconf 72' lang='grc' dir='ltr'>ἐχωρίζοντο.</span> <span class='ocrx_word' id='word_1_222' title='bbox 355 1186 390 1214; x_wconf 76' lang='grc' dir='ltr'><strong>Τὸ</strong></span> <span class='ocrx_word' id='word_1_223' title='bbox 413 1184 440 1213; x_wconf 75' lang='grc' dir='ltr'><strong>δὲ</strong></span> <span class='ocrx_word' id='word_1_224' title='bbox 466 1186 580 1225; x_wconf 77' lang='grc' dir='ltr'>τήμερον</span> <span class='ocrx_word' id='word_1_225' title='bbox 605 1186 689 1224; x_wconf 76' lang='grc' dir='ltr'>εἶναι,</span> <span class='ocrx_word' id='word_1_226' title='bbox 719 1186 817 1226; x_wconf 74' lang='grc' dir='ltr'>χρῆναί</span> 
     </span>
    </p>
   </div>
   <div class='ocr_carea' id='block_1_32' title="bbox 11 1227 818 1270">
    <p class='ocr_par' dir='ltr' id='par_1_32' title="bbox 11 1227 818 1270">
     <span class='ocr_line' id='line_1_32' title="bbox 11 1227 818 1270; baseline 0.006 -16"><span class='ocrx_word' id='word_1_227' title='bbox 11 1237 52 1254; x_wconf 81' lang='grc' dir='ltr'><strong>ασι</strong></span> <span class='ocrx_word' id='word_1_228' title='bbox 70 1227 134 1260; x_wconf 82' lang='grc' dir='ltr'>τοὺς</span> <span class='ocrx_word' id='word_1_229' title='bbox 149 1228 286 1268; x_wconf 80' lang='grc' dir='ltr'>ἀρχιερεῖς</span> <span class='ocrx_word' id='word_1_230' title='bbox 307 1230 352 1257; x_wconf 77' lang='grc' dir='ltr'>τὸν</span> <span class='ocrx_word' id='word_1_231' title='bbox 373 1229 428 1267; x_wconf 86' lang='grc' dir='ltr'>βίον</span> <span class='ocrx_word' id='word_1_232' title='bbox 458 1231 523 1269; x_wconf 70' lang='grc' dir='ltr'>πρὸς</span> <span class='ocrx_word' id='word_1_233' title='bbox 537 1229 632 1270; x_wconf 78' lang='grc' dir='ltr'>ἀκριϐῆ</span> <span class='ocrx_word' id='word_1_234' title='bbox 648 1231 818 1270; x_wconf 73' lang='grc' dir='ltr'>σωφροσύνην</span> 
     </span>
    </p>
   </div>
   <div class='ocr_carea' id='block_1_33' title="bbox 11 1273 817 1314">
    <p class='ocr_par' dir='ltr' id='par_1_33' title="bbox 11 1273 817 1314">
     <span class='ocr_line' id='line_1_33' title="bbox 11 1273 817 1314; baseline 0.004 -14"><span class='ocrx_word' id='word_1_235' title='bbox 11 1273 199 1311; x_wconf 75' lang='grc' dir='ltr'>ιτευθύνοντας,</span> <span class='ocrx_word' id='word_1_236' title='bbox 233 1274 285 1313; x_wconf 73' lang='grc' dir='ltr'>οὐχ</span> <span class='ocrx_word' id='word_1_237' title='bbox 311 1273 383 1305; x_wconf 80' lang='grc' dir='ltr'>ὅπως</span> <span class='ocrx_word' id='word_1_238' title='bbox 408 1274 456 1307; x_wconf 73' lang='grc' dir='ltr'>τῆς</span> <span class='ocrx_word' id='word_1_239' title='bbox 483 1277 536 1302; x_wconf 83' lang='grc' dir='ltr'>τῶν</span> <span class='ocrx_word' id='word_1_240' title='bbox 564 1274 720 1314; x_wconf 76' lang='grc' dir='ltr'>ἀλλοτρίων,</span> <span class='ocrx_word' id='word_1_241' title='bbox 750 1275 817 1303; x_wconf 74' lang='grc' dir='ltr'>ἀλλὰ</span> 
     </span>
    </p>
   </div>
   <div class='ocr_carea' id='block_1_34' title="bbox 11 1316 813 1357">
    <p class='ocr_par' dir='ltr' id='par_1_34' title="bbox 11 1316 813 1357">
     <span class='ocr_line' id='line_1_34' title="bbox 11 1316 813 1357; baseline 0.005 -13"><span class='ocrx_word' id='word_1_242' title='bbox 11 1318 33 1344; x_wconf 81' lang='grc' dir='ltr'><strong>αὶ</strong></span> <span class='ocrx_word' id='word_1_243' title='bbox 63 1319 119 1350; x_wconf 73' lang='grc' dir='ltr'><strong>τῆς</strong></span> <span class='ocrx_word' id='word_1_244' title='bbox 145 1319 197 1345; x_wconf 79' lang='grc' dir='ltr'><strong>τῶν</strong></span> <span class='ocrx_word' id='word_1_245' title='bbox 225 1316 295 1346; x_wconf 76' lang='grc' dir='ltr'>ἰδίων</span> <span class='ocrx_word' id='word_1_246' title='bbox 318 1319 449 1357; x_wconf 81' lang='grc' dir='ltr'>γυναικῶν</span> <span class='ocrx_word' id='word_1_247' title='bbox 479 1318 584 1356; x_wconf 78' lang='grc' dir='ltr'>ὁμιλίας</span> <span class='ocrx_word' id='word_1_248' title='bbox 606 1318 813 1349; x_wconf 82' lang='grc' dir='ltr'>ἆποδιίστασθαι.</span> 
     </span>
    </p>
   </div>
   <div class='ocr_carea' id='block_1_35' title="bbox 11 1361 814 1401">
    <p class='ocr_par' dir='ltr' id='par_1_35' title="bbox 11 1361 814 1401">
     <span class='ocr_line' id='line_1_35' title="bbox 11 1361 814 1401; baseline 0.005 -13"><span class='ocrx_word' id='word_1_249' title='bbox 11 1364 76 1389; x_wconf 65' lang='lat' dir='ltr'><strong>aito</strong></span> <span class='ocrx_word' id='word_1_250' title='bbox 113 1362 162 1401; x_wconf 77' lang='grc' dir='ltr'>γὰρ</span> <span class='ocrx_word' id='word_1_251' title='bbox 189 1361 336 1390; x_wconf 73' lang='grc' dir='ltr'>σκανδάλου</span> <span class='ocrx_word' id='word_1_252' title='bbox 371 1362 500 1401; x_wconf 76' lang='grc' dir='ltr'>πρόφασιν</span> <span class='ocrx_word' id='word_1_253' title='bbox 529 1361 582 1392; x_wconf 74' lang='grc' dir='ltr'>οὐδ’</span> <span class='ocrx_word' id='word_1_254' title='bbox 610 1364 729 1397; x_wconf 75' lang='grc' dir='ltr'>ἡντινοῦν</span> <span class='ocrx_word' id='word_1_255' title='bbox 758 1370 814 1396; x_wconf 73' lang='grc' dir='ltr'>τοῖς</span> 
     </span>
    </p>
   </div>
   <div class='ocr_carea' id='block_1_36' title="bbox 11 1405 814 1446">
    <p class='ocr_par' dir='ltr' id='par_1_36' title="bbox 11 1405 814 1446">
     <span class='ocr_line' id='line_1_36' title="bbox 11 1405 814 1446; baseline 0.004 -13"><span class='ocrx_word' id='word_1_256' title='bbox 11 1406 39 1433; x_wconf 66' lang='grc' dir='ltr'><strong>τὸ</strong></span> <span class='ocrx_word' id='word_1_257' title='bbox 68 1412 155 1446; x_wconf 76' lang='grc' dir='ltr'>χεῖρα</span> <span class='ocrx_word' id='word_1_258' title='bbox 175 1405 340 1446; x_wconf 68' lang='grc' dir='ltr'>καταλείπει,</span> <span class='ocrx_word' id='word_1_259' title='bbox 361 1407 405 1435; x_wconf 79' lang='grc' dir='ltr'>καὶ</span> <span class='ocrx_word' id='word_1_260' title='bbox 425 1406 582 1446; x_wconf 80' lang='grc' dir='ltr'>ἀποφέρουσι</span> <span class='ocrx_word' id='word_1_261' title='bbox 610 1408 640 1436; x_wconf 78' lang='grc' dir='ltr'><strong>τὸ</strong></span> <span class='ocrx_word' id='word_1_262' title='bbox 668 1407 814 1446; x_wconf 71' lang='grc' dir='ltr'>ἀποστολι-</span> 
     </span>
    </p>
   </div>
   <div class='ocr_carea' id='block_1_37' title="bbox 11 1444 812 1490">
    <p class='ocr_par' dir='ltr' id='par_1_37' title="bbox 11 1444 812 1490">
     <span class='ocr_line' id='line_1_37' title="bbox 11 1444 812 1490; baseline 0.004 -12"><span class='ocrx_word' id='word_1_263' title='bbox 11 1450 35 1477; x_wconf 63' lang='grc' dir='ltr'><strong>ίν</strong></span> <span class='ocrx_word' id='word_1_264' title='bbox 54 1444 263 1490; x_wconf 22' lang='grc' dir='ltr'>’νδΛπρόσκοποι</span> <span class='ocrx_word' id='word_1_265' title='bbox 277 1444 377 1489; x_wconf 79' lang='grc' dir='ltr'>γίνεσθε</span> <span class='ocrx_word' id='word_1_266' title='bbox 398 1452 442 1479; x_wconf 83' lang='grc' dir='ltr'><strong>καὶ</strong></span> <span class='ocrx_word' id='word_1_267' title='bbox 461 1444 608 1490; x_wconf 70' lang='grc' dir='ltr'>Ἰουδαίοις,</span> <span class='ocrx_word' id='word_1_268' title='bbox 631 1453 675 1481; x_wconf 84' lang='grc' dir='ltr'><strong>καὶ</strong></span> <span class='ocrx_word' id='word_1_269' title='bbox 693 1444 812 1490; x_wconf 50' lang='grc' dir='ltr'>ηΕλλησι,</span> 
     </span>
    </p>
   </div>
   <div class='ocr_carea' id='block_1_38' title="bbox 903 564 1642 606">
    <p class='ocr_par' dir='ltr' id='par_1_38' title="bbox 903 564 1642 606">
     <span class='ocr_line' id='line_1_38' title="bbox 903 564 1642 606; baseline 0.001 -11"><span class='ocrx_word' id='word_1_270' title='bbox 903 564 1066 605; x_wconf 79' lang='lat' dir='ltr'><strong>Episcopus</strong></span> <span class='ocrx_word' id='word_1_271' title='bbox 1081 565 1118 596; x_wconf 86' lang='lat' dir='ltr'><strong>ab</strong></span> <span class='ocrx_word' id='word_1_272' title='bbox 1133 564 1284 596; x_wconf 69' lang='lat' dir='ltr'><strong>umoribus</strong></span> <span class='ocrx_word' id='word_1_273' title='bbox 1297 568 1362 597; x_wconf 71' lang='lat' dir='ltr'><strong>suis</strong></span> <span class='ocrx_word' id='word_1_274' title='bbox 1375 565 1513 606; x_wconf 76' lang='lat' dir='ltr'><strong>separari</strong></span> <span class='ocrx_word' id='word_1_275' title='bbox 1527 564 1642 597; x_wconf 78' lang='lat' dir='ltr'><strong>debere.</strong></span> 
     </span>
    </p>
   </div>
   <div class='ocr_carea' id='block_1_39' title="bbox 902 651 1682 693">
    <p class='ocr_par' dir='ltr' id='par_1_39' title="bbox 902 651 1682 693">
     <span class='ocr_line' id='line_1_39' title="bbox 902 651 1682 693; baseline 0.003 -10"><span class='ocrx_word' id='word_1_276' title='bbox 902 651 998 684; x_wconf 88' lang='lat' dir='ltr'><strong>Divini</strong></span> <span class='ocrx_word' id='word_1_277' title='bbox 1009 656 1101 684; x_wconf 69' lang='lat' dir='ltr'><strong>sextae</strong></span> <span class='ocrx_word' id='word_1_278' title='bbox 1109 653 1212 693; x_wconf 79' lang='lat' dir='ltr'><strong>synodi</strong></span> <span class='ocrx_word' id='word_1_279' title='bbox 1225 653 1324 685; x_wconf 82' lang='lat' dir='ltr'><strong>Patres</strong></span> <span class='ocrx_word' id='word_1_280' title='bbox 1335 654 1365 684; x_wconf 91' lang='lat' dir='ltr'><strong>in</strong></span> <span class='ocrx_word' id='word_1_281' title='bbox 1376 662 1490 684; x_wconf 87' lang='lat' dir='ltr'><strong>canone</strong></span> <span class='ocrx_word' id='word_1_282' title='bbox 1504 653 1682 685; x_wconf 87' lang='lat' dir='ltr'><strong>duodecimo</strong></span> 
     </span>
    </p>
   </div>
   <div class='ocr_carea' id='block_1_40' title="bbox 862 697 1684 738">
    <p class='ocr_par' dir='ltr' id='par_1_40' title="bbox 862 697 1684 738">
     <span class='ocr_line' id='line_1_40' title="bbox 862 697 1684 738; baseline 0.002 -11"><span class='ocrx_word' id='word_1_283' title='bbox 862 697 1017 737; x_wconf 83' lang='lat' dir='ltr'><strong>pontiﬁces</strong></span> <span class='ocrx_word' id='word_1_284' title='bbox 1032 697 1153 728; x_wconf 91' lang='lat' dir='ltr'><strong>omnino</strong></span> <span class='ocrx_word' id='word_1_285' title='bbox 1170 702 1233 738; x_wconf 91' lang='lat' dir='ltr'><strong>post</strong></span> <span class='ocrx_word' id='word_1_286' title='bbox 1248 697 1464 728; x_wconf 89' lang='lat' dir='ltr'><strong>ordinationem</strong></span> <span class='ocrx_word' id='word_1_287' title='bbox 1476 702 1578 728; x_wconf 85' lang='lat' dir='ltr'><strong>arcent</strong></span> <span class='ocrx_word' id='word_1_288' title='bbox 1588 698 1625 728; x_wconf 90' lang='lat' dir='ltr'><strong>ab</strong></span> <span class='ocrx_word' id='word_1_289' title='bbox 1636 707 1684 730; x_wconf 82' lang='lat' dir='ltr'><strong>ea-</strong></span> 
     </span>
    </p>
   </div>
   <div class='ocr_carea' id='block_1_41' title="bbox 860 741 1681 781">
    <p class='ocr_par' dir='ltr' id='par_1_41' title="bbox 860 741 1681 781">
     <span class='ocr_line' id='line_1_41' title="bbox 860 741 1681 781; baseline 0.002 -10"><span class='ocrx_word' id='word_1_290' title='bbox 860 749 927 771; x_wconf 84' lang='lat' dir='ltr'><strong>rum</strong></span> <span class='ocrx_word' id='word_1_291' title='bbox 941 741 1098 772; x_wconf 90' lang='lat' dir='ltr'><strong>mulierum</strong></span> <span class='ocrx_word' id='word_1_292' title='bbox 1106 741 1456 781; x_wconf 69' lang='lat' dir='ltr'><strong>contubernio.quzeante</strong></span> <span class='ocrx_word' id='word_1_293' title='bbox 1466 741 1681 773; x_wconf 82' lang='lat' dir='ltr'><strong>ordinationem</strong></span> 
     </span>
    </p>
   </div>
   <div class='ocr_carea' id='block_1_42' title="bbox 689 785 1683 837">
    <p class='ocr_par' dir='ltr' id='par_1_42' title="bbox 689 785 1683 837">
     <span class='ocr_line' id='line_1_42' title="bbox 689 785 1683 837; baseline 0.002 -22"><span class='ocrx_word' id='word_1_294' title='bbox 689 788 742 816; x_wconf 80' lang='grc' dir='ltr'><strong>Οὖκ</strong></span> <span class='ocrx_word' id='word_1_295' title='bbox 777 786 1045 837; x_wconf 67' lang='lat' dir='ltr'><strong>én&#39;Bmatrimonii</strong></span> <span class='ocrx_word' id='word_1_296' title='bbox 1061 787 1125 826; x_wconf 82' lang='lat' dir='ltr'><strong>lege</strong></span> <span class='ocrx_word' id='word_1_297' title='bbox 1141 795 1209 816; x_wconf 90' lang='lat' dir='ltr'><strong>cum</strong></span> <span class='ocrx_word' id='word_1_298' title='bbox 1235 786 1278 817; x_wconf 91' lang='lat' dir='ltr'><strong>eis</strong></span> <span class='ocrx_word' id='word_1_299' title='bbox 1303 789 1386 816; x_wconf 89' lang='lat' dir='ltr'><strong>erant</strong></span> <span class='ocrx_word' id='word_1_300' title='bbox 1412 785 1563 825; x_wconf 66' lang='lat' dir='ltr'><strong>copulatae,</strong></span> <span class='ocrx_word' id='word_1_301' title='bbox 1593 785 1683 826; x_wconf 86' lang='lat' dir='ltr'><strong>idque</strong></span> 
     </span>
    </p>
   </div>
   <div class='ocr_carea' id='block_1_43' title="bbox 859 829 1683 870">
    <p class='ocr_par' dir='ltr' id='par_1_43' title="bbox 859 829 1683 870">
     <span class='ocr_line' id='line_1_43' title="bbox 859 829 1683 870; baseline 0.001 -10"><span class='ocrx_word' id='word_1_302' title='bbox 859 829 959 860; x_wconf 84' lang='lat' dir='ltr'><strong>verbis</strong></span> <span class='ocrx_word' id='word_1_303' title='bbox 982 830 1178 870; x_wconf 86' lang='lat' dir='ltr'><strong>hujusmodi:</strong></span> <span class='ocrx_word' id='word_1_304' title='bbox 1203 831 1269 862; x_wconf 88' lang='lat' dir='ltr'><strong>Non</strong></span> <span class='ocrx_word' id='word_1_305' title='bbox 1293 833 1323 860; x_wconf 91' lang='lat' dir='ltr'><strong>ut</strong></span> <span class='ocrx_word' id='word_1_306' title='bbox 1344 829 1521 869; x_wconf 81' lang='lat' dir='ltr'><strong>abrogemus</strong></span> <span class='ocrx_word' id='word_1_307' title='bbox 1542 838 1588 870; x_wconf 88' lang='lat' dir='ltr'><strong>ea,</strong></span> <span class='ocrx_word' id='word_1_308' title='bbox 1618 839 1683 870; x_wconf 76' lang='lat' dir='ltr'><strong>quae</strong></span> 
     </span>
    </p>
   </div>
   <div class='ocr_carea' id='block_1_44' title="bbox 861 873 1681 914">
    <p class='ocr_par' dir='ltr' id='par_1_44' title="bbox 861 873 1681 914">
     <span class='ocr_line' id='line_1_44' title="bbox 861 873 1681 914; baseline 0.001 -10"><span class='ocrx_word' id='word_1_309' title='bbox 861 874 953 904; x_wconf 86' lang='lat' dir='ltr'><strong>sancti</strong></span> <span class='ocrx_word' id='word_1_310' title='bbox 967 874 1092 914; x_wconf 86' lang='lat' dir='ltr'><strong>apostoli</strong></span> <span class='ocrx_word' id='word_1_311' title='bbox 1110 883 1222 904; x_wconf 79' lang='lat' dir='ltr'><strong>canone</strong></span> <span class='ocrx_word' id='word_1_312' title='bbox 1236 873 1340 914; x_wconf 89' lang='lat' dir='ltr'><strong>quinto</strong></span> <span class='ocrx_word' id='word_1_313' title='bbox 1353 874 1593 910; x_wconf 86' lang='lat' dir='ltr'><strong>statuerunt,hoc</strong></span> <span class='ocrx_word' id='word_1_314' title='bbox 1610 883 1681 905; x_wconf 83' lang='lat' dir='ltr'><strong>san-</strong></span> 
     </span>
    </p>
   </div>
   <div class='ocr_carea' id='block_1_45' title="bbox 860 916 1682 958">
    <p class='ocr_par' dir='ltr' id='par_1_45' title="bbox 860 916 1682 958">
     <span class='ocr_line' id='line_1_45' title="bbox 860 916 1682 958; baseline 0.001 -10"><span class='ocrx_word' id='word_1_315' title='bbox 860 916 966 958; x_wconf 88' lang='lat' dir='ltr'><strong>cimus,</strong></span> <span class='ocrx_word' id='word_1_316' title='bbox 983 918 1035 949; x_wconf 90' lang='lat' dir='ltr'><strong>sed</strong></span> <span class='ocrx_word' id='word_1_317' title='bbox 1050 922 1080 949; x_wconf 92' lang='lat' dir='ltr'><strong>ut</strong></span> <span class='ocrx_word' id='word_1_318' title='bbox 1104 918 1320 948; x_wconf 86' lang='lat' dir='ltr'><strong>incrementum</strong></span> <span class='ocrx_word' id='word_1_319' title='bbox 1347 917 1489 948; x_wconf 65' lang='lat' dir='ltr'><strong>Ecclesiae</strong></span> <span class='ocrx_word' id='word_1_320' title='bbox 1513 917 1549 948; x_wconf 90' lang='lat' dir='ltr'><strong>ad</strong></span> <span class='ocrx_word' id='word_1_321' title='bbox 1575 921 1682 949; x_wconf 88' lang='lat' dir='ltr'><strong>statum</strong></span> 
     </span>
    </p>
   </div>
   <div class='ocr_carea' id='block_1_46' title="bbox 861 961 1680 1003">
    <p class='ocr_par' dir='ltr' id='par_1_46' title="bbox 861 961 1680 1003">
     <span class='ocr_line' id='line_1_46' title="bbox 861 961 1680 1003; baseline 0.001 -11"><span class='ocrx_word' id='word_1_322' title='bbox 861 961 1013 992; x_wconf 88' lang='lat' dir='ltr'><strong>meliorem</strong></span> <span class='ocrx_word' id='word_1_323' title='bbox 1031 961 1362 1002; x_wconf 86' lang='lat' dir='ltr'><strong>procuremus.Etenim</strong></span> <span class='ocrx_word' id='word_1_324' title='bbox 1376 961 1421 992; x_wconf 91' lang='lat' dir='ltr'><strong>illi</strong></span> <span class='ocrx_word' id='word_1_325' title='bbox 1433 961 1525 992; x_wconf 89' lang='lat' dir='ltr'><strong>divini</strong></span> <span class='ocrx_word' id='word_1_326' title='bbox 1541 962 1680 1003; x_wconf 85' lang='lat' dir='ltr'><strong>apostoli,</strong></span> 
     </span>
    </p>
   </div>
   <div class='ocr_carea' id='block_1_47' title="bbox 860 1006 1678 1042">
    <p class='ocr_par' dir='ltr' id='par_1_47' title="bbox 860 1006 1678 1042">
     <span class='ocr_line' id='line_1_47' title="bbox 860 1006 1678 1042; baseline 0.002 -6"><span class='ocrx_word' id='word_1_327' title='bbox 860 1015 926 1036; x_wconf 94' lang='lat' dir='ltr'><strong>cum</strong></span> <span class='ocrx_word' id='word_1_328' title='bbox 942 1016 1048 1038; x_wconf 88' lang='lat' dir='ltr'><strong>recens</strong></span> <span class='ocrx_word' id='word_1_329' title='bbox 1063 1007 1196 1038; x_wconf 88' lang='lat' dir='ltr'><strong>Ecclesia</strong></span> <span class='ocrx_word' id='word_1_330' title='bbox 1219 1007 1387 1038; x_wconf 63' lang='lat' dir='ltr'><strong>Jndworum</strong></span> <span class='ocrx_word' id='word_1_331' title='bbox 1404 1006 1559 1042; x_wconf 83' lang='lat' dir='ltr'><strong>crassitici,</strong></span> <span class='ocrx_word' id='word_1_332' title='bbox 1583 1011 1612 1037; x_wconf 91' lang='lat' dir='ltr'><strong>et</strong></span> <span class='ocrx_word' id='word_1_333' title='bbox 1626 1016 1678 1038; x_wconf 91' lang='lat' dir='ltr'><strong>su-</strong></span> 
     </span>
    </p>
   </div>
   <div class='ocr_carea' id='block_1_48' title="bbox 860 1050 1676 1092">
    <p class='ocr_par' dir='ltr' id='par_1_48' title="bbox 860 1050 1676 1092">
     <span class='ocr_line' id='line_1_48' title="bbox 860 1050 1676 1092; baseline 0.001 -11"><span class='ocrx_word' id='word_1_334' title='bbox 860 1051 1026 1090; x_wconf 89' lang='lat' dir='ltr'><strong>perstitioni</strong></span> <span class='ocrx_word' id='word_1_335' title='bbox 1055 1061 1250 1092; x_wconf 84' lang='lat' dir='ltr'><strong>paganorum,</strong></span> <span class='ocrx_word' id='word_1_336' title='bbox 1281 1051 1401 1090; x_wconf 82' lang='lat' dir='ltr'><strong>longum</strong></span> <span class='ocrx_word' id='word_1_337' title='bbox 1431 1050 1514 1080; x_wconf 86' lang='lat' dir='ltr'><strong>valde</strong></span> <span class='ocrx_word' id='word_1_338' title='bbox 1541 1050 1676 1091; x_wconf 84' lang='lat' dir='ltr'><strong>dixisset,</strong></span> 
     </span>
    </p>
   </div>
   <div class='ocr_carea' id='block_1_49' title="bbox 858 1095 1680 1136">
    <p class='ocr_par' dir='ltr' id='par_1_49' title="bbox 858 1095 1680 1136">
     <span class='ocr_line' id='line_1_49' title="bbox 858 1095 1680 1136; baseline 0 -10"><span class='ocrx_word' id='word_1_339' title='bbox 858 1096 1010 1126; x_wconf 92' lang='lat' dir='ltr'><strong>nonnullis</strong></span> <span class='ocrx_word' id='word_1_340' title='bbox 1019 1101 1050 1126; x_wconf 91' lang='lat' dir='ltr'><strong>ut</strong></span> <span class='ocrx_word' id='word_1_341' title='bbox 1061 1095 1329 1127; x_wconf 84' lang='lat' dir='ltr'><strong>consuetudinibus</strong></span> <span class='ocrx_word' id='word_1_342' title='bbox 1337 1095 1453 1136; x_wconf 89' lang='lat' dir='ltr'><strong>patritis</strong></span> <span class='ocrx_word' id='word_1_343' title='bbox 1466 1099 1680 1135; x_wconf 87' lang='lat' dir='ltr'><strong>uleretur,per-</strong></span> 
     </span>
    </p>
   </div>
   <div class='ocr_carea' id='block_1_50' title="bbox 859 1139 1677 1181">
    <p class='ocr_par' dir='ltr' id='par_1_50' title="bbox 859 1139 1677 1181">
     <span class='ocr_line' id='line_1_50' title="bbox 859 1139 1677 1181; baseline 0 -11"><span class='ocrx_word' id='word_1_344' title='bbox 859 1139 1015 1171; x_wconf 90' lang='lat' dir='ltr'><strong>miserunt.</strong></span> <span class='ocrx_word' id='word_1_345' title='bbox 1032 1140 1149 1181; x_wconf 85' lang='lat' dir='ltr'><strong>Quippe</strong></span> <span class='ocrx_word' id='word_1_346' title='bbox 1165 1145 1222 1171; x_wconf 87' lang='lat' dir='ltr'><strong>tam</strong></span> <span class='ocrx_word' id='word_1_347' title='bbox 1245 1141 1425 1177; x_wconf 64' lang='lat' dir='ltr'><strong>Iudaeorum,</strong></span> <span class='ocrx_word' id='word_1_348' title='bbox 1441 1149 1529 1180; x_wconf 89' lang='lat' dir='ltr'><strong>quam</strong></span> <span class='ocrx_word' id='word_1_349' title='bbox 1546 1149 1677 1180; x_wconf 81' lang='lat' dir='ltr'><strong>pagano-</strong></span> 
     </span>
    </p>
   </div>
   <div class='ocr_carea' id='block_1_51' title="bbox 857 1184 1677 1224">
    <p class='ocr_par' dir='ltr' id='par_1_51' title="bbox 857 1184 1677 1224">
     <span class='ocr_line' id='line_1_51' title="bbox 857 1184 1677 1224; baseline 0 -9"><span class='ocrx_word' id='word_1_350' title='bbox 857 1193 922 1215; x_wconf 88' lang='lat' dir='ltr'><strong>rum</strong></span> <span class='ocrx_word' id='word_1_351' title='bbox 941 1185 1105 1224; x_wconf 82' lang='lat' dir='ltr'><strong>pontiﬁces,</strong></span> <span class='ocrx_word' id='word_1_352' title='bbox 1122 1195 1138 1216; x_wconf 86' lang='lat' dir='ltr'><strong>a</strong></span> <span class='ocrx_word' id='word_1_353' title='bbox 1153 1185 1208 1215; x_wconf 87' lang='lat' dir='ltr'><strong>tori</strong></span> <span class='ocrx_word' id='word_1_354' title='bbox 1221 1194 1322 1216; x_wconf 72' lang='lat' dir='ltr'><strong>consou</strong></span> <span class='ocrx_word' id='word_1_355' title='bbox 1333 1184 1410 1215; x_wconf 90' lang='lat' dir='ltr'><strong>tibus</strong></span> <span class='ocrx_word' id='word_1_356' title='bbox 1420 1194 1478 1215; x_wconf 93' lang='lat' dir='ltr'><strong>non</strong></span> <span class='ocrx_word' id='word_1_357' title='bbox 1495 1185 1677 1224; x_wconf 85' lang='lat' dir='ltr'><strong>separaban-</strong></span> 
     </span>
    </p>
   </div>
   <div class='ocr_carea' id='block_1_52' title="bbox 860 1230 1676 1270">
    <p class='ocr_par' dir='ltr' id='par_1_52' title="bbox 860 1230 1676 1270">
     <span class='ocr_line' id='line_1_52' title="bbox 860 1230 1676 1270; baseline 0.001 -11"><span class='ocrx_word' id='word_1_358' title='bbox 860 1233 916 1259; x_wconf 91' lang='lat' dir='ltr'><strong>tur.</strong></span> <span class='ocrx_word' id='word_1_359' title='bbox 934 1230 1045 1260; x_wconf 85' lang='lat' dir='ltr'><strong>Vcrum</strong></span> <span class='ocrx_word' id='word_1_360' title='bbox 1058 1235 1087 1260; x_wconf 93' lang='lat' dir='ltr'><strong>ut</strong></span> <span class='ocrx_word' id='word_1_361' title='bbox 1099 1230 1178 1260; x_wconf 87' lang='lat' dir='ltr'><strong>hodi-</strong></span> <span class='ocrx_word' id='word_1_362' title='bbox 1198 1234 1375 1270; x_wconf 70' lang='lat' dir='ltr'><strong>comparatae</strong></span> <span class='ocrx_word' id='word_1_363' title='bbox 1385 1238 1434 1260; x_wconf 88' lang='lat' dir='ltr'><strong>res</strong></span> <span class='ocrx_word' id='word_1_364' title='bbox 1450 1233 1529 1269; x_wconf 91' lang='lat' dir='ltr'><strong>sunt,</strong></span> <span class='ocrx_word' id='word_1_365' title='bbox 1543 1238 1676 1261; x_wconf 86' lang='lat' dir='ltr'><strong>necessa-</strong></span> 
     </span>
    </p>
   </div>
   <div class='ocr_carea' id='block_1_53' title="bbox 857 1273 1677 1313">
    <p class='ocr_par' dir='ltr' id='par_1_53' title="bbox 857 1273 1677 1313">
     <span class='ocr_line' id='line_1_53' title="bbox 857 1273 1677 1313; baseline 0.002 -10"><span class='ocrx_word' id='word_1_366' title='bbox 857 1273 934 1303; x_wconf 87' lang='lat' dir='ltr'><strong>rium</strong></span> <span class='ocrx_word' id='word_1_367' title='bbox 974 1278 1115 1311; x_wconf 88' lang='lat' dir='ltr'><strong>statuunt,</strong></span> <span class='ocrx_word' id='word_1_368' title='bbox 1153 1279 1185 1304; x_wconf 91' lang='lat' dir='ltr'><strong>ut</strong></span> <span class='ocrx_word' id='word_1_369' title='bbox 1213 1274 1300 1305; x_wconf 90' lang='lat' dir='ltr'><strong>vitam</strong></span> <span class='ocrx_word' id='word_1_370' title='bbox 1329 1283 1412 1304; x_wconf 90' lang='lat' dir='ltr'><strong>suam</strong></span> <span class='ocrx_word' id='word_1_371' title='bbox 1450 1273 1605 1313; x_wconf 84' lang='lat' dir='ltr'><strong>pontiﬁces</strong></span> <span class='ocrx_word' id='word_1_372' title='bbox 1639 1274 1677 1305; x_wconf 89' lang='lat' dir='ltr'><strong>ad</strong></span> 
     </span>
    </p>
   </div>
   <div class='ocr_carea' id='block_1_54' title="bbox 856 1317 1676 1357">
    <p class='ocr_par' dir='ltr' id='par_1_54' title="bbox 856 1317 1676 1357">
     <span class='ocr_line' id='line_1_54' title="bbox 856 1317 1676 1357; baseline 0.001 -10"><span class='ocrx_word' id='word_1_373' title='bbox 856 1317 1019 1349; x_wconf 70' lang='lat' dir='ltr'><strong>castitatem</strong></span> <span class='ocrx_word' id='word_1_374' title='bbox 1039 1323 1209 1350; x_wconf 84' lang='lat' dir='ltr'><strong>accuratam</strong></span> <span class='ocrx_word' id='word_1_375' title='bbox 1234 1318 1407 1357; x_wconf 78' lang='lat' dir='ltr'><strong>dirigentes,</strong></span> <span class='ocrx_word' id='word_1_376' title='bbox 1435 1326 1494 1348; x_wconf 93' lang='lat' dir='ltr'><strong>non</strong></span> <span class='ocrx_word' id='word_1_377' title='bbox 1513 1318 1676 1348; x_wconf 81' lang='lat' dir='ltr'><strong>alienarum</strong></span> 
     </span>
    </p>
   </div>
   <div class='ocr_carea' id='block_1_55' title="bbox 859 1361 1676 1398">
    <p class='ocr_par' dir='ltr' id='par_1_55' title="bbox 859 1361 1676 1398">
     <span class='ocr_line' id='line_1_55' title="bbox 859 1361 1676 1398; baseline 0.004 -7"><span class='ocrx_word' id='word_1_378' title='bbox 859 1361 956 1398; x_wconf 85' lang='lat' dir='ltr'><strong>modo,</strong></span> <span class='ocrx_word' id='word_1_379' title='bbox 988 1363 1039 1393; x_wconf 91' lang='lat' dir='ltr'><strong>sed</strong></span> <span class='ocrx_word' id='word_1_380' title='bbox 1058 1372 1180 1394; x_wconf 87' lang='lat' dir='ltr'><strong>suarum</strong></span> <span class='ocrx_word' id='word_1_381' title='bbox 1201 1362 1290 1393; x_wconf 88' lang='lat' dir='ltr'><strong>etiam</strong></span> <span class='ocrx_word' id='word_1_382' title='bbox 1319 1370 1444 1394; x_wconf 80' lang='lat' dir='ltr'><strong>uxorum</strong></span> <span class='ocrx_word' id='word_1_383' title='bbox 1460 1362 1676 1394; x_wconf 88' lang='lat' dir='ltr'><strong>consuetudine</strong></span> 
     </span>
    </p>
   </div>
   <div class='ocr_carea' id='block_1_56' title="bbox 856 1405 1675 1438">
    <p class='ocr_par' dir='ltr' id='par_1_56' title="bbox 856 1405 1675 1438">
     <span class='ocr_line' id='line_1_56' title="bbox 856 1405 1675 1438; baseline 0.001 -2"><span class='ocrx_word' id='word_1_384' title='bbox 856 1405 1105 1438; x_wconf 82' lang='lat' dir='ltr'><strong>abstineant.Huc</strong></span> <span class='ocrx_word' id='word_1_385' title='bbox 1114 1408 1194 1438; x_wconf 89' lang='lat' dir='ltr'><strong>enim</strong></span> <span class='ocrx_word' id='word_1_386' title='bbox 1209 1407 1397 1438; x_wconf 89' lang='lat' dir='ltr'><strong>occasionem</strong></span> <span class='ocrx_word' id='word_1_387' title='bbox 1415 1406 1548 1437; x_wconf 90' lang='lat' dir='ltr'><strong>scandali</strong></span> <span class='ocrx_word' id='word_1_388' title='bbox 1563 1407 1675 1437; x_wconf 90' lang='lat' dir='ltr'><strong>nnllam</strong></span> 
     </span>
    </p>
   </div>
   <div class='ocr_carea' id='block_1_57' title="bbox 856 1450 1677 1492">
    <p class='ocr_par' dir='ltr' id='par_1_57' title="bbox 856 1450 1677 1492">
     <span class='ocr_line' id='line_1_57' title="bbox 856 1450 1677 1492; baseline 0 -11"><span class='ocrx_word' id='word_1_389' title='bbox 856 1451 978 1481; x_wconf 92' lang='lat' dir='ltr'><strong>omnino</strong></span> <span class='ocrx_word' id='word_1_390' title='bbox 993 1451 1120 1483; x_wconf 87' lang='lat' dir='ltr'><strong>subditis</strong></span> <span class='ocrx_word' id='word_1_391' title='bbox 1135 1452 1287 1492; x_wconf 89' lang='lat' dir='ltr'><strong>relinquit,</strong></span> <span class='ocrx_word' id='word_1_392' title='bbox 1301 1455 1329 1482; x_wconf 90' lang='lat' dir='ltr'><strong>et</strong></span> <span class='ocrx_word' id='word_1_393' title='bbox 1339 1450 1459 1491; x_wconf 90' lang='lat' dir='ltr'><strong>ipsimet</strong></span> <span class='ocrx_word' id='word_1_394' title='bbox 1473 1450 1606 1490; x_wconf 90' lang='lat' dir='ltr'><strong>episcopi</strong></span> <span class='ocrx_word' id='word_1_395' title='bbox 1617 1451 1677 1481; x_wconf 82' lang='lat' dir='ltr'><strong>lau-</strong></span> 
     </span>
    </p>
   </div>
   <div class='ocr_carea' id='block_1_58' title="bbox 11 1494 808 1536">
    <p class='ocr_par' dir='ltr' id='par_1_58' title="bbox 11 1495 808 1536">
     <span class='ocr_line' id='line_1_58' title="bbox 11 1495 808 1536; baseline 0.003 -12"><span class='ocrx_word' id='word_1_396' title='bbox 11 1496 84 1534; x_wconf 78' lang='grc' dir='ltr'>ιὶτῇ</span> <span class='ocrx_word' id='word_1_397' title='bbox 100 1495 246 1533; x_wconf 70' lang='grc' dir='ltr'>Ἐκχλησίᾳ</span> <span class='ocrx_word' id='word_1_398' title='bbox 258 1500 305 1525; x_wconf 82' lang='grc' dir='ltr'>τοῦ</span> <span class='ocrx_word' id='word_1_399' title='bbox 332 1496 408 1536; x_wconf 72' lang='grc' dir='ltr'>Θεοῦ,</span> <span class='ocrx_word' id='word_1_400' title='bbox 431 1496 476 1525; x_wconf 86' lang='grc' dir='ltr'><strong>καὶ</strong></span> <span class='ocrx_word' id='word_1_401' title='bbox 502 1497 535 1525; x_wconf 71' lang='grc' dir='ltr'><strong>τὰ</strong></span> <span class='ocrx_word' id='word_1_402' title='bbox 562 1497 634 1531; x_wconf 72' lang='grc' dir='ltr'>ἑξῆς.</span> <span class='ocrx_word' id='word_1_403' title='bbox 658 1498 735 1530; x_wconf 71' lang='grc' dir='ltr'>Εἶτα,</span> <span class='ocrx_word' id='word_1_404' title='bbox 753 1505 808 1530; x_wconf 74' lang='grc' dir='ltr'>τοῖς</span> 
     </span>
    </p>
   </div>
   <div class='ocr_carea' id='block_1_59' title="bbox 899 1494 1676 1536">
    <p class='ocr_par' dir='ltr' id='par_1_59' title="bbox 899 1494 1676 1536">
     <span class='ocr_line' id='line_1_59' title="bbox 899 1494 1676 1536; baseline -0.001 -10"><span class='ocrx_word' id='word_1_405' title='bbox 899 1505 923 1526; x_wconf 94' lang='lat' dir='ltr'><strong>m</strong></span> <span class='ocrx_word' id='word_1_406' title='bbox 939 1495 1019 1526; x_wconf 85' lang='lat' dir='ltr'><strong>illam</strong></span> <span class='ocrx_word' id='word_1_407' title='bbox 1031 1496 1223 1536; x_wconf 87' lang='lat' dir='ltr'><strong>apostolicam</strong></span> <span class='ocrx_word' id='word_1_408' title='bbox 1237 1497 1376 1526; x_wconf 81' lang='lat' dir='ltr'><strong>auferunt</strong></span> <span class='ocrx_word' id='word_1_409' title='bbox 1390 1505 1396 1524; x_wconf 89' lang='lat'><strong>:</strong></span> <span class='ocrx_word' id='word_1_410' title='bbox 1413 1494 1533 1534; x_wconf 87' lang='lat' dir='ltr'><strong>Absque</strong></span> <span class='ocrx_word' id='word_1_411' title='bbox 1547 1494 1676 1525; x_wconf 70' lang='lat' dir='ltr'><strong>offendi-</strong></span> 
     </span>
    </p>
   </div>
   <div class='ocr_carea' id='block_1_60' title="bbox 11 1540 811 1583">
    <p class='ocr_par' dir='ltr' id='par_1_60' title="bbox 11 1540 811 1583">
     <span class='ocr_line' id='line_1_60' title="bbox 11 1540 811 1583; baseline 0.004 -14"><span class='ocrx_word' id='word_1_412' title='bbox 11 1541 78 1574; x_wconf 73' lang='grc' dir='ltr'><strong>ὴτὰ</strong></span> <span class='ocrx_word' id='word_1_413' title='bbox 101 1545 146 1570; x_wconf 81' lang='grc' dir='ltr'><strong>τοῦ</strong></span> <span class='ocrx_word' id='word_1_414' title='bbox 170 1542 281 1574; x_wconf 81' lang='grc' dir='ltr'>κανόνος</span> <span class='ocrx_word' id='word_1_415' title='bbox 309 1540 504 1582; x_wconf 75' lang='grc' dir='ltr'>πρεσϐεύουσιν,</span> <span class='ocrx_word' id='word_1_416' title='bbox 534 1542 663 1581; x_wconf 77' lang='grc' dir='ltr'>ἐπιτίμιον</span> <span class='ocrx_word' id='word_1_417' title='bbox 685 1543 811 1583; x_wconf 74' lang='grc' dir='ltr'>ἐπάγουσι</span> 
     </span>
    </p>
   </div>
   <div class='ocr_carea' id='block_1_61' title="bbox 12 1587 220 1626">
    <p class='ocr_par' dir='ltr' id='par_1_61' title="bbox 12 1587 220 1626">
     <span class='ocr_line' id='line_1_61' title="bbox 12 1587 220 1626; baseline 0.014 -14"><span class='ocrx_word' id='word_1_418' title='bbox 12 1588 35 1618; x_wconf 53' lang='grc' dir='ltr'><strong>διν</strong></span> <span class='ocrx_word' id='word_1_419' title='bbox 57 1587 220 1626; x_wconf 81' lang='grc' dir='ltr'>καθαίρεσιν,</span> 
     </span>
    </p>
   </div>
   <div class='ocr_carea' id='block_1_62' title="bbox 25 1711 811 1761">
    <p class='ocr_par' dir='ltr' id='par_1_62' title="bbox 25 1711 811 1761">
     <span class='ocr_line' id='line_1_62' title="bbox 25 1711 811 1761; baseline 0.003 -13"><span class='ocrx_word' id='word_1_420' title='bbox 25 1711 79 1749; x_wconf 75' lang='grc' dir='ltr'><strong>’δτι</strong></span> <span class='ocrx_word' id='word_1_421' title='bbox 95 1719 137 1748; x_wconf 74' lang='grc' dir='ltr'><strong>δεῖ</strong></span> <span class='ocrx_word' id='word_1_422' title='bbox 153 1720 197 1749; x_wconf 81' lang='grc' dir='ltr'>καὶ</span> <span class='ocrx_word' id='word_1_423' title='bbox 210 1720 375 1760; x_wconf 75' lang='grc' dir='ltr'>ἇποκαρῆναι</span> <span class='ocrx_word' id='word_1_424' title='bbox 387 1721 436 1755; x_wconf 78' lang='grc' dir='ltr'><strong>τὴν</strong></span> <span class='ocrx_word' id='word_1_425' title='bbox 447 1722 625 1761; x_wconf 75' lang='grc' dir='ltr'>χωρισθεῖσαν</span> <span class='ocrx_word' id='word_1_426' title='bbox 640 1725 686 1751; x_wconf 80' lang='grc' dir='ltr'><strong>τοῦ</strong></span> <span class='ocrx_word' id='word_1_427' title='bbox 701 1720 811 1750; x_wconf 68' lang='grc' dir='ltr'>ἱπισκό-</span> 
     </span>
    </p>
   </div>
   <div class='ocr_carea' id='block_1_63' title="bbox 284 1768 505 1800">
    <p class='ocr_par' dir='ltr' id='par_1_63' title="bbox 284 1768 505 1800">
     <span class='ocr_line' id='line_1_63' title="bbox 284 1768 505 1800; baseline 0.005 -11"><span class='ocrx_word' id='word_1_428' title='bbox 284 1771 335 1789; x_wconf 72' lang='grc' dir='ltr'><strong>που</strong></span> <span class='ocrx_word' id='word_1_429' title='bbox 349 1768 461 1800; x_wconf 79' lang='grc' dir='ltr'>γυναῖκα</span> <span class='ocrx_word' id='word_1_430' title='bbox 467 1771 473 1780; x_wconf 94' lang='grc'><strong>·</strong></span> <span class='ocrx_word' id='word_1_431' title='bbox 493 1772 505 1790; x_wconf 73' lang='grc' dir='ltr'><strong><em>ι</em></strong></span> 
     </span>
    </p>
   </div>
   <div class='ocr_carea' id='block_1_64' title="bbox 29 1803 811 1845">
    <p class='ocr_par' dir='ltr' id='par_1_64' title="bbox 29 1803 811 1845">
     <span class='ocr_line' id='line_1_64' title="bbox 29 1803 811 1845; baseline 0 -11"><span class='ocrx_word' id='word_1_432' title='bbox 29 1803 74 1834; x_wconf 75' lang='grc' dir='ltr'>Ἐν</span> <span class='ocrx_word' id='word_1_433' title='bbox 104 1805 131 1833; x_wconf 72' lang='grc' dir='ltr'><strong>δὲ</strong></span> <span class='ocrx_word' id='word_1_434' title='bbox 155 1807 193 1843; x_wconf 82' lang='grc' dir='ltr'><strong>τῷ</strong></span> <span class='ocrx_word' id='word_1_435' title='bbox 214 1806 253 1844; x_wconf 82' lang='grc' dir='ltr'>μὴ</span> <span class='ocrx_word' id='word_1_436' title='bbox 274 1806 363 1834; x_wconf 82' lang='grc' dir='ltr'>κανόνι</span> <span class='ocrx_word' id='word_1_437' title='bbox 390 1807 413 1834; x_wconf 78' lang='grc' dir='ltr'>οἱ</span> <span class='ocrx_word' id='word_1_438' title='bbox 438 1805 510 1834; x_wconf 66' lang='grc' dir='ltr'>αὒτοὶ</span> <span class='ocrx_word' id='word_1_439' title='bbox 540 1805 651 1845; x_wconf 79' lang='grc' dir='ltr'>Πατέρες</span> <span class='ocrx_word' id='word_1_440' title='bbox 679 1806 729 1840; x_wconf 76' lang='grc' dir='ltr'><strong>τὴν</strong></span> <span class='ocrx_word' id='word_1_441' title='bbox 743 1807 811 1835; x_wconf 75' lang='grc' dir='ltr'>κατὰ</span> 
     </span>
    </p>
   </div>
   <div class='ocr_carea' id='block_1_65' title="bbox 12 1849 810 1891">
    <p class='ocr_par' dir='ltr' id='par_1_65' title="bbox 12 1849 810 1891">
     <span class='ocr_line' id='line_1_65' title="bbox 12 1849 810 1891; baseline 0.003 -14"><span class='ocrx_word' id='word_1_442' title='bbox 12 1850 80 1883; x_wconf 65' lang='grc' dir='ltr'>θινὴν</span> <span class='ocrx_word' id='word_1_443' title='bbox 114 1851 265 1891; x_wconf 75' lang='grc' dir='ltr'>συμφωνίαν</span> <span class='ocrx_word' id='word_1_444' title='bbox 292 1849 492 1891; x_wconf 78' lang='grc' dir='ltr'>διαζευχθετσαν</span> <span class='ocrx_word' id='word_1_445' title='bbox 524 1855 570 1879; x_wconf 78' lang='grc' dir='ltr'><strong>τοῦ</strong></span> <span class='ocrx_word' id='word_1_446' title='bbox 596 1850 740 1888; x_wconf 77' lang='grc' dir='ltr'>μέλλοντος</span> <span class='ocrx_word' id='word_1_447' title='bbox 768 1851 810 1879; x_wconf 79' lang='grc' dir='ltr'>ἐπὶ</span> 
     </span>
    </p>
   </div>
   <div class='ocr_carea' id='block_1_66' title="bbox 12 1894 810 1933">
    <p class='ocr_par' dir='ltr' id='par_1_66' title="bbox 12 1894 810 1933">
     <span class='ocr_line' id='line_1_66' title="bbox 12 1894 810 1933; baseline 0.003 -12"><span class='ocrx_word' id='word_1_448' title='bbox 12 1896 39 1921; x_wconf 74' lang='lat' dir='ltr'><strong>iw</strong></span> <span class='ocrx_word' id='word_1_449' title='bbox 75 1897 125 1928; x_wconf 79' lang='grc' dir='ltr'><strong>τῆς</strong></span> <span class='ocrx_word' id='word_1_450' title='bbox 159 1895 307 1929; x_wconf 73' lang='grc' dir='ltr'>ἐπισκοπῆς</span> <span class='ocrx_word' id='word_1_451' title='bbox 349 1894 515 1924; x_wconf 75' lang='grc' dir='ltr'>καθεδεῖσθαι</span> <span class='ocrx_word' id='word_1_452' title='bbox 543 1895 650 1933; x_wconf 74' lang='grc' dir='ltr'>οἰάκων,</span> <span class='ocrx_word' id='word_1_453' title='bbox 680 1902 810 1925; x_wconf 77' lang='grc' dir='ltr'>συνοικεῖν</span> 
     </span>
    </p>
   </div>
   <div class='ocr_carea' id='block_1_67' title="bbox 13 1939 810 1979">
    <p class='ocr_par' dir='ltr' id='par_1_67' title="bbox 13 1939 810 1979">
     <span class='ocr_line' id='line_1_67' title="bbox 13 1939 810 1979; baseline 0.003 -13"><span class='ocrx_word' id='word_1_454' title='bbox 13 1940 55 1970; x_wconf 69' lang='lat' dir='ltr'><strong>to);</strong></span> <span class='ocrx_word' id='word_1_455' title='bbox 80 1940 152 1976; x_wconf 74' lang='grc' dir='ltr'><strong>αὖτῷ</strong></span> <span class='ocrx_word' id='word_1_456' title='bbox 166 1939 196 1967; x_wconf 67' lang='grc' dir='ltr'>οὗ</span> <span class='ocrx_word' id='word_1_457' title='bbox 217 1941 348 1978; x_wconf 81' lang='grc' dir='ltr'>μεθιᾶσιν,</span> <span class='ocrx_word' id='word_1_458' title='bbox 364 1939 424 1968; x_wconf 83' lang='grc' dir='ltr'>ἀλλ’</span> <span class='ocrx_word' id='word_1_459' title='bbox 449 1941 483 1973; x_wconf 83' lang='grc' dir='ltr'>εἱς</span> <span class='ocrx_word' id='word_1_460' title='bbox 511 1940 687 1979; x_wconf 80' lang='grc' dir='ltr'>μοναστήριον</span> <span class='ocrx_word' id='word_1_461' title='bbox 716 1939 810 1968; x_wconf 83' lang='grc' dir='ltr'>κελεύ-</span> 
     </span>
    </p>
   </div>
   <div class='ocr_carea' id='block_1_68' title="bbox 13 1983 810 2023">
    <p class='ocr_par' dir='ltr' id='par_1_68' title="bbox 13 1983 810 2023">
     <span class='ocr_line' id='line_1_68' title="bbox 13 1983 810 2023; baseline 0.001 -12"><span class='ocrx_word' id='word_1_462' title='bbox 13 1993 58 2011; x_wconf 72' lang='grc' dir='ltr'>ηιν</span> <span class='ocrx_word' id='word_1_463' title='bbox 86 1983 205 2022; x_wconf 65' lang='grc' dir='ltr'>εἰσιέναι,</span> <span class='ocrx_word' id='word_1_464' title='bbox 237 1984 277 2021; x_wconf 78' lang='grc' dir='ltr'>μὴ</span> <span class='ocrx_word' id='word_1_465' title='bbox 303 1984 330 2012; x_wconf 80' lang='grc' dir='ltr'>ἐν</span> <span class='ocrx_word' id='word_1_466' title='bbox 358 1984 483 2023; x_wconf 83' lang='grc' dir='ltr'>γειτόνων</span> <span class='ocrx_word' id='word_1_467' title='bbox 511 1984 560 2018; x_wconf 74' lang='grc' dir='ltr'><strong>τῆς</strong></span> <span class='ocrx_word' id='word_1_468' title='bbox 588 1988 635 2013; x_wconf 84' lang='grc' dir='ltr'><strong>τοῦ</strong></span> <span class='ocrx_word' id='word_1_469' title='bbox 666 1983 810 2013; x_wconf 74' lang='grc' dir='ltr'>ἐπισκόπου</span> 
     </span>
    </p>
   </div>
   <div class='ocr_carea' id='block_1_69' title="bbox 13 2028 808 2069">
    <p class='ocr_par' dir='ltr' id='par_1_69' title="bbox 13 2028 808 2069">
     <span class='ocr_line' id='line_1_69' title="bbox 13 2028 808 2069; baseline 0.003 -15"><span class='ocrx_word' id='word_1_470' title='bbox 13 2029 149 2068; x_wconf 75' lang='grc' dir='ltr'>ιταγωγῆς</span> <span class='ocrx_word' id='word_1_471' title='bbox 170 2028 302 2066; x_wconf 81' lang='grc' dir='ltr'>κείμενον.</span> <span class='ocrx_word' id='word_1_472' title='bbox 332 2031 369 2059; x_wconf 82' lang='grc' dir='ltr'><strong>Οὺ</strong></span> <span class='ocrx_word' id='word_1_473' title='bbox 402 2029 452 2069; x_wconf 75' lang='grc' dir='ltr'>γὰρ</span> <span class='ocrx_word' id='word_1_474' title='bbox 486 2029 545 2058; x_wconf 81' lang='grc' dir='ltr'>οἷόν</span> <span class='ocrx_word' id='word_1_475' title='bbox 572 2040 601 2057; x_wconf 83' lang='grc' dir='ltr'>τε</span> <span class='ocrx_word' id='word_1_476' title='bbox 631 2030 750 2068; x_wconf 77' lang='grc' dir='ltr'>συνεχῶς</span> <span class='ocrx_word' id='word_1_477' title='bbox 771 2029 808 2060; x_wconf 77' lang='grc' dir='ltr'>εἷς</span> 
     </span>
    </p>
   </div>
   <div class='ocr_carea' id='block_1_70' title="bbox 13 2069 808 2113">
    <p class='ocr_par' dir='ltr' id='par_1_70' title="bbox 13 2069 808 2113">
     <span class='ocr_line' id='line_1_70' title="bbox 13 2069 808 2113; baseline 0.003 -15"><span class='ocrx_word' id='word_1_478' title='bbox 13 2069 120 2106; x_wconf 74' lang='grc' dir='ltr'>λλήλους</span> <span class='ocrx_word' id='word_1_479' title='bbox 151 2073 230 2112; x_wconf 79' lang='grc' dir='ltr'>ὁρῶσι</span> <span class='ocrx_word' id='word_1_480' title='bbox 254 2073 293 2110; x_wconf 83' lang='grc' dir='ltr'>μὴ</span> <span class='ocrx_word' id='word_1_481' title='bbox 315 2072 475 2101; x_wconf 77' lang='grc' dir='ltr'>ἆνάπτεσθαί</span> <span class='ocrx_word' id='word_1_482' title='bbox 493 2084 565 2113; x_wconf 76' lang='grc' dir='ltr'>σφισι</span> <span class='ocrx_word' id='word_1_483' title='bbox 586 2073 633 2101; x_wconf 80' lang='grc' dir='ltr'>τὸν</span> <span class='ocrx_word' id='word_1_484' title='bbox 660 2072 744 2112; x_wconf 71' lang='grc' dir='ltr'>ἔρωτα</span> <span class='ocrx_word' id='word_1_485' title='bbox 773 2075 808 2111; x_wconf 78' lang='grc' dir='ltr'><strong>τῇ</strong></span> 
     </span>
    </p>
   </div>
   <div class='ocr_carea' id='block_1_71' title="bbox 14 2116 807 2157">
    <p class='ocr_par' dir='ltr' id='par_1_71' title="bbox 14 2116 807 2157">
     <span class='ocr_line' id='line_1_71' title="bbox 14 2116 807 2157; baseline 0.005 -16"><span class='ocrx_word' id='word_1_486' title='bbox 14 2116 81 2154; x_wconf 75' lang='grc' dir='ltr'>νήμῃ</span> <span class='ocrx_word' id='word_1_487' title='bbox 112 2116 161 2151; x_wconf 74' lang='grc' dir='ltr'>τῆς</span> <span class='ocrx_word' id='word_1_488' title='bbox 187 2116 316 2156; x_wconf 76' lang='grc' dir='ltr'>προτέρας</span> <span class='ocrx_word' id='word_1_489' title='bbox 343 2116 490 2157; x_wconf 80' lang='grc' dir='ltr'>διαγωγῆς.</span> <span class='ocrx_word' id='word_1_490' title='bbox 521 2117 606 2146; x_wconf 77' lang='grc' dir='ltr'>Κάκεῖ</span> <span class='ocrx_word' id='word_1_491' title='bbox 634 2116 661 2145; x_wconf 74' lang='grc' dir='ltr'><strong>δὲ</strong></span> <span class='ocrx_word' id='word_1_492' title='bbox 685 2119 734 2150; x_wconf 85' lang='grc' dir='ltr'><strong>τῆς</strong></span> <span class='ocrx_word' id='word_1_493' title='bbox 761 2120 807 2145; x_wconf 78' lang='grc' dir='ltr'><strong>τοῦ</strong></span> 
     </span>
    </p>
   </div>
   <div class='ocr_carea' id='block_1_72' title="bbox 13 2160 806 2201">
    <p class='ocr_par' dir='ltr' id='par_1_72' title="bbox 13 2160 806 2201">
     <span class='ocr_line' id='line_1_72' title="bbox 13 2160 806 2201; baseline 0.004 -15"><span class='ocrx_word' id='word_1_494' title='bbox 13 2162 130 2190; x_wconf 55' lang='lat' dir='ltr'><strong>nudum:</strong></span> <span class='ocrx_word' id='word_1_495' title='bbox 164 2162 287 2201; x_wconf 79' lang='grc' dir='ltr'>προνοίας</span> <span class='ocrx_word' id='word_1_496' title='bbox 329 2161 472 2190; x_wconf 74' lang='grc' dir='ltr'>ἂπαλαύειν</span> <span class='ocrx_word' id='word_1_497' title='bbox 507 2161 590 2195; x_wconf 75' lang='grc' dir='ltr'>αὒτὴν</span> <span class='ocrx_word' id='word_1_498' title='bbox 625 2160 750 2199; x_wconf 76' lang='grc' dir='ltr'>ἀξιοῦσιν,</span> <span class='ocrx_word' id='word_1_499' title='bbox 785 2162 806 2189; x_wconf 83' lang='grc' dir='ltr'><strong>εἰ</strong></span> 
     </span>
    </p>
   </div>
   <div class='ocr_carea' id='block_1_73' title="bbox 13 2202 807 2246">
    <p class='ocr_par' dir='ltr' id='par_1_73' title="bbox 13 2202 807 2246">
     <span class='ocr_line' id='line_1_73' title="bbox 13 2202 807 2246; baseline 0.005 -16"><span class='ocrx_word' id='word_1_500' title='bbox 13 2202 77 2236; x_wconf 57' lang='lat' dir='ltr'><strong>venit:</strong></span> <span class='ocrx_word' id='word_1_501' title='bbox 101 2205 203 2246; x_wconf 79' lang='grc' dir='ltr'>ἔχουσα</span> <span class='ocrx_word' id='word_1_502' title='bbox 232 2205 289 2239; x_wconf 74' lang='grc' dir='ltr'><strong>εἴη.</strong></span> <span class='ocrx_word' id='word_1_503' title='bbox 316 2207 345 2234; x_wconf 76' lang='grc' dir='ltr'>Εἰ</span> <span class='ocrx_word' id='word_1_504' title='bbox 370 2207 419 2245; x_wconf 80' lang='grc' dir='ltr'><strong>γὰρ</strong></span> <span class='ocrx_word' id='word_1_505' title='bbox 448 2206 517 2244; x_wconf 66' lang='grc' dir='ltr'><strong>αὐτῷ</strong></span> <span class='ocrx_word' id='word_1_506' title='bbox 545 2205 576 2234; x_wconf 53' lang='grc' dir='ltr'><strong>δὲ</strong></span> <span class='ocrx_word' id='word_1_507' title='bbox 603 2209 642 2243; x_wconf 83' lang='grc' dir='ltr'><strong>τῷ</strong></span> <span class='ocrx_word' id='word_1_508' title='bbox 670 2205 807 2242; x_wconf 79' lang='grc' dir='ltr'>ἐπισκόπῳ</span> 
     </span>
    </p>
   </div>
   <div class='ocr_carea' id='block_1_74' title="bbox 14 2249 808 2290">
    <p class='ocr_par' dir='ltr' id='par_1_74' title="bbox 14 2249 808 2290">
     <span class='ocr_line' id='line_1_74' title="bbox 14 2249 808 2290; baseline 0.003 -13"><span class='ocrx_word' id='word_1_509' title='bbox 14 2249 132 2289; x_wconf 75' lang='grc' dir='ltr'>εραιτέρω</span> <span class='ocrx_word' id='word_1_510' title='bbox 171 2251 225 2278; x_wconf 82' lang='grc' dir='ltr'>τῶν</span> <span class='ocrx_word' id='word_1_511' title='bbox 257 2250 407 2290; x_wconf 83' lang='grc' dir='ltr'>ἀναγκαίων</span> <span class='ocrx_word' id='word_1_512' title='bbox 442 2251 478 2282; x_wconf 80' lang='grc' dir='ltr'>εἷς</span> <span class='ocrx_word' id='word_1_513' title='bbox 516 2250 608 2280; x_wconf 73' lang='grc' dir='ltr'>ἑαυτὸν</span> <span class='ocrx_word' id='word_1_514' title='bbox 636 2250 751 2286; x_wconf 81' lang='grc' dir='ltr'>δαπανᾷν</span> <span class='ocrx_word' id='word_1_515' title='bbox 778 2250 808 2279; x_wconf 70' lang='grc' dir='ltr'>ἐκ</span> 
     </span>
    </p>
   </div>
   <div class='ocr_carea' id='block_1_75' title="bbox 14 2290 807 2335">
    <p class='ocr_par' dir='ltr' id='par_1_75' title="bbox 14 2290 807 2335">
     <span class='ocr_line' id='line_1_75' title="bbox 14 2290 807 2335; baseline 0 -12"><span class='ocrx_word' id='word_1_516' title='bbox 14 2290 34 2323; x_wconf 72' lang='grc' dir='ltr'>ἧς</span> <span class='ocrx_word' id='word_1_517' title='bbox 48 2293 196 2328; x_wconf 71' lang='grc' dir='ltr'>ἐπισκοπῆς</span> <span class='ocrx_word' id='word_1_518' title='bbox 218 2296 265 2324; x_wconf 76' lang='grc' dir='ltr'><strong>οὒκ</strong></span> <span class='ocrx_word' id='word_1_519' title='bbox 279 2294 393 2335; x_wconf 72' lang='grc' dir='ltr'>ἐφεῖται,</span> <span class='ocrx_word' id='word_1_520' title='bbox 409 2294 497 2335; x_wconf 81' lang='grc' dir='ltr'>σχολῆ</span> <span class='ocrx_word' id='word_1_521' title='bbox 512 2295 538 2334; x_wconf 87' lang='grc' dir='ltr'>γ’</span> <span class='ocrx_word' id='word_1_522' title='bbox 553 2294 584 2322; x_wconf 77' lang='grc' dir='ltr'><strong>ἂν</strong></span> <span class='ocrx_word' id='word_1_523' title='bbox 611 2295 664 2323; x_wconf 76' lang='grc' dir='ltr'><strong>τῶν</strong></span> <span class='ocrx_word' id='word_1_524' title='bbox 688 2293 807 2328; x_wconf 79' lang='grc' dir='ltr'>Ἐκκλη-</span> 
     </span>
    </p>
   </div>
   <div class='ocr_carea' id='block_1_76' title="bbox 14 2334 806 2380">
    <p class='ocr_par' dir='ltr' id='par_1_76' title="bbox 14 2334 806 2380">
     <span class='ocr_line' id='line_1_76' title="bbox 14 2334 806 2380; baseline 0.003 -14"><span class='ocrx_word' id='word_1_525' title='bbox 14 2334 44 2367; x_wconf 73' lang='grc' dir='ltr'><strong>[ις</strong></span> <span class='ocrx_word' id='word_1_526' title='bbox 66 2339 152 2376; x_wconf 77' lang='grc' dir='ltr'><strong>ταύτῃ</strong></span> <span class='ocrx_word' id='word_1_527' title='bbox 187 2337 338 2380; x_wconf 68' lang='grc' dir='ltr'>δοθήσεται,</span> <span class='ocrx_word' id='word_1_528' title='bbox 366 2339 472 2368; x_wconf 75' lang='grc' dir='ltr'>οἴκοθεν</span> <span class='ocrx_word' id='word_1_529' title='bbox 500 2339 631 2379; x_wconf 71' lang='grc' dir='ltr'>ὶσχηκυίᾳ</span> <span class='ocrx_word' id='word_1_530' title='bbox 665 2339 712 2371; x_wconf 78' lang='grc' dir='ltr'>τὰς</span> <span class='ocrx_word' id='word_1_531' title='bbox 741 2340 806 2376; x_wconf 76' lang='grc' dir='ltr'>πρὸς</span> 
     </span>
    </p>
   </div>
   <div class='ocr_carea' id='block_1_77' title="bbox 14 2379 805 2423">
    <p class='ocr_par' dir='ltr' id='par_1_77' title="bbox 14 2379 805 2423">
     <span class='ocr_line' id='line_1_77' title="bbox 14 2379 805 2423; baseline 0.003 -14"><span class='ocrx_word' id='word_1_532' title='bbox 14 2379 73 2418; x_wconf 74' lang='grc' dir='ltr'>δζῇν</span> <span class='ocrx_word' id='word_1_533' title='bbox 87 2383 222 2423; x_wconf 52' lang='grc' dir='ltr'>ἆῳορμάς.</span> <span class='ocrx_word' id='word_1_534' title='bbox 240 2384 269 2412; x_wconf 75' lang='lat' dir='ltr'><strong>EI</strong></span> <span class='ocrx_word' id='word_1_535' title='bbox 284 2382 368 2412; x_wconf 77' lang='grc' dir='ltr'>δὲκαὶ</span> <span class='ocrx_word' id='word_1_536' title='bbox 396 2385 410 2412; x_wconf 82' lang='grc' dir='ltr'>ὁ</span> <span class='ocrx_word' id='word_1_537' title='bbox 431 2384 487 2422; x_wconf 86' lang='grc' dir='ltr'>βίος</span> <span class='ocrx_word' id='word_1_538' title='bbox 517 2385 598 2418; x_wconf 78' lang='grc' dir='ltr'>αὒτῆς</span> <span class='ocrx_word' id='word_1_539' title='bbox 622 2384 717 2422; x_wconf 80' lang='grc' dir='ltr'>σεμνὸς</span> <span class='ocrx_word' id='word_1_540' title='bbox 747 2384 805 2421; x_wconf 74' lang='grc' dir='ltr'>εἴη,</span> 
     </span>
    </p>
   </div>
   <div class='ocr_carea' id='block_1_78' title="bbox 14 2424 805 2468">
    <p class='ocr_par' dir='ltr' id='par_1_78' title="bbox 14 2424 805 2468">
     <span class='ocr_line' id='line_1_78' title="bbox 14 2424 805 2468; baseline 0.001 -13"><span class='ocrx_word' id='word_1_541' title='bbox 14 2424 77 2458; x_wconf 53' lang='lat' dir='ltr'><strong>list:</strong></span> <span class='ocrx_word' id='word_1_542' title='bbox 101 2429 149 2456; x_wconf 83' lang='grc' dir='ltr'><strong>τὸν</strong></span> <span class='ocrx_word' id='word_1_543' title='bbox 173 2427 221 2462; x_wconf 78' lang='grc' dir='ltr'>τῆς</span> <span class='ocrx_word' id='word_1_544' title='bbox 250 2427 380 2460; x_wconf 81' lang='grc' dir='ltr'>διακονίας</span> <span class='ocrx_word' id='word_1_545' title='bbox 408 2428 509 2466; x_wconf 81' lang='grc' dir='ltr'>βαθμὸν</span> <span class='ocrx_word' id='word_1_546' title='bbox 537 2427 732 2468; x_wconf 68' lang='grc' dir='ltr'>προϐιϐάζεται,</span> <span class='ocrx_word' id='word_1_547' title='bbox 761 2430 805 2461; x_wconf 65' lang='lat' dir='ltr'><strong>El:</strong></span> 
     </span>
    </p>
   </div>
   <div class='ocr_carea' id='block_1_79' title="bbox 14 2471 805 2511">
    <p class='ocr_par' dir='ltr' id='par_1_79' title="bbox 14 2471 805 2511">
     <span class='ocr_line' id='line_1_79' title="bbox 14 2471 805 2511; baseline 0.008 -16"><span class='ocrx_word' id='word_1_548' title='bbox 14 2472 161 2511; x_wconf 70' lang='grc' dir='ltr'>Δναστήριον</span> <span class='ocrx_word' id='word_1_549' title='bbox 189 2471 215 2500; x_wconf 78' lang='grc' dir='ltr'><strong>δὲ</strong></span> <span class='ocrx_word' id='word_1_550' title='bbox 238 2473 344 2501; x_wconf 74' lang='grc' dir='ltr'>εἰσιέναι</span> <span class='ocrx_word' id='word_1_551' title='bbox 371 2472 533 2510; x_wconf 74' lang='grc' dir='ltr'>κελεύουσιν,</span> <span class='ocrx_word' id='word_1_552' title='bbox 563 2473 600 2504; x_wconf 83' lang='grc' dir='ltr'><strong>ὡς</strong></span> <span class='ocrx_word' id='word_1_553' title='bbox 626 2472 805 2511; x_wconf 79' lang='grc' dir='ltr'>ἀπαραίτητον</span> 
     </span>
    </p>
   </div>
   <div class='ocr_carea' id='block_1_80' title="bbox 14 2513 805 2557">
    <p class='ocr_par' dir='ltr' id='par_1_80' title="bbox 14 2513 805 2557">
     <span class='ocr_line' id='line_1_80' title="bbox 14 2513 805 2557; baseline 0.004 -14"><span class='ocrx_word' id='word_1_554' title='bbox 14 2523 22 2557; x_wconf 52' lang='grc' dir='ltr'><em>ξ</em></span> <span class='ocrx_word' id='word_1_555' title='bbox 44 2513 227 2556; x_wconf 73' lang='grc' dir='ltr'>ἀποκείρασθαι</span> <span class='ocrx_word' id='word_1_556' title='bbox 251 2517 359 2550; x_wconf 82' lang='grc' dir='ltr'><strong>ταύτην.</strong></span> <span class='ocrx_word' id='word_1_557' title='bbox 391 2516 470 2551; x_wconf 82' lang='grc' dir='ltr'><strong>Ἐξῆν</strong></span> <span class='ocrx_word' id='word_1_558' title='bbox 505 2517 553 2555; x_wconf 74' lang='grc' dir='ltr'>μὲν</span> <span class='ocrx_word' id='word_1_559' title='bbox 582 2517 632 2556; x_wconf 78' lang='grc' dir='ltr'><strong>γὰρ</strong></span> <span class='ocrx_word' id='word_1_560' title='bbox 661 2518 728 2555; x_wconf 76' lang='grc' dir='ltr'><strong>αὐτῇ</strong></span> <span class='ocrx_word' id='word_1_561' title='bbox 754 2518 805 2557; x_wconf 77' lang='grc' dir='ltr'><strong>πρὸ</strong></span> 
     </span>
    </p>
   </div>
   <div class='ocr_carea' id='block_1_81' title="bbox 14 2554 802 2602">
    <p class='ocr_par' dir='ltr' id='par_1_81' title="bbox 14 2554 802 2602">
     <span class='ocr_line' id='line_1_81' title="bbox 14 2554 802 2602; baseline 0.001 -14"><span class='ocrx_word' id='word_1_562' title='bbox 14 2554 210 2600; x_wconf 62' lang='grc' dir='ltr'>ἧςχειροιεονίας</span> <span class='ocrx_word' id='word_1_563' title='bbox 239 2565 286 2590; x_wconf 80' lang='grc' dir='ltr'><strong>τοῦ</strong></span> <span class='ocrx_word' id='word_1_564' title='bbox 312 2561 404 2602; x_wconf 72' lang='grc' dir='ltr'>ἀνδρὸς</span> <span class='ocrx_word' id='word_1_565' title='bbox 431 2562 471 2599; x_wconf 76' lang='grc' dir='ltr'>μὴ</span> <span class='ocrx_word' id='word_1_566' title='bbox 498 2554 662 2601; x_wconf 68' lang='grc' dir='ltr'>διαζυγῆναι,</span> <span class='ocrx_word' id='word_1_567' title='bbox 687 2554 802 2590; x_wconf 66' lang='grc' dir='ltr'>Κὰντεῦ-</span> 
     </span>
    </p>
   </div>
   <div class='ocr_carea' id='block_1_82' title="bbox 15 2605 804 2646">
    <p class='ocr_par' dir='ltr' id='par_1_82' title="bbox 15 2605 804 2646">
     <span class='ocr_line' id='line_1_82' title="bbox 15 2605 804 2646; baseline 0.003 -15"><span class='ocrx_word' id='word_1_568' title='bbox 15 2609 30 2627; x_wconf 67' lang='grc' dir='ltr'><strong>ιν</strong></span> <span class='ocrx_word' id='word_1_569' title='bbox 53 2606 176 2646; x_wconf 45' lang='grc' dir='ltr'>καὶ-τὴν</span> <span class='ocrx_word' id='word_1_570' title='bbox 204 2606 372 2646; x_wconf 82' lang='grc' dir='ltr'>χειροτονίαν</span> <span class='ocrx_word' id='word_1_571' title='bbox 399 2605 560 2646; x_wconf 70' lang='grc' dir='ltr'>κωλυθῆναι,</span> <span class='ocrx_word' id='word_1_572' title='bbox 588 2606 633 2634; x_wconf 82' lang='grc' dir='ltr'><strong>καὶ</strong></span> <span class='ocrx_word' id='word_1_573' title='bbox 656 2605 706 2639; x_wconf 72' lang='grc' dir='ltr'>τὴν</span> <span class='ocrx_word' id='word_1_574' title='bbox 733 2605 804 2634; x_wconf 82' lang='grc' dir='ltr'>ἀπό-</span> 
     </span>
    </p>
   </div>
   <div class='ocr_carea' id='block_1_83' title="bbox 15 2642 801 2691">
    <p class='ocr_par' dir='ltr' id='par_1_83' title="bbox 15 2642 801 2691">
     <span class='ocr_line' id='line_1_83' title="bbox 15 2642 801 2691; baseline 0 -12"><span class='ocrx_word' id='word_1_575' title='bbox 15 2654 83 2683; x_wconf 67' lang='grc' dir='ltr'>ιρσιν.</span> <span class='ocrx_word' id='word_1_576' title='bbox 103 2642 156 2680; x_wconf 64' lang='grc' dir='ltr'><strong>’δτι</strong></span> <span class='ocrx_word' id='word_1_577' title='bbox 173 2642 259 2690; x_wconf 50' lang='grc' dir='ltr'>δέ’-γέ</span> <span class='ocrx_word' id='word_1_578' title='bbox 272 2650 304 2676; x_wconf 73' lang='grc'><strong>57</strong></span> <span class='ocrx_word' id='word_1_579' title='bbox 332 2651 365 2679; x_wconf 75' lang='grc' dir='ltr'><strong>τὰ</strong></span> <span class='ocrx_word' id='word_1_580' title='bbox 391 2653 441 2684; x_wconf 82' lang='grc' dir='ltr'><strong>τῆς</strong></span> <span class='ocrx_word' id='word_1_581' title='bbox 469 2642 635 2691; x_wconf 58' lang='grc' dir='ltr'>χειροέονίας</span> <span class='ocrx_word' id='word_1_582' title='bbox 665 2651 801 2689; x_wconf 66' lang='grc' dir='ltr'>σονήνεσι,</span> 
     </span>
    </p>
   </div>
   <div class='ocr_carea' id='block_1_84' title="bbox 853 1537 1677 1580">
    <p class='ocr_par' dir='ltr' id='par_1_84' title="bbox 853 1537 1677 1580">
     <span class='ocr_line' id='line_1_84' title="bbox 853 1537 1677 1580; baseline 0.001 -10"><span class='ocrx_word' id='word_1_583' title='bbox 853 1541 920 1571; x_wconf 86' lang='lat' dir='ltr'><strong>culo</strong></span> <span class='ocrx_word' id='word_1_584' title='bbox 935 1541 1002 1572; x_wconf 86' lang='lat' dir='ltr'><strong>sitis</strong></span> <span class='ocrx_word' id='word_1_585' title='bbox 1016 1546 1045 1572; x_wconf 90' lang='lat' dir='ltr'><strong>et</strong></span> <span class='ocrx_word' id='word_1_586' title='bbox 1060 1540 1181 1578; x_wconf 77' lang='lat' dir='ltr'><strong>Judaeis,</strong></span> <span class='ocrx_word' id='word_1_587' title='bbox 1192 1545 1222 1571; x_wconf 92' lang='lat' dir='ltr'><strong>et</strong></span> <span class='ocrx_word' id='word_1_588' title='bbox 1234 1539 1399 1580; x_wconf 73' lang='lat' dir='ltr'><strong>paganis,et</strong></span> <span class='ocrx_word' id='word_1_589' title='bbox 1409 1537 1549 1570; x_wconf 70' lang='lat' dir='ltr'><strong>Ecclesiae</strong></span> <span class='ocrx_word' id='word_1_590' title='bbox 1563 1538 1629 1576; x_wconf 88' lang='lat' dir='ltr'><strong>Dei,</strong></span> <span class='ocrx_word' id='word_1_591' title='bbox 1646 1543 1677 1571; x_wconf 88' lang='lat' dir='ltr'><strong>et</strong></span> 
     </span>
    </p>
   </div>
   <div class='ocr_carea' id='block_1_85' title="bbox 852 1584 1676 1626">
    <p class='ocr_par' dir='ltr' id='par_1_85' title="bbox 852 1584 1676 1626">
     <span class='ocr_line' id='line_1_85' title="bbox 852 1584 1676 1626; baseline -0.001 -11"><span class='ocrx_word' id='word_1_592' title='bbox 852 1589 969 1617; x_wconf 60' lang='lat' dir='ltr'><strong>caetera.</strong></span> <span class='ocrx_word' id='word_1_593' title='bbox 988 1585 1102 1617; x_wconf 89' lang='lat' dir='ltr'><strong>Deinde</strong></span> <span class='ocrx_word' id='word_1_594' title='bbox 1114 1585 1162 1626; x_wconf 88' lang='lat' dir='ltr'><strong>iis,</strong></span> <span class='ocrx_word' id='word_1_595' title='bbox 1187 1585 1238 1625; x_wconf 90' lang='lat' dir='ltr'><strong>qui</strong></span> <span class='ocrx_word' id='word_1_596' title='bbox 1256 1585 1312 1615; x_wconf 92' lang='lat' dir='ltr'><strong>hoc</strong></span> <span class='ocrx_word' id='word_1_597' title='bbox 1329 1593 1442 1615; x_wconf 89' lang='lat' dir='ltr'><strong>canone</strong></span> <span class='ocrx_word' id='word_1_598' title='bbox 1457 1584 1676 1623; x_wconf 84' lang='lat' dir='ltr'><strong>comprehensa</strong></span> 
     </span>
    </p>
   </div>
   <div class='ocr_carea' id='block_1_86' title="bbox 852 1627 1676 1669">
    <p class='ocr_par' dir='ltr' id='par_1_86' title="bbox 852 1627 1676 1669">
     <span class='ocr_line' id='line_1_86' title="bbox 852 1627 1676 1669; baseline 0 -10"><span class='ocrx_word' id='word_1_599' title='bbox 852 1638 921 1660; x_wconf 95' lang='lat' dir='ltr'><strong>cum</strong></span> <span class='ocrx_word' id='word_1_600' title='bbox 935 1630 1126 1661; x_wconf 86' lang='lat' dir='ltr'><strong>veneratione</strong></span> <span class='ocrx_word' id='word_1_601' title='bbox 1141 1639 1200 1660; x_wconf 93' lang='lat' dir='ltr'><strong>non</strong></span> <span class='ocrx_word' id='word_1_602' title='bbox 1214 1629 1388 1666; x_wconf 81' lang='lat' dir='ltr'><strong>observant,</strong></span> <span class='ocrx_word' id='word_1_603' title='bbox 1406 1637 1500 1669; x_wconf 64' lang='lat' dir='ltr'><strong>paena;</strong></span> <span class='ocrx_word' id='word_1_604' title='bbox 1513 1627 1578 1658; x_wconf 89' lang='lat' dir='ltr'><strong>loco</strong></span> <span class='ocrx_word' id='word_1_605' title='bbox 1593 1627 1676 1659; x_wconf 88' lang='lat' dir='ltr'><strong>abdi-</strong></span> 
     </span>
    </p>
   </div>
   <div class='ocr_carea' id='block_1_87' title="bbox 852 1673 1154 1705">
    <p class='ocr_par' dir='ltr' id='par_1_87' title="bbox 852 1673 1154 1705">
     <span class='ocr_line' id='line_1_87' title="bbox 852 1673 1154 1705; baseline 0.007 -3"><span class='ocrx_word' id='word_1_606' title='bbox 852 1673 998 1705; x_wconf 84' lang='lat' dir='ltr'><strong>cationem</strong></span> <span class='ocrx_word' id='word_1_607' title='bbox 1014 1678 1154 1705; x_wconf 87' lang='lat' dir='ltr'><strong>statuunt.</strong></span> 
     </span>
    </p>
   </div>
   <div class='ocr_carea' id='block_1_88' title="bbox 851 1716 1674 1789">
    <p class='ocr_par' dir='ltr' id='par_1_88' title="bbox 851 1716 1674 1789">
     <span class='ocr_line' id='line_1_88' title="bbox 851 1716 1674 1789; baseline -0.001 -40"><span class='ocrx_word' id='word_1_608' title='bbox 851 1717 954 1750; x_wconf 75' lang='lat' dir='ltr'><strong>Etiam</strong></span> <span class='ocrx_word' id='word_1_609' title='bbox 969 1719 1086 1750; x_wconf 78' lang='lat' dir='ltr'><strong>tonderi</strong></span> <span class='ocrx_word' id='word_1_610' title='bbox 1100 1719 1206 1750; x_wconf 78' lang='lat' dir='ltr'><strong>debere</strong></span> <span class='ocrx_word' id='word_1_611' title='bbox 1220 1717 1377 1789; x_wconf 52' lang='lat' dir='ltr'><strong>inruerent</strong></span> <span class='ocrx_word' id='word_1_612' title='bbox 1388 1716 1427 1748; x_wconf 84' lang='lat' dir='ltr'><strong>ab</strong></span> <span class='ocrx_word' id='word_1_613' title='bbox 1438 1717 1573 1757; x_wconf 75' lang='lat' dir='ltr'><strong>episcopo</strong></span> <span class='ocrx_word' id='word_1_614' title='bbox 1583 1725 1674 1757; x_wconf 82' lang='lat' dir='ltr'><strong>sepa-</strong></span> 
     </span>
     <span class='ocr_line' id='line_1_89' title="bbox 954 1767 1325 1789; baseline -0.003 1"><span class='ocrx_word' id='word_1_615' title='bbox 954 1769 957 1773; x_wconf 94' lang='grc'>·</span> <span class='ocrx_word' id='word_1_616' title='bbox 1212 1767 1249 1789; x_wconf 80' lang='lat' dir='ltr'><strong>ra</strong></span> <span class='ocrx_word' id='word_1_617' title='bbox 1263 1767 1325 1789; x_wconf 89' lang='lat' dir='ltr'><strong>am.</strong></span> 
     </span>
    </p>
   </div>
   <div class='ocr_carea' id='block_1_89' title="bbox 954 1767 1325 1789">
    <p class='ocr_par' dir='ltr' id='par_1_89' title="bbox 954 1767 1325 1789">
     <span class='ocr_line' id='line_1_90' title="bbox 954 1767 1325 1789; baseline 0.003 -1"><span class='ocrx_word' id='word_1_618' title='bbox 954 1769 957 1773; x_wconf 97' lang='lat'>&#39;</span> <span class='ocrx_word' id='word_1_619' title='bbox 1212 1767 1325 1789; x_wconf 77' lang='lat' dir='ltr'><strong>ratam.</strong></span> 
     </span>
    </p>
   </div>
   <div class='ocr_carea' id='block_1_90' title="bbox 892 1804 1673 1842">
    <p class='ocr_par' dir='ltr' id='par_1_90' title="bbox 892 1804 1673 1842">
     <span class='ocr_line' id='line_1_91' title="bbox 892 1804 1673 1842; baseline -0.001 -7"><span class='ocrx_word' id='word_1_620' title='bbox 892 1805 929 1836; x_wconf 84' lang='lat' dir='ltr'><strong>At</strong></span> <span class='ocrx_word' id='word_1_621' title='bbox 956 1805 987 1835; x_wconf 92' lang='lat' dir='ltr'><strong>in</strong></span> <span class='ocrx_word' id='word_1_622' title='bbox 1015 1814 1130 1836; x_wconf 85' lang='lat' dir='ltr'><strong>canone</strong></span> <span class='ocrx_word' id='word_1_623' title='bbox 1152 1813 1242 1836; x_wconf 76' lang='lat' dir='ltr'><strong>XLVIII</strong></span> <span class='ocrx_word' id='word_1_624' title='bbox 1263 1804 1354 1835; x_wconf 89' lang='lat' dir='ltr'><strong>iidem</strong></span> <span class='ocrx_word' id='word_1_625' title='bbox 1379 1804 1481 1835; x_wconf 86' lang='lat' dir='ltr'><strong>Patres</strong></span> <span class='ocrx_word' id='word_1_626' title='bbox 1506 1807 1673 1842; x_wconf 89' lang='lat' dir='ltr'><strong>separatam</strong></span> 
     </span>
    </p>
   </div>
   <div class='ocr_carea' id='block_1_91' title="bbox 853 1847 1673 1889">
    <p class='ocr_par' dir='ltr' id='par_1_91' title="bbox 853 1847 1673 1889">
     <span class='ocr_line' id='line_1_92' title="bbox 853 1847 1673 1889; baseline -0.002 -10"><span class='ocrx_word' id='word_1_627' title='bbox 853 1849 1005 1880; x_wconf 89' lang='lat' dir='ltr'><strong>communi</strong></span> <span class='ocrx_word' id='word_1_628' title='bbox 1020 1858 1167 1880; x_wconf 87' lang='lat' dir='ltr'><strong>consensu</strong></span> <span class='ocrx_word' id='word_1_629' title='bbox 1179 1849 1215 1880; x_wconf 90' lang='lat' dir='ltr'><strong>ab</strong></span> <span class='ocrx_word' id='word_1_630' title='bbox 1231 1858 1278 1889; x_wconf 87' lang='lat' dir='ltr'><strong>eo,</strong></span> <span class='ocrx_word' id='word_1_631' title='bbox 1292 1848 1342 1888; x_wconf 91' lang='lat' dir='ltr'><strong>qui</strong></span> <span class='ocrx_word' id='word_1_632' title='bbox 1357 1847 1393 1878; x_wconf 90' lang='lat' dir='ltr'><strong>ad</strong></span> <span class='ocrx_word' id='word_1_633' title='bbox 1409 1847 1596 1887; x_wconf 86' lang='lat' dir='ltr'><strong>episcopatus</strong></span> <span class='ocrx_word' id='word_1_634' title='bbox 1617 1857 1673 1887; x_wconf 76' lang='lat' dir='ltr'><strong>gu-</strong></span> 
     </span>
    </p>
   </div>
   <div class='ocr_carea' id='block_1_92' title="bbox 853 1891 1674 1932">
    <p class='ocr_par' dir='ltr' id='par_1_92' title="bbox 853 1891 1674 1932">
     <span class='ocr_line' id='line_1_93' title="bbox 853 1891 1674 1932; baseline -0.002 -8"><span class='ocrx_word' id='word_1_635' title='bbox 853 1893 1015 1925; x_wconf 87' lang='lat' dir='ltr'><strong>bernacula</strong></span> <span class='ocrx_word' id='word_1_636' title='bbox 1029 1903 1166 1925; x_wconf 83' lang='lat' dir='ltr'><strong>sessurus</strong></span> <span class='ocrx_word' id='word_1_637' title='bbox 1180 1899 1237 1930; x_wconf 92' lang='lat' dir='ltr'><strong>est,</strong></span> <span class='ocrx_word' id='word_1_638' title='bbox 1254 1894 1297 1923; x_wconf 83' lang='lat' dir='ltr'><strong>uti</strong></span> <span class='ocrx_word' id='word_1_639' title='bbox 1307 1902 1374 1923; x_wconf 87' lang='lat' dir='ltr'><strong>cum</strong></span> <span class='ocrx_word' id='word_1_640' title='bbox 1390 1891 1454 1932; x_wconf 90' lang='lat' dir='ltr'><strong>ipso</strong></span> <span class='ocrx_word' id='word_1_641' title='bbox 1469 1891 1498 1922; x_wconf 91' lang='lat' dir='ltr'><strong>in</strong></span> <span class='ocrx_word' id='word_1_642' title='bbox 1512 1891 1674 1922; x_wconf 90' lang='lat' dir='ltr'><strong>contuber-</strong></span> 
     </span>
    </p>
   </div>
   <div class='ocr_carea' id='block_1_93' title="bbox 853 1936 1670 1979">
    <p class='ocr_par' dir='ltr' id='par_1_93' title="bbox 853 1936 1670 1979">
     <span class='ocr_line' id='line_1_94' title="bbox 853 1936 1670 1979; baseline 0 -11"><span class='ocrx_word' id='word_1_643' title='bbox 853 1937 902 1968; x_wconf 94' lang='lat' dir='ltr'><strong>nio</strong></span> <span class='ocrx_word' id='word_1_644' title='bbox 916 1939 1089 1973; x_wconf 81' lang='lat' dir='ltr'><strong>sit,nmnino</strong></span> <span class='ocrx_word' id='word_1_645' title='bbox 1105 1948 1163 1970; x_wconf 92' lang='lat' dir='ltr'><strong>non</strong></span> <span class='ocrx_word' id='word_1_646' title='bbox 1180 1939 1375 1979; x_wconf 85' lang='lat' dir='ltr'><strong>permittunt;</strong></span> <span class='ocrx_word' id='word_1_647' title='bbox 1391 1936 1443 1967; x_wconf 91' lang='lat' dir='ltr'><strong>sed</strong></span> <span class='ocrx_word' id='word_1_648' title='bbox 1458 1937 1670 1968; x_wconf 89' lang='lat' dir='ltr'><strong>monasterium</strong></span> 
     </span>
    </p>
   </div>
   <div class='ocr_carea' id='block_1_94' title="bbox 852 1981 1671 2024">
    <p class='ocr_par' dir='ltr' id='par_1_94' title="bbox 852 1981 1671 2024">
     <span class='ocr_line' id='line_1_95' title="bbox 852 1981 1671 2024; baseline -0.001 -12"><span class='ocrx_word' id='word_1_649' title='bbox 852 1982 966 2022; x_wconf 82' lang='lat' dir='ltr'><strong>ingredi</strong></span> <span class='ocrx_word' id='word_1_650' title='bbox 978 1983 1095 2023; x_wconf 89' lang='lat' dir='ltr'><strong>jubent,</strong></span> <span class='ocrx_word' id='word_1_651' title='bbox 1109 1983 1186 2024; x_wconf 90' lang='lat' dir='ltr'><strong>quod</strong></span> <span class='ocrx_word' id='word_1_652' title='bbox 1204 1983 1270 2023; x_wconf 87' lang='lat' dir='ltr'><strong>ejus</strong></span> <span class='ocrx_word' id='word_1_653' title='bbox 1285 1983 1313 2013; x_wconf 93' lang='lat' dir='ltr'><strong>in</strong></span> <span class='ocrx_word' id='word_1_654' title='bbox 1327 1982 1384 2013; x_wconf 92' lang='lat' dir='ltr'><strong>loci</strong></span> <span class='ocrx_word' id='word_1_655' title='bbox 1399 1981 1516 2017; x_wconf 88' lang='lat' dir='ltr'><strong>vicinia,</strong></span> <span class='ocrx_word' id='word_1_656' title='bbox 1534 1991 1592 2021; x_wconf 89' lang='lat' dir='ltr'><strong>quo</strong></span> <span class='ocrx_word' id='word_1_657' title='bbox 1606 1982 1671 2012; x_wconf 90' lang='lat' dir='ltr'><strong>loco</strong></span> 
     </span>
    </p>
   </div>
   <div class='ocr_carea' id='block_1_95' title="bbox 850 2025 1670 2068">
    <p class='ocr_par' dir='ltr' id='par_1_95' title="bbox 850 2025 1670 2068">
     <span class='ocr_line' id='line_1_96' title="bbox 850 2025 1670 2068; baseline -0.002 -10"><span class='ocrx_word' id='word_1_658' title='bbox 850 2027 931 2066; x_wconf 78' lang='lat' dir='ltr'><strong>degit</strong></span> <span class='ocrx_word' id='word_1_659' title='bbox 946 2030 1116 2068; x_wconf 88' lang='lat' dir='ltr'><strong>episcopus,</strong></span> <span class='ocrx_word' id='word_1_660' title='bbox 1133 2038 1191 2059; x_wconf 95' lang='lat' dir='ltr'><strong>non</strong></span> <span class='ocrx_word' id='word_1_661' title='bbox 1207 2029 1296 2058; x_wconf 92' lang='lat' dir='ltr'><strong>situm</strong></span> <span class='ocrx_word' id='word_1_662' title='bbox 1314 2027 1362 2058; x_wconf 90' lang='lat' dir='ltr'><strong>sit.</strong></span> <span class='ocrx_word' id='word_1_663' title='bbox 1385 2025 1502 2066; x_wconf 86' lang='lat' dir='ltr'><strong>Quippe</strong></span> <span class='ocrx_word' id='word_1_664' title='bbox 1526 2025 1591 2056; x_wconf 82' lang='lat' dir='ltr'><strong>ﬁeri</strong></span> <span class='ocrx_word' id='word_1_665' title='bbox 1611 2035 1670 2056; x_wconf 92' lang='lat' dir='ltr'><strong>non</strong></span> 
     </span>
    </p>
   </div>
   <div class='ocr_carea' id='block_1_96' title="bbox 850 2070 1672 2112">
    <p class='ocr_par' dir='ltr' id='par_1_96' title="bbox 850 2070 1672 2112">
     <span class='ocr_line' id='line_1_97' title="bbox 850 2070 1672 2112; baseline -0.004 -9"><span class='ocrx_word' id='word_1_666' title='bbox 850 2076 957 2112; x_wconf 84' lang='lat' dir='ltr'><strong>potest,</strong></span> <span class='ocrx_word' id='word_1_667' title='bbox 969 2082 1036 2103; x_wconf 93' lang='lat' dir='ltr'><strong>cum</strong></span> <span class='ocrx_word' id='word_1_668' title='bbox 1049 2081 1116 2104; x_wconf 87' lang='lat' dir='ltr'><strong>sese</strong></span> <span class='ocrx_word' id='word_1_669' title='bbox 1127 2073 1300 2112; x_wconf 87' lang='lat' dir='ltr'><strong>frequenter</strong></span> <span class='ocrx_word' id='word_1_670' title='bbox 1315 2071 1478 2107; x_wconf 88' lang='lat' dir='ltr'><strong>intuentur,</strong></span> <span class='ocrx_word' id='word_1_671' title='bbox 1500 2070 1572 2109; x_wconf 89' lang='lat' dir='ltr'><strong>quin</strong></span> <span class='ocrx_word' id='word_1_672' title='bbox 1586 2079 1672 2101; x_wconf 85' lang='lat' dir='ltr'><strong>amor</strong></span> 
     </span>
    </p>
   </div>
   <div class='ocr_carea' id='block_1_97' title="bbox 850 2114 1670 2157">
    <p class='ocr_par' dir='ltr' id='par_1_97' title="bbox 850 2114 1670 2157">
     <span class='ocr_line' id='line_1_98' title="bbox 850 2114 1670 2157; baseline -0.005 -9"><span class='ocrx_word' id='word_1_673' title='bbox 850 2117 878 2147; x_wconf 89' lang='lat' dir='ltr'><strong>in</strong></span> <span class='ocrx_word' id='word_1_674' title='bbox 894 2117 937 2147; x_wconf 89' lang='lat' dir='ltr'><strong>eis</strong></span> <span class='ocrx_word' id='word_1_675' title='bbox 952 2126 1005 2157; x_wconf 90' lang='lat' dir='ltr'><strong>per</strong></span> <span class='ocrx_word' id='word_1_676' title='bbox 1019 2117 1159 2148; x_wconf 85' lang='lat' dir='ltr'><strong>consortii</strong></span> <span class='ocrx_word' id='word_1_677' title='bbox 1169 2116 1466 2157; x_wconf 90' lang='lat' dir='ltr'><strong>pristinimemoriam</strong></span> <span class='ocrx_word' id='word_1_678' title='bbox 1478 2114 1670 2146; x_wconf 87' lang='lat' dir='ltr'><strong>accendatur.</strong></span> 
     </span>
    </p>
   </div>
   <div class='ocr_carea' id='block_1_98' title="bbox 848 2158 1672 2200">
    <p class='ocr_par' dir='ltr' id='par_1_98' title="bbox 848 2158 1672 2200">
     <span class='ocr_line' id='line_1_99' title="bbox 848 2158 1672 2200; baseline -0.002 -9"><span class='ocrx_word' id='word_1_679' title='bbox 848 2161 889 2191; x_wconf 87' lang='lat' dir='ltr'><strong>Eo</strong></span> <span class='ocrx_word' id='word_1_680' title='bbox 903 2167 1000 2192; x_wconf 90' lang='lat' dir='ltr'><strong>tamen</strong></span> <span class='ocrx_word' id='word_1_681' title='bbox 1015 2162 1045 2192; x_wconf 94' lang='lat' dir='ltr'><strong>in</strong></span> <span class='ocrx_word' id='word_1_682' title='bbox 1061 2162 1124 2192; x_wconf 91' lang='lat' dir='ltr'><strong>loco</strong></span> <span class='ocrx_word' id='word_1_683' title='bbox 1139 2161 1249 2198; x_wconf 85' lang='lat' dir='ltr'><strong>volunt,</strong></span> <span class='ocrx_word' id='word_1_684' title='bbox 1273 2165 1304 2191; x_wconf 89' lang='lat' dir='ltr'><strong>ut</strong></span> <span class='ocrx_word' id='word_1_685' title='bbox 1319 2159 1451 2200; x_wconf 85' lang='lat' dir='ltr'><strong>episcopi</strong></span> <span class='ocrx_word' id='word_1_686' title='bbox 1475 2158 1672 2198; x_wconf 69' lang='lat' dir='ltr'><strong>providentiae</strong></span> 
     </span>
    </p>
   </div>
   <div class='ocr_carea' id='block_1_99' title="bbox 848 2202 1672 2246">
    <p class='ocr_par' dir='ltr' id='par_1_99' title="bbox 848 2202 1672 2246">
     <span class='ocr_line' id='line_1_100' title="bbox 848 2202 1672 2246; baseline -0.002 -10"><span class='ocrx_word' id='word_1_687' title='bbox 848 2205 976 2236; x_wconf 82' lang='lat' dir='ltr'><strong>fructum</strong></span> <span class='ocrx_word' id='word_1_688' title='bbox 992 2205 1146 2246; x_wconf 83' lang='lat' dir='ltr'><strong>percipiat,</strong></span> <span class='ocrx_word' id='word_1_689' title='bbox 1164 2204 1189 2235; x_wconf 91' lang='lat' dir='ltr'><strong>si</strong></span> <span class='ocrx_word' id='word_1_690' title='bbox 1211 2205 1358 2244; x_wconf 88' lang='lat' dir='ltr'><strong>primatur</strong></span> <span class='ocrx_word' id='word_1_691' title='bbox 1380 2204 1491 2242; x_wconf 89' lang='lat' dir='ltr'><strong>inopia.</strong></span> <span class='ocrx_word' id='word_1_692' title='bbox 1515 2202 1631 2242; x_wconf 87' lang='lat' dir='ltr'><strong>Quippe</strong></span> <span class='ocrx_word' id='word_1_693' title='bbox 1646 2203 1672 2234; x_wconf 90' lang='lat' dir='ltr'><strong>si</strong></span> 
     </span>
    </p>
   </div>
   <div class='ocr_carea' id='block_1_100' title="bbox 848 2247 1670 2289">
    <p class='ocr_par' dir='ltr' id='par_1_100' title="bbox 848 2247 1670 2289">
     <span class='ocr_line' id='line_1_101' title="bbox 848 2247 1670 2289; baseline -0.006 -8"><span class='ocrx_word' id='word_1_694' title='bbox 848 2250 926 2281; x_wconf 89' lang='lat' dir='ltr'><strong>ultra</strong></span> <span class='ocrx_word' id='word_1_695' title='bbox 942 2259 991 2281; x_wconf 90' lang='lat' dir='ltr'><strong>res</strong></span> <span class='ocrx_word' id='word_1_696' title='bbox 1006 2249 1190 2281; x_wconf 88' lang='lat' dir='ltr'><strong>necessarias</strong></span> <span class='ocrx_word' id='word_1_697' title='bbox 1206 2249 1280 2280; x_wconf 91' lang='lat' dir='ltr'><strong>nihil</strong></span> <span class='ocrx_word' id='word_1_698' title='bbox 1295 2247 1416 2289; x_wconf 89' lang='lat' dir='ltr'><strong>ipsimet</strong></span> <span class='ocrx_word' id='word_1_699' title='bbox 1431 2247 1571 2287; x_wconf 89' lang='lat' dir='ltr'><strong>episcopo</strong></span> <span class='ocrx_word' id='word_1_700' title='bbox 1587 2256 1670 2277; x_wconf 89' lang='lat' dir='ltr'><strong>suam</strong></span> 
     </span>
    </p>
   </div>
   <div class='ocr_carea' id='block_1_101' title="bbox 847 2292 1669 2335">
    <p class='ocr_par' dir='ltr' id='par_1_101' title="bbox 847 2292 1669 2335">
     <span class='ocr_line' id='line_1_102' title="bbox 847 2292 1669 2335; baseline -0.006 -9"><span class='ocrx_word' id='word_1_701' title='bbox 847 2295 878 2326; x_wconf 87' lang='lat' dir='ltr'><strong>in</strong></span> <span class='ocrx_word' id='word_1_702' title='bbox 890 2304 1049 2335; x_wconf 86' lang='lat' dir='ltr'><strong>personam</strong></span> <span class='ocrx_word' id='word_1_703' title='bbox 1064 2295 1101 2326; x_wconf 90' lang='lat' dir='ltr'><strong>de</strong></span> <span class='ocrx_word' id='word_1_704' title='bbox 1111 2294 1197 2325; x_wconf 90' lang='lat' dir='ltr'><strong>bonis</strong></span> <span class='ocrx_word' id='word_1_705' title='bbox 1213 2297 1400 2334; x_wconf 87' lang='lat' dir='ltr'><strong>eptscopatus</strong></span> <span class='ocrx_word' id='word_1_706' title='bbox 1416 2292 1586 2331; x_wconf 80' lang='lat' dir='ltr'><strong>expendere</strong></span> <span class='ocrx_word' id='word_1_707' title='bbox 1598 2300 1669 2330; x_wconf 90' lang='lat' dir='ltr'><strong>per-</strong></span> 
     </span>
    </p>
   </div>
   <div class='ocr_carea' id='block_1_102' title="bbox 848 2335 1669 2378">
    <p class='ocr_par' dir='ltr' id='par_1_102' title="bbox 848 2335 1669 2378">
     <span class='ocr_line' id='line_1_103' title="bbox 848 2335 1669 2378; baseline -0.002 -9"><span class='ocrx_word' id='word_1_708' title='bbox 848 2339 1082 2374; x_wconf 87' lang='lat' dir='ltr'><strong>mittitur,multo</strong></span> <span class='ocrx_word' id='word_1_709' title='bbox 1091 2339 1189 2370; x_wconf 91' lang='lat' dir='ltr'><strong>minus</strong></span> <span class='ocrx_word' id='word_1_710' title='bbox 1200 2337 1310 2378; x_wconf 88' lang='lat' dir='ltr'><strong>aliquid</strong></span> <span class='ocrx_word' id='word_1_711' title='bbox 1328 2337 1397 2368; x_wconf 89' lang='lat' dir='ltr'><strong>huic</strong></span> <span class='ocrx_word' id='word_1_712' title='bbox 1408 2336 1445 2366; x_wconf 90' lang='lat' dir='ltr'><strong>de</strong></span> <span class='ocrx_word' id='word_1_713' title='bbox 1460 2336 1546 2366; x_wconf 90' lang='lat' dir='ltr'><strong>bonis</strong></span> <span class='ocrx_word' id='word_1_714' title='bbox 1561 2335 1669 2367; x_wconf 85' lang='lat' dir='ltr'><strong>Eccle-</strong></span> 
     </span>
    </p>
   </div>
   <div class='ocr_carea' id='block_1_103' title="bbox 847 2379 1670 2423">
    <p class='ocr_par' dir='ltr' id='par_1_103' title="bbox 847 2379 1670 2423">
     <span class='ocr_line' id='line_1_104' title="bbox 847 2379 1670 2423; baseline -0.005 -9"><span class='ocrx_word' id='word_1_715' title='bbox 847 2383 898 2414; x_wconf 66' lang='lat' dir='ltr'><strong>siae</strong></span> <span class='ocrx_word' id='word_1_716' title='bbox 910 2383 1039 2417; x_wconf 80' lang='lat' dir='ltr'><strong>dabitur.</strong></span> <span class='ocrx_word' id='word_1_717' title='bbox 1057 2383 1082 2414; x_wconf 91' lang='lat' dir='ltr'><strong>si</strong></span> <span class='ocrx_word' id='word_1_718' title='bbox 1098 2393 1132 2414; x_wconf 80' lang='lat' dir='ltr'><strong>ex</strong></span> <span class='ocrx_word' id='word_1_719' title='bbox 1150 2387 1244 2414; x_wconf 90' lang='lat' dir='ltr'><strong>semet</strong></span> <span class='ocrx_word' id='word_1_720' title='bbox 1255 2384 1319 2423; x_wconf 88' lang='lat' dir='ltr'><strong>ipsa</strong></span> <span class='ocrx_word' id='word_1_721' title='bbox 1334 2380 1423 2412; x_wconf 91' lang='lat' dir='ltr'><strong>victui</strong></span> <span class='ocrx_word' id='word_1_722' title='bbox 1439 2379 1608 2411; x_wconf 87' lang='lat' dir='ltr'><strong>necessaria</strong></span> <span class='ocrx_word' id='word_1_723' title='bbox 1619 2380 1670 2411; x_wconf 90' lang='lat' dir='ltr'><strong>ha-</strong></span> 
     </span>
    </p>
   </div>
   <div class='ocr_carea' id='block_1_104' title="bbox 847 2424 1668 2468">
    <p class='ocr_par' dir='ltr' id='par_1_104' title="bbox 847 2424 1668 2468">
     <span class='ocr_line' id='line_1_105' title="bbox 847 2424 1668 2468; baseline -0.006 -8"><span class='ocrx_word' id='word_1_724' title='bbox 847 2428 956 2460; x_wconf 88' lang='lat' dir='ltr'><strong>buerit.</strong></span> <span class='ocrx_word' id='word_1_725' title='bbox 973 2428 1058 2464; x_wconf 85' lang='lat' dir='ltr'><strong>Quod</strong></span> <span class='ocrx_word' id='word_1_726' title='bbox 1084 2429 1109 2460; x_wconf 92' lang='lat' dir='ltr'><strong>si</strong></span> <span class='ocrx_word' id='word_1_727' title='bbox 1138 2428 1196 2458; x_wconf 89' lang='lat' dir='ltr'><strong>vita</strong></span> <span class='ocrx_word' id='word_1_728' title='bbox 1222 2427 1288 2468; x_wconf 86' lang='lat' dir='ltr'><strong>ejus</strong></span> <span class='ocrx_word' id='word_1_729' title='bbox 1317 2427 1442 2457; x_wconf 81' lang='lat' dir='ltr'><strong>honesta</strong></span> <span class='ocrx_word' id='word_1_730' title='bbox 1465 2428 1495 2456; x_wconf 92' lang='lat' dir='ltr'><strong>et</strong></span> <span class='ocrx_word' id='word_1_731' title='bbox 1508 2426 1604 2463; x_wconf 82' lang='lat' dir='ltr'><strong>gravis</strong></span> <span class='ocrx_word' id='word_1_732' title='bbox 1619 2424 1668 2465; x_wconf 92' lang='lat' dir='ltr'><strong>sit,</strong></span> 
     </span>
    </p>
   </div>
   <div class='ocr_carea' id='block_1_105' title="bbox 847 2469 1670 2511">
    <p class='ocr_par' dir='ltr' id='par_1_105' title="bbox 847 2469 1670 2511">
     <span class='ocr_line' id='line_1_106' title="bbox 847 2469 1670 2511; baseline -0.007 -7"><span class='ocrx_word' id='word_1_733' title='bbox 847 2473 934 2504; x_wconf 83' lang='lat' dir='ltr'><strong>etiam</strong></span> <span class='ocrx_word' id='word_1_734' title='bbox 951 2474 987 2503; x_wconf 86' lang='lat' dir='ltr'><strong>ad</strong></span> <span class='ocrx_word' id='word_1_735' title='bbox 999 2472 1172 2503; x_wconf 87' lang='lat' dir='ltr'><strong>diaconatus</strong></span> <span class='ocrx_word' id='word_1_736' title='bbox 1183 2472 1305 2511; x_wconf 80' lang='lat' dir='ltr'><strong>gradum</strong></span> <span class='ocrx_word' id='word_1_737' title='bbox 1321 2470 1465 2502; x_wconf 87' lang='lat' dir='ltr'><strong>evehitur.</strong></span> <span class='ocrx_word' id='word_1_738' title='bbox 1481 2469 1626 2499; x_wconf 74' lang='lat' dir='ltr'><strong>Czeterum</strong></span> <span class='ocrx_word' id='word_1_739' title='bbox 1638 2472 1670 2499; x_wconf 93' lang='lat' dir='ltr'><strong>ut</strong></span> 
     </span>
    </p>
   </div>
   <div class='ocr_carea' id='block_1_106' title="bbox 847 2513 1666 2558">
    <p class='ocr_par' dir='ltr' id='par_1_106' title="bbox 847 2513 1666 2558">
     <span class='ocr_line' id='line_1_107' title="bbox 847 2513 1666 2558; baseline -0.007 -10"><span class='ocrx_word' id='word_1_740' title='bbox 847 2517 1057 2548; x_wconf 87' lang='lat' dir='ltr'><strong>monasterium</strong></span> <span class='ocrx_word' id='word_1_741' title='bbox 1083 2517 1277 2558; x_wconf 79' lang='lat' dir='ltr'><strong>ingrediatur,</strong></span> <span class='ocrx_word' id='word_1_742' title='bbox 1306 2515 1420 2558; x_wconf 83' lang='lat' dir='ltr'><strong>idcirco</strong></span> <span class='ocrx_word' id='word_1_743' title='bbox 1455 2513 1629 2554; x_wconf 59' lang='lat' dir='ltr'><strong>praecipiunt</strong></span> <span class='ocrx_word' id='word_1_744' title='bbox 1659 2524 1666 2542; x_wconf 85' lang='lat'>:</span> 
     </span>
    </p>
   </div>
   <div class='ocr_carea' id='block_1_107' title="bbox 846 2558 1669 2602">
    <p class='ocr_par' dir='ltr' id='par_1_107' title="bbox 846 2558 1669 2602">
     <span class='ocr_line' id='line_1_108' title="bbox 846 2558 1669 2602; baseline -0.007 -9"><span class='ocrx_word' id='word_1_745' title='bbox 846 2561 924 2602; x_wconf 86' lang='lat' dir='ltr'><strong>quod</strong></span> <span class='ocrx_word' id='word_1_746' title='bbox 937 2561 1128 2592; x_wconf 80' lang='lat' dir='ltr'><strong>excusatione</strong></span> <span class='ocrx_word' id='word_1_747' title='bbox 1140 2561 1220 2591; x_wconf 89' lang='lat' dir='ltr'><strong>nulla</strong></span> <span class='ocrx_word' id='word_1_748' title='bbox 1230 2560 1391 2601; x_wconf 82' lang='lat' dir='ltr'><strong>impetrare</strong></span> <span class='ocrx_word' id='word_1_749' title='bbox 1406 2558 1509 2599; x_wconf 89' lang='lat' dir='ltr'><strong>possit,</strong></span> <span class='ocrx_word' id='word_1_750' title='bbox 1525 2558 1595 2602; x_wconf 87' lang='lat' dir='ltr'><strong>quin</strong></span> <span class='ocrx_word' id='word_1_751' title='bbox 1603 2561 1669 2602; x_wconf 80' lang='lat' dir='ltr'><strong>ton-</strong></span> 
     </span>
    </p>
   </div>
   <div class='ocr_carea' id='block_1_108' title="bbox 846 2601 1667 2647">
    <p class='ocr_par' dir='ltr' id='par_1_108' title="bbox 846 2601 1667 2647">
     <span class='ocr_line' id='line_1_109' title="bbox 846 2601 1667 2647; baseline -0.007 -10"><span class='ocrx_word' id='word_1_752' title='bbox 846 2601 961 2637; x_wconf 88' lang='lat' dir='ltr'><strong>deatur.</strong></span> <span class='ocrx_word' id='word_1_753' title='bbox 971 2605 1043 2637; x_wconf 90' lang='lat' dir='ltr'><strong>Nam</strong></span> <span class='ocrx_word' id='word_1_754' title='bbox 1060 2609 1236 2647; x_wconf 88' lang='lat' dir='ltr'><strong>potestatem</strong></span> <span class='ocrx_word' id='word_1_755' title='bbox 1253 2604 1380 2636; x_wconf 87' lang='lat' dir='ltr'><strong>habebat</strong></span> <span class='ocrx_word' id='word_1_756' title='bbox 1395 2607 1463 2634; x_wconf 80' lang='lat' dir='ltr'><strong>ante</strong></span> <span class='ocrx_word' id='word_1_757' title='bbox 1479 2601 1533 2634; x_wconf 85' lang='lat' dir='ltr'><strong>viri</strong></span> <span class='ocrx_word' id='word_1_758' title='bbox 1544 2601 1667 2647; x_wconf 79' lang='lat' dir='ltr'><strong>ordina-</strong></span> 
     </span>
    </p>
   </div>
   <div class='ocr_carea' id='block_1_109' title="bbox 844 2645 1667 2686">
    <p class='ocr_par' dir='ltr' id='par_1_109' title="bbox 844 2645 1667 2686">
     <span class='ocr_line' id='line_1_110' title="bbox 844 2645 1667 2686; baseline -0.004 -5"><span class='ocrx_word' id='word_1_759' title='bbox 844 2651 955 2681; x_wconf 92' lang='lat' dir='ltr'><strong>tionem</strong></span> <span class='ocrx_word' id='word_1_760' title='bbox 971 2645 1129 2682; x_wconf 76' lang='lat' dir='ltr'><strong>recusandi</strong></span> <span class='ocrx_word' id='word_1_761' title='bbox 1144 2649 1313 2681; x_wconf 87' lang='lat' dir='ltr'><strong>divortium.</strong></span> <span class='ocrx_word' id='word_1_762' title='bbox 1330 2648 1393 2685; x_wconf 93' lang='lat' dir='ltr'><strong>Quo</strong></span> <span class='ocrx_word' id='word_1_763' title='bbox 1416 2647 1502 2686; x_wconf 75' lang='lat' dir='ltr'><strong>facto,</strong></span> <span class='ocrx_word' id='word_1_764' title='bbox 1523 2650 1584 2677; x_wconf 89' lang='lat' dir='ltr'><strong>tum</strong></span> <span class='ocrx_word' id='word_1_765' title='bbox 1607 2645 1667 2678; x_wconf 88' lang='lat' dir='ltr'><strong>im-</strong></span> 
     </span>
    </p>
   </div>
   <div class='ocr_carea' id='block_1_110' title="bbox 641 2715 1003 2749">
    <p class='ocr_par' dir='ltr' id='par_1_110' title="bbox 641 2715 1003 2749">
     <span class='ocr_line' id='line_1_111' title="bbox 641 2715 1003 2749; baseline -0.003 -1"><span class='ocrx_word' id='word_1_766' title='bbox 641 2715 772 2749; x_wconf 77' lang='lat' dir='ltr'><strong>VARUE</strong></span> <span class='ocrx_word' id='word_1_767' title='bbox 787 2715 1003 2749; x_wconf 85' lang='lat' dir='ltr'><strong>LECTlONES.</strong></span> 
     </span>
    </p>
   </div>
   <div class='ocr_carea' id='block_1_111' title="bbox 31 2781 204 2825">
    <p class='ocr_par' dir='ltr' id='par_1_111' title="bbox 31 2781 204 2825">
     <span class='ocr_line' id='line_1_112' title="bbox 31 2781 204 2825; baseline 0.023 -13"><span class='ocrx_word' id='word_1_768' title='bbox 31 2781 54 2805; x_wconf 76' lang='grc'>³⁷</span> <span class='ocrx_word' id='word_1_769' title='bbox 66 2783 106 2812; x_wconf 76' lang='grc' dir='ltr'>ὅτι</span> <span class='ocrx_word' id='word_1_770' title='bbox 119 2784 147 2813; x_wconf 68' lang='grc' dir='ltr'>δέ</span> <span class='ocrx_word' id='word_1_771' title='bbox 161 2797 204 2825; x_wconf 79' lang='grc' dir='ltr'>γε.</span> 
     </span>
    </p>
   </div>
  </div>
