1938 3077
185 132 224 165 99

733 130 933 165 ἜΟΙΙΜΕΝΙΙ
957 127 1104 162 TRICG/E
1127 128 1293 161 EPISCOPI

1809 126 1867 158 100

185 199 249 230 ﬁlii.
266 211 277 228 ιι
301 198 398 231 Induti
417 198 579 231 thoracem.
603 199 747 239 Superius
768 198 925 238 dixitopus
937 207 997 229 esse

1119 197 1183 236 πρὸς
1211 197 1325 234 τούτοις,
1350 197 1393 225 καὶ
1429 195 1660 233 καθωπλισμένους
1696 195 1768 223 εἶναι
1796 195 1864 235 χρή.

184 245 304 284 vigilare
318 249 346 275 et
362 248 489 275 attentos
505 254 582 284 esse,
612 253 691 274 nunc
704 243 784 274 addit
802 243 877 283 quod
897 246 1004 282 prwter

184 289 245 320 haec
257 289 344 320 etiam
356 293 483 320 armatos
495 298 561 320 esse
571 293 713 328 oporteat,
728 287 968 328 quandoquidem
979 287 1003 317 si

184 333 318 365 diabolus
328 338 494 364 exarmatos
505 333 661 372 invenerit,
674 333 794 372 impelet
810 342 843 362 ac
860 331 1001 368 offendet,

183 378 271 408 etiam
288 379 313 408 si
329 377 455 408 maxime
471 377 627 416 vigilemus
642 381 670 407 et
697 377 798 407 attenti
814 376 917 407 simus.
937 377 1004 406 I79

185 421 348 453 Thoracem
360 431 428 452 vero
440 421 511 452 dicit
521 421 590 452 ﬁdei
606 431 640 452 ac
650 421 801 452 charitatis
818 426 938 462 propter
950 431 1002 452 so—

182 465 326 497 liditatem
339 475 373 496 ac
383 465 644 496 indivisibilitatem
657 465 788 506 ipsorum
801 475 807 496 :
823 466 909 496 talem
922 466 1001 496 enim

182 515 296 550 oportet
312 519 378 541 esse
392 510 481 540 ﬁdem
497 519 531 540 ac
547 510 731 540 charitatem.
757 510 802 540 Ad
819 519 886 540 eum
903 514 1000 541 autem

182 555 231 594 qui
240 555 293 585 has
304 555 403 590 habet,
414 563 566 585 accessum
575 554 686 585 habere
695 559 845 594 nequeunt
856 554 1002 585 diabolica

183 599 250 629 tela.
271 610 283 627 ιι
301 598 389 639 Spem
405 599 520 629 salutis.
543 612 553 627 ι
572 599 688 629 Etenim
706 608 776 636 Spes
802 599 916 636 salutis,
935 599 999 629 loco

181 643 271 682 galeae
287 644 413 674 maxime
429 643 606 674 necessariae
619 644 697 674 inter
712 653 747 674 ea
773 653 837 683 quae
857 643 886 673 in
914 643 1000 674 nobis

181 691 260 725 sunt,
268 697 326 718 non
334 687 404 718 sinit
413 692 542 718 mentem
553 688 588 718 ad
597 688 704 718 malum
718 687 999 728 impelli.Siquidem

180 732 263 770 galea
279 732 424 763 tutissime
439 737 534 763 servat
545 737 643 773 caput.
658 732 737 763 Alibi
762 741 879 773 quoque
898 732 998 770 ﬁdem,

181 786 262 816 spem
275 781 303 807 et
316 777 488 808 charitatem
498 777 613 807 caeteris
629 777 774 817 praeponit
789 777 954 815 virtutibus,
974 782 1003 808 et

180 831 259 852 nunc
276 823 327 852 has
342 821 453 852 habere
465 821 563 861 jubet.

201 865 311 897 V.9-13
328 866 481 903 Quoniam
487 875 545 896 non
555 865 856 897 constituitnosDeus
863 867 902 898 ad
908 868 998 905 iram,
1014 886 1031 910 Β

178 910 230 941 sed
236 911 276 941 ad
282 912 523 942 consecutionem
530 910 637 941 salutis
641 911 858 950 perDominum
864 917 997 942 nostrum

1083 910 1208 944 >ιποίησιν
1258 912 1401 951 σωτηρίας,

178 955 282 986 Jesum
292 955 457 991 Christum,
465 956 516 994 qui
523 957 660 986 mortuus
670 959 712 986 est
719 964 777 995 pro
789 955 886 993 nobis,
895 960 930 986 ut
940 957 1002 987 sive

177 999 792 1039 vigilemussivedormimnus,sempercum
799 1000 849 1030 illo
858 1002 1001 1032 vivamus.

179 1042 367 1084 Quapropter
385 1044 591 1075 adhortemini
605 1053 656 1075 vos
666 1047 781 1081 mutuo,
806 1048 833 1074 ct
847 1045 1001 1084 tediﬁcetis

176 1089 294 1128 singuli.
307 1088 444 1129 singulos
458 1089 535 1120 sicut
549 1093 577 1119 et
591 1088 704 1124 facitis.
718 1089 872 1129 Rogamus
897 1093 998 1120 autem

176 1141 237 1171 vos,
249 1135 371 1172 [rati-es,
389 1137 422 1164 ut
434 1134 608 1172 agnoscatis
619 1142 666 1164 eos
689 1134 742 1174 qui
764 1133 904 1165 laborant
918 1135 998 1165 inter

176 1186 227 1208 vos
237 1181 265 1209 et
277 1179 329 1218 qui
341 1182 476 1212 rvi-assunt
490 1177 570 1208 vobis
587 1181 618 1208 in
632 1178 771 1217 Domino,
785 1187 822 1208 ac
836 1178 996 1210 admonent

176 1230 238 1258 vos,
257 1227 284 1252 et
299 1223 475 1253 existimate
489 1221 558 1253 illos
573 1222 762 1253 vehementer
771 1231 863 1263 supra
874 1224 996 1254 modum

175 1274 237 1297 esse
250 1268 282 1297 in
297 1266 455 1304 charitate,
480 1270 606 1306 propter
631 1275 706 1307 opus
735 1266 869 1298 illorum.
888 1267 997 1298 Pacem

174 1310 279 1341 habete
295 1312 326 1342 in
344 1311 513 1350 vobis-ipsis.

215 1354 293 1391 Haec,
303 1355 409 1395 inquit,
423 1355 557 1385 habenba
570 1359 639 1386 sunt
654 1355 739 1386 nobis
752 1364 843 1386 arma.
857 1355 997 1392 Quando—

175 1398 296 1439 quidem
313 1409 410 1440 ueque
426 1399 505 1430 Deus
534 1399 686 1430 constituit
709 1407 806 1440 neque
821 1400 995 1439 designavit,

174 1453 272 1484 neque
289 1448 448 1484 propterea
461 1443 532 1474 fecit
547 1453 612 1480 nos,
640 1448 671 1474 ut
687 1443 761 1474 iram
778 1453 860 1475 suam
874 1445 995 1484 excipe-

172 1497 284 1526 remus,
301 1489 354 1519 sed
373 1492 401 1519 ut
416 1489 512 1520 salvos
528 1489 639 1519 faceret
662 1498 727 1519 nos.
746 1487 889 1525 Quoniam
906 1489 997 1529 igitur

1045 241 1118 270 Ἐπεὶ
1145 240 1258 273 ἀόπλους
1291 242 1370 281 εὑρὼν
1411 243 1425 270 6
1459 240 1591 277 διάϐολος,
1631 241 1781 279 ἐπηρεάζει,
1818 238 1866 267 κᾶν

1045 286 1159 323 μάλιστα
1179 286 1353 325 γρηγορῶμεν
1373 287 1417 314 καὶ
1446 285 1576 325 νέφωμεν.
1606 284 1716 323 Θώρακι
1745 283 1771 311 δέ
1800 294 1866 323 φησι

1045 331 1158 362 πίστεως
1185 331 1229 358 γαὶ
1255 330 1376 371 ἀγάπης,
1414 330 1457 358 διὰ
1494 331 1525 358 τὸ
1559 329 1664 368 στερῥὸν
1702 330 1787 357 αὖτῶν
1822 329 1867 356 καὶ

1045 373 1175 412 ἄτμητον.
1193 375 1321 408 Τοιαύτην
1334 376 1384 414 γὰρ
1399 375 1469 403 εἶναι
1485 373 1526 402 δεῖ
1547 374 1595 408 τὴν
1615 374 1702 401 πίστιν
1730 373 1773 400 καὶ
1794 372 1866 411 ἆγά-

1044 430 1109 452 πην.
1125 418 1270 459 Ἀπρόσιτα
1294 418 1321 447 δὲ
1335 423 1374 456 τῷ
1396 419 1492 450 ταύτας
1518 418 1608 459 ἔχοντι
1623 421 1669 446 τοῦ
1695 416 1816 445 διαϐόλου
1833 417 1867 444 τὰ

1043 463 1118 500 βέλη.
1147 475 1160 491 α
1187 463 1278 492 Ἐπίόκ
1305 465 1480 503 σωτηρίας.)
1500 459 1531 492 Ἠ
1561 463 1611 502 γὰρ
1632 462 1704 493 ἐλπὶς
1729 463 1778 494 τῆς
1808 472 1866 488 σω-

1042 509 1134 546 τηρίας
1171 508 1240 541 τάξει
1276 508 1479 549 περικεφαλαίας
1509 508 1538 535 τὸ
1574 508 1720 546 ἀναγκαῖον
1750 507 1803 534 τῶν
1838 506 1865 533 ἐν

1041 553 1120 590 ἡμῗν,
1150 553 1195 580 τὸν
1224 553 1282 582 νοῦν
1317 554 1364 581 οὒκ
1394 553 1424 589 ἐᾷ
1451 553 1655 592 περιτραπῆναι.
1689 551 1736 580 Καὶ
1761 552 1811 590 γὰρ
1848 551 1866 584 ἡ

1041 598 1241 639 περικεφαλαία,
1267 601 1297 628 τὸ
1323 600 1498 639 καιριώτατον
1533 599 1610 633 σώζει
1646 597 1696 630 τὴν
1731 596 1864 636 κεφαλήν.

1043 644 1091 670 Καὶ
1119 642 1240 683 ἀλλαχοῦ
1267 643 1294 671 δὲ
1318 644 1367 677 τὴν
1388 644 1474 672 πίστιν
1501 643 1544 670 καὶ
1572 642 1622 675 τὴν
1651 640 1741 670 ἐλπίδα
1756 641 1801 669 καὶ
1815 641 1866 674 τὴν

1041 686 1147 725 ἀγάπην
1161 687 1298 727 προτίθησι
1313 691 1365 716 τῶν
1379 688 1479 717 λοιπῶν
1502 687 1611 726 ἀρετῶν,
1633 688 1677 714 καὶ
1698 686 1741 713 νῦν
1768 686 1866 716 ταύτας

1042 733 1150 759 κτᾶσθαι
1165 731 1278 762 κελεύει.

1087 876 1098 893 ι
1126 870 1172 894 Οτι
1196 868 1243 896 οὒκ
1264 866 1335 894 ’ἔθετο
1347 867 1418 904 ἡμᾶς
1440 867 1454 894 6
1470 867 1534 896 Θεὸς
1563 866 1599 896 εἷς
1621 865 1713 904 ὀργὴν,
1737 862 1797 891 ἀλλ’
1827 865 1864 895 εἷς

1450 909 1492 938 διὰ
1546 913 1591 938 τοῦ
1645 909 1737 948 Κυρίου
1785 909 1864 945 ἡμῶν

1043 953 1131 987 Ἰησοῦ
1179 959 1301 994 Χριστοῦ,
1351 955 1396 984 τοῦ
1442 955 1616 986 ἀποθανόντος
1660 954 1724 993 ὑπὲρ
1772 954 1863 990 ἡμῶν,

1043 998 1088 1026 ’ἶνα
1123 999 1179 1028 εῗτε
1213 1004 1398 1039 γρηγορῶμεν,
1425 999 1480 1027 εἴτε
1509 998 1684 1036 καθεύδωμεν,
1721 998 1778 1036 ἅμα
1817 998 1865 1024 σὺν

1041 1043 1112 1080 αὒτῴ
1153 1045 1286 1081 ζήσωμεν.
1334 1046 1380 1072 Διὸ
1420 1043 1599 1083 παρακαλεῖτε
1635 1041 1778 1079 αλλήλους,
1819 1043 1864 1069 καὶ

1040 1085 1205 1125 οἰκοδομεῖτε
1240 1091 1280 1120 εἷς
1309 1090 1354 1116 τὸν
1383 1088 1428 1117 ἕνα
1448 1089 1534 1117 καθὼς
1563 1089 1606 1116 καὶ
1633 1094 1748 1116 ποιεῗτε.
1772 1087 1862 1125 Ἐρω-

1038 1134 1125 1169 τῶμεν
1166 1131 1193 1160 δὲ
1227 1134 1307 1170 ὑμᾶς,
1344 1132 1460 1173 ἀδελφοὶ,
1501 1132 1593 1160 εἰδέναι
1619 1134 1681 1164 τοὺς
1709 1132 1862 1162 κοπιῶντας

1038 1175 1064 1203 ἐν
1098 1176 1174 1216 ὑμῖν,
1210 1179 1253 1205 καὶ
1287 1177 1497 1217 προϊσταμένους
1533 1178 1606 1214 ὑμῶν
1634 1177 1660 1205 ἒν
1690 1176 1785 1215 Κυρίῳ.
1815 1177 1861 1203 καὶ

1038 1221 1218 1253 νουθετοῦντας
1257 1223 1335 1260 ὑμᾶς,
1383 1223 1427 1250 καὶ
1472 1223 1595 1260 ἡγεῖσθαι
1640 1221 1733 1252 αὖτοὺς
1773 1221 1861 1260 ὑπερ-

1038 1269 1193 1303 εκπερισσοῦ
1213 1266 1241 1294 ἐν
1262 1266 1352 1305 ἀγάπῃ
1368 1265 1410 1294 διὰ
1424 1267 1454 1294 τὸ
1470 1266 1545 1306 ἔργον
1560 1267 1655 1295 αὐτῶν.
1671 1265 1823 1305 Εἷρηνεύετε
1833 1265 1862 1293 ἐν

1039 1308 1155 1341 ἑαυτοῖς.
1175 1322 1188 1337 ι

1079 1357 1165 1382 Ταῦτα
1179 1353 1206 1382 δὲ
1221 1356 1300 1393 ἡμῖν,
1330 1356 1405 1395 φησὶ,
1434 1356 1545 1395 κρητέον
1572 1355 1606 1382 τὰ
1641 1354 1722 1385 ὅπλα.
1747 1353 1861 1387 Ἐπειδὴ

1037 1398 1080 1425 καὶ
1095 1399 1108 1425 ὁ
1124 1399 1188 1430 Οεὸς
1217 1399 1264 1426 οὐκ
1293 1398 1376 1438 ἔθετο1
1399 1398 1456 1427 οὐδὲ
1480 1399 1620 1439 ὰρώρισεν,
1650 1397 1708 1427 οὐδέ
1732 1397 1774 1425 ἐπὶ
1795 1398 1862 1425 τού-

1036 1452 1075 1478 τῳ
1103 1441 1237 1480 ἐποίησεν,
1254 1443 1300 1471 ἵνα
1327 1444 1376 1477 τῆς
1405 1444 1486 1483 ὀργῆς
1514 1443 1593 1471 αξιτοῦ
1617 1442 1754 1482 γενώμεθα
1775 1441 1863 1470 δεκτι-

1036 1486 1089 1522 κοὶ,
1126 1486 1184 1515 ἀλλ’
1211 1487 1258 1516 ’ἵνα
1279 1488 1353 1526 σώσῃ
1381 1489 1463 1525 ἡμᾶς.
1480 1487 1554 1516 Ἐπεὶ
1568 1487 1612 1516 οὗν
1633 1487 1736 1525 θέλημα
1748 1489 1815 1514 Θεοῦ
1829 1487 1862 1514 ’τὸ

172 1532 225 1564 Dei
243 1533 375 1564 voluntas
390 1538 435 1564 est
462 1537 495 1564 ut
522 1542 577 1564 nos
604 1533 677 1563 salvi
705 1534 809 1568 simus.
826 1534 890 1574 ipse
905 1523 993 1574 etiam

1083 1533 1161 1566 ζεσθαι
1175 1532 1258 1569 ἡμᾶς,
1284 1523 1361 1564 αὐτος
1387 1523 1430 1560 καὶ
1457 1534 1610 1572 συνεργήσει
1639 1523 1706 1571 πρὸς
1725 1532 1775 1565 τὴν
1805 1534 1861 1559 τῶν

173 1577 289 1617 adjuvat
306 1587 359 1609 nos
374 1578 410 1608 ad
440 1578 545 1608 horum
575 1587 725 1608 armorum
753 1578 992 1617 acquisitiouem.

174 1635 186 1652 (ι
204 1624 261 1654 Sed
277 1625 314 1655 ad
344 1622 585 1654 consecutionem
614 1622 717 1653 salutis
756 1635 767 1652 1
801 1622 859 1654 Sed
877 1623 990 1664 sibiispi

170 1668 326 1709 acquisivit
340 1678 405 1705 nos,
424 1672 453 1699 et
467 1667 555 1698 veluti
584 1667 619 1698 ad
645 1667 857 1708 possidendum
887 1672 991 1699 nactus

170 1716 216 1743 est
229 1713 297 1743 dato
314 1722 366 1753 pro
383 1712 468 1743 nobis
485 1712 591 1752 pretio,
607 1711 803 1752 nempeinter
815 1721 850 1742 ea
865 1721 931 1752 quae
941 1713 991 1743 ha-

170 1757 270 1795 bebat,
292 1757 523 1798 pretiosissima:
554 1756 728 1795 sanguinem
745 1756 824 1787 enim
840 1756 991 1796 Unigeniti

167 1802 433 1841 dediLCumigitur
441 1801 723 1841 habeamus,inquit,
733 1807 937 1840 argumentum
947 1801 975 1832 di

167 1846 302 1878 lectionis
310 1848 375 1884 Dei,
386 1847 473 1877 ﬁdem
482 1846 644 1876 habeamus
651 1855 715 1886 quae
721 1845 755 1876 ad
764 1846 859 1886 ipsum
867 1850 927 1886 est:
940 1845 988 1876 di-

166 1892 324 1923 lectionem
331 1900 395 1932 quas
402 1896 431 1922 et
440 1890 474 1921 ad
482 1891 578 1930 ipsum
585 1895 626 1920 esl
635 1894 663 1920 et
672 1890 708 1920 ad
716 1890 891 1930 proximum:
904 1900 988 1931 spem

167 1935 254 1966 etiam
269 1937 374 1967 bonam
387 1935 464 1976 quod
477 1935 573 1965 salvos
592 1933 678 1964 l'aciet
690 1934 768 1974 quod
779 1934 815 1965 ad
828 1935 986 1974 possiden-

166 1980 236 2011 dum
253 1980 418 2022 acquisivit.
440 1991 451 2008 ι
470 1979 508 2011 Ut
533 1979 595 2009 sive
624 1979 788 2018 vigilemus.
823 1991 834 2008 ν
862 1978 894 2010 In
911 1980 989 2011 hunc

165 2029 264 2057 autem
273 2025 361 2056 ﬁnem
372 2034 424 2065 pro
432 2023 517 2055 nobis
527 2028 660 2054 mortuus
669 2027 712 2054 est
723 2023 868 2061 Christus,
881 2023 987 2064 inquit,

165 2074 197 2100 ut
206 2070 267 2100 sive
277 2069 442 2109 vigilemus,
456 2069 484 2099 id
496 2073 552 2106 est,
565 2068 705 2105 vivamus,
720 2068 782 2098 sive
793 2068 988 2107 dormiamus,

164 2115 194 2146 id
208 2118 263 2152 est,
276 2114 528 2151 moriamur(nam
543 2113 600 2144 alio
613 2113 702 2143 modo
726 2113 835 2153 accipit
851 2113 900 2144 hic
915 2113 986 2144 dor-

165 2159 240 2190 mire
255 2168 344 2199 quam
361 2158 390 2189 in
407 2157 623 2198 superioribus)
634 2166 754 2198 semper
765 2166 831 2188 cum
844 2157 894 2188 illo
910 2158 986 2189 viva-

163 2213 241 2235 mus.
258 2203 312 2240 Qui
337 2203 415 2234 enim
438 2203 517 2234 dicta
531 2211 613 2233 arma
629 2202 793 2242 possident,
811 2202 898 2233 simul
917 2213 984 2234 cum

163 2248 280 2280 Christo
296 2247 393 2279 vivent
407 2257 441 2278 ac
456 2247 623 2287 regnabunt
663 2247 730 2276 [80
757 2258 768 2274 ι
802 2246 986 2288 Quapropter

161 2292 361 2324 adhortemini
374 2301 424 2323 vos
440 2295 553 2323 mutuo.
577 2303 588 2320 η
608 2290 762 2332 Siquidem
779 2291 828 2331 qui
844 2300 898 2322 nos
913 2301 983 2331 pos-

160 2341 229 2369 sunt
245 2341 444 2377 praeceptores
468 2336 601 2375 singulos
628 2336 801 2373 admonere,
826 2336 983 2366 committit

159 2381 243 2422 ipsis,
261 2386 292 2412 ut
306 2391 339 2412 se
354 2386 460 2412 mutuo
476 2381 671 2412 ethrtentur
687 2384 716 2411 et
730 2379 865 2410 doceant.
894 2391 906 2408 α
925 2381 979 2412 Ro-

159 2435 262 2467 gamus
275 2430 374 2457 autem
391 2435 454 2466 vos,
474 2437 485 2454 »
504 2425 569 2456 sive
585 2425 786 2456 exhortamur.
806 2435 817 2451 τι
836 2424 873 2456 Ut
887 2434 982 2465 agno-

160 2471 248 2502 scatis
277 2479 329 2501 eos
358 2470 409 2510 qui
437 2469 583 2501 laborant.
617 2481 628 2498 ν
663 2469 777 2499 Deinde
806 2479 843 2499 ne
875 2469 981 2500 existi-

159 2519 239 2547 ment
253 2515 331 2556 quod
349 2519 548 2555 praeceptores
561 2514 695 2554 ipsorum
710 2513 870 2545 removerit
895 2523 929 2545 ex
945 2524 980 2545 eo

157 2561 235 2602 quod
252 2560 325 2600 ipsis
337 2559 520 2590 commiserit
536 2563 668 2589 mutuam
687 2558 934 2598 gubernationem
950 2564 980 2590 et

156 2604 409 2641 adhortationem,
437 2603 570 2644 protinus
601 2603 784 2634 mentionem
813 2603 883 2635 fecit
907 2613 979 2644 pm-

155 2653 309 2690 ceptorum
335 2649 478 2690 ipsorum.
513 2660 524 2676 «
555 2648 591 2679 Et
619 2648 669 2689 qui
693 2652 825 2688 prmsunt
850 2648 944 2679 vobis.
964 2661 975 2678 ο

155 2694 227 2726 Nam
243 2695 268 2725 si
284 2693 352 2725 illos
367 2694 418 2734 qui
433 2694 510 2734 apud
533 2693 671 2724 homines
683 2697 818 2734 potentes
835 2697 977 2733 praesunt,

154 2738 235 2770 omni
250 2738 408 2779 dignamur
422 2742 548 2779 honore,
564 2738 655 2769 multo
669 2738 762 2777 magis
786 2741 903 2778 oportet
929 2747 979 2770 sa-

153 2782 243 2816 cerdo
249 2787 293 2815 tes
301 2783 333 2815 in
340 2783 454 2816 honore
465 2783 576 2815 habere
588 2782 639 2825 qui
647 2782 724 2825 apud
736 2783 829 2814 Deum
837 2787 976 2824 praesunt,

1035 1574 1125 1604 ὅπλων
1140 1577 1238 1605 τούτων
1256 1580 1359 1611 κτῆσιν,
1381 1588 1392 1605 ι
1425 1576 1499 1606 Ἀλλ’
1515 1578 1551 1609 εἷς
1573 1577 1740 1617 περιποίησιν
1762 1587 1860 1610 σωτη-

1034 1620 1100 1658 ρίας.
1129 1632 1143 1648 ι
1169 1620 1243 1649 Ἀλλ’
1264 1622 1361 1660 ἑαυτῷ,
1384 1623 1457 1662 φησὶ,
1491 1622 1682 1661 περιεποιήσατο
1705 1622 1790 1658 ἡμᾶς,
1815 1622 1860 1649 καὶ

1033 1668 1092 1694 οἷον
1120 1666 1249 1701 ἐκτήσατο
1276 1667 1359 1706 ἡμᾶς,
1400 1665 1458 1698 δοὺς
1497 1667 1561 1706 ὑπὲρ
1589 1667 1667 1704 ἡμῶν
1695 1666 1788 1705 τιμήν,
1821 1666 1860 1692 ὧν

1032 1711 1096 1750 εἶχε
1120 1711 1150 1739 τὸ
1178 1711 1337 1749 τιμιώτατον
1352 1721 1361 1730 ο
1392 1713 1423 1739 τὸ
1448 1711 1498 1750 γὰρ
1526 1713 1595 1748 αἷμα
1615 1715 1662 1739 τοῦ
1691 1713 1859 1748 Μονογενοῦς

1032 1754 1153 1786 δέδωκεν,
1186 1760 1302 1796 Εχοντες
1334 1756 1390 1792 οὖν,
1414 1757 1491 1796 φησὶ,
1513 1756 1563 1788 τῆς
1585 1755 1692 1794 ἀγάπης
1721 1766 1767 1782 του
1789 1759 1859 1785 Θεοῦ

1031 1802 1076 1828 τὸν
1095 1799 1219 1840 ἔλεγχον,
1248 1801 1334 1829 πίστιν
1363 1800 1470 1839 ἔχοιμεν
1492 1801 1541 1835 τήν
1562 1801 1599 1832 εἰς
1628 1801 1704 1828 αὐτὸν
1733 1799 1856 1838 ἀγάπην,

1031 1845 1081 1879 τήν
1101 1855 1130 1873 τε
1146 1846 1181 1876 εἰς
1208 1846 1284 1874 αὑτὸν
1309 1846 1352 1873 καὶ
1380 1847 1424 1873 τὸν
1453 1845 1577 1881 πλησίον,
1609 1843 1700 1873 ἐλπίδα
1729 1845 1858 1884 χρηστὴν

1032 1888 1071 1917 ὅτι
1087 1889 1166 1917 σώσει
1194 1891 1238 1921 οὒς
1267 1889 1408 1924 ἐκτήσατο.
1435 1901 1448 1917 α
1480 1884 1543 1918 υἱνα
1558 1888 1614 1917 εἴτε
1629 1892 1820 1929 γρηγορῶμεν,
1841 1901 1855 1916 ι

1032 1935 1081 1962 Διὰ
1096 1939 1184 1974 τοῦτο,
1207 1933 1244 1970 δὲ,
1275 1935 1364 1974 φησὶν,
1393 1934 1457 1973 ὑπὲρ
1485 1934 1562 1971 ἡμῶν
1597 1933 1724 1962 ἀπέθανεν
1747 1935 1761 1961 6
1786 1937 1856 1972 Χρι-

1030 1980 1101 2014 στὸς,
1139 1979 1184 2007 ἵνα
1211 1981 1396 2018 γρηγορῶμεν,
1432 1978 1561 2018 τουτέστι,
1589 1981 1688 2018 ζῶμεν,
1710 1976 1766 2005 εἴτε
1790 1981 1857 2007 καθ-

1030 2023 1154 2061 εύδωμεν,
1185 2023 1315 2061 τουτέστι,
1351 2022 1407 2051 εἴτε
1442 2023 1628 2062 ἀποθάνωμεν,
1671 2021 1767 2054 ιᾶἱλλως
1804 2023 1856 2062 γὰρ

1029 2066 1079 2095 ὧδε
1106 2069 1136 2096 τὸ
1161 2067 1291 2096 καθεύδειν
1326 2068 1370 2096 καὶ
1396 2069 1446 2107 οὺχ
1475 2069 1512 2099 ὡς
1536 2067 1591 2095 ὂὶνω
1620 2065 1765 2106 ἐξέλαϐεν,)
1797 2068 1855 2104 ἅμα

1030 2113 1075 2140 σὺν
1097 2114 1168 2150 αὐτῷ
1195 2114 1330 2150 ζήσωμεν.
1348 2113 1377 2141 Οἱ
1399 2113 1448 2152 γὰρ
1470 2113 1502 2140 τὰ
1531 2112 1656 2151 εἰρημένα
1684 2111 1754 2140 ὅπλα
1779 2123 1854 2146 κτη-

1029 2157 1148 2194 σάμενοι,
1171 2158 1310 2192 συζήσουσι
1331 2158 1374 2185 καὶ
1395 2155 1630 2194 συμϐασιλεύσουσι
1656 2160 1695 2194 τῷ
1731 2158 1852 2196 Χριστῷ,

1030 2213 1044 2228 ιι
1082 2202 1128 2230 Διὸ
1156 2200 1335 2241 παρακαλεῖτε
1359 2200 1502 2236 ἀλλήλους.
1541 2213 1555 2229 ι
1586 2200 1695 2235 Ἐπειδὴ
1717 2201 1767 2240 γὰρ
1805 2202 1853 2230 οιῖικ

1027 2246 1162 2286 ἰσχύουσιν
1187 2248 1210 2274 οἱ
1238 2245 1386 2274 διδάσκαλοι
1409 2247 1474 2285 πρὸς
1502 2246 1550 2280 τὴν
1577 2249 1629 2274 τῶν
1645 2246 1768 2274 ἁπάντων
1785 2257 1852 2274 νου-

1026 2291 1122 2328 θεσίαν,
1158 2291 1202 2319 καὶ
1248 2291 1352 2324 ἑαυτοῖς
1386 2292 1416 2319 τὸ
1451 2297 1592 2330 παραῒνεῐν
1634 2291 1678 2318 καὶ
1718 2289 1852 2318 διδάσκειν

1027 2334 1119 2366 αὖτοὺς
1134 2335 1279 2375 ἐπιτρέπει,
1297 2347 1311 2363 α
1329 2335 1486 2373 Ἐρωτῶμεν
1508 2334 1535 2363 δὲ
1550 2336 1628 2373 ὑμᾶς,
1660 2346 1674 2362 ν
1705 2336 1764 2363 οἷον
1793 2346 1851 2363 πα-

1027 2379 1202 2419 ρακαλοῦμεν.
1222 2391 1237 2408 α
1253 2380 1352 2408 Εἱόἐναι
1380 2381 1440 2412 τοὺς
1470 2381 1631 2412 κοπιῶντας,
1663 2391 1677 2406 ιι
1709 2379 1777 2408 Εἶτα
1802 2379 1851 2408 ἳνα

1024 2425 1064 2461 μὴ
1093 2425 1234 2462 νομίσωσιν
1262 2425 1482 2458 ὰποκεκινηκέναι
1512 2425 1597 2454 αὐτῶν
1632 2424 1693 2456 τοὺς
1720 2422 1849 2452 διδασκά-

1023 2468 1083 2500 λους
1105 2468 1147 2497 διὰ
1174 2474 1220 2499 τοῦ
1248 2469 1386 2509 ἐπιτρέψαι
1415 2471 1506 2500 αὐτοῖς
1525 2469 1576 2503 τὴν
1597 2468 1722 2503 ἀλλήλων
1740 2468 1848 2496 οἰκοδο-

1022 2514 1076 2551 μὴν
1091 2515 1134 2542 καὶ
1161 2513 1339 2554 παράκλησιν,
1365 2513 1458 2545 εὗθὲως
1488 2517 1540 2542 τῶν
1569 2512 1731 2542 διδασκάλων
1760 2514 1848 2542 αὕτῶν

1022 2559 1131 2596 μνήμην
1166 2559 1321 2594 ἐποιήσατο.
1337 2570 1351 2586 α
1370 2560 1418 2587 Καὶ
1446 2558 1656 2598 προισταμένους
1681 2559 1765 2595 ὑμῶν.
1786 2568 1799 2586 υ
1818 2559 1847 2587 Εἰ

1021 2603 1070 2642 γὰρ
1108 2604 1166 2635 τοὺς
1200 2603 1243 2631 ἐπὶ
1284 2603 1426 2642 ἀνθρώπων
1467 2603 1581 2631 δυνατῶν
1618 2602 1847 2642 προοῖσταμένους

1020 2648 1108 2681 πάσης
1143 2647 1262 2685 ἀξιοῦμεν
1298 2649 1392 2687 τιμῆς,
1432 2647 1524 2685 πολλῷ
1567 2647 1668 2686 μᾶλλον
1699 2646 1741 2675 δεῖ
1783 2648 1848 2679 τοὺς

1019 2692 1115 2732 ἱερέας,
1145 2693 1171 2720 οἳ
1188 2693 1253 2732 πρὸς
1268 2693 1312 2721 τὸν
1338 2694 1401 2721 Θεὸν
1426 2694 1610 2732 προΐστανται.
1641 2687 1724 2721 ’Ὅθεν
1738 2693 1819 2732 φησίν
1837 2700 1844 2707 “

1024 2746 1037 2765 (
1068 2736 1114 2765 Ἐν
1144 2737 1239 2777 Κυρίῳ,
1259 2749 1272 2765 ι
1302 2737 1431 2777 τουτέστι,
1460 2738 1527 2765 κατὰ
1557 2738 1650 2777 Κύριον
1675 2737 1846 2776 προϊσταμέ-

1021 2793 1091 2820 νους,
1121 2781 1201 2822 ἤγουν
1231 2781 1272 2810 ἐπὶ
1298 2787 1343 2811 τοῦ
1370 2782 1460 2822 Κυρίου
1496 2782 1716 2822 προϊσταμένους.
1750 2792 1762 2810 ι
1795 2783 1845 2810 Καὶ
