1947 3079
190 124 243 156 147

753 127 956 159 (ECUMENII
978 127 1125 159 TRICC/E
1146 128 1312 160 EPISCOPI

1815 124 1874 158 148

189 200 322 231 pugnans
330 192 470 224 omnibus
477 193 574 224 modis
583 193 724 224 adversus
732 192 901 233 spirituales
909 191 1011 223 inimi-

1085 199 1111 224 ’ῐς
1126 194 1234 233 ἒχθροτς
1251 193 1385 231 πολεμῶν.
1415 207 1428 222 σ
1455 194 1498 222 Ἐν
1521 195 1625 225 αὑταῖς.
1645 205 1657 222 ι
1684 198 1749 224 Ταῖς
1765 203 1872 231 προφη-

189 245 250 266 cos.
271 248 280 264 ι
299 235 332 267 In
348 236 403 268 eis.
425 250 438 265 ι
469 237 637 278 Propbeliis
651 237 787 268 videlicet
804 248 810 266 :
828 246 897 268 num
911 236 969 267 illae
985 239 1013 266 te

189 279 353 320 elegerunt.
371 280 497 322 Propter
507 291 580 322 quas
594 291 663 321 ergo
676 285 832 321 susceptus
843 285 871 312 et
882 290 898 312 a
907 281 1013 321 quibus

189 324 303 356 electus
319 334 362 363 es,
381 325 411 356 in
428 325 500 366 ipsis
516 330 545 356 et
559 335 612 366 per
625 326 706 366 ipsas
722 326 827 363 milita,
845 325 873 356 id
891 329 945 363 est,
962 333 1014 365 per

189 369 286 410 ipsum
300 369 443 409 Spiritum
461 379 513 410 per
528 379 616 410 quem
629 373 733 401 suntet
743 369 916 410 prophetiae.
931 382 945 397 α
956 371 1013 401 Βο-

191 424 259 446 nam
277 415 425 446 militiam.
455 428 467 442 ιο
485 417 535 447 Est
550 415 629 446 enim
650 420 678 446 et
696 416 771 446 mala
787 415 891 446 militia
905 415 942 446 de
956 423 1013 455 qua

192 459 280 490 dicit'
297 470 308 486 ι
324 458 505 490 Exhibuistis
517 459 651 490 membra
662 459 1014 491 vestraarmaimmuudi-

192 503 239 534 tim
254 507 282 534 et
297 502 444 543 iniquitati
457 503 493 536 4‘.
510 516 521 532 η
535 522 574 526 -
590 516 601 533 ιι
622 503 739 535 Habens
750 504 850 535 ﬁdem.
868 517 879 533 η
891 503 1013 544 Oportet

191 547 270 579 enim
281 548 452 587 magistrum
463 549 508 579 sui
519 548 646 589 primum
658 558 724 580 esse
731 549 894 580 doctorem.
908 549 1011 579 Fidem

190 595 288 623 autem
304 592 375 623 dicit
389 602 454 633 quae
469 597 512 624 est
527 593 606 624 circa
615 593 753 634 dogmata
771 604 777 622 ε
799 593 1010 624 conscientiam

190 645 260 667 vero
275 646 342 677 qua:
356 637 434 668 circa
442 638 695 668 conversationem
707 642 762 669 est.
782 649 793 666 ι
807 637 899 674 Quam
910 637 1010 678 repel-

190 681 285 713 lentes
293 682 462 714 nonnulli.»
473 683 580 719 Quam,
591 682 697 723 inquit.
713 682 937 720 conscientiam,
946 691 1011 722 quae

190 729 236 757 est
250 726 287 757 (le
301 729 383 758 reete
397 726 533 758 vivendo.
549 726 606 758 Ubi
618 727 696 758 enim
709 727 775 767 quis
791 726 883 767 probe
894 726 1009 764 vixerit,

190 770 278 802 etiam
296 770 374 802 circa
386 771 473 803 ﬁdem
487 771 669 810 naufragium
680 771 760 803 facit.
777 773 845 802 217
858 771 1009 812 Siquidem

189 824 227 846 ne
243 819 358 846 terrore
371 815 537 853 futurorum
553 817 732 853 crucientur,
751 826 803 847 suo
823 816 924 847 animo
940 824 1008 856 per-

189 859 314 892 suadere
329 860 462 891 nituntur
477 860 631 891 mendacia
652 870 719 891 esse
735 870 919 901 quaecunque
935 859 1012 900 apud

190 914 244 935 nos
254 904 292 936 de
305 905 525 936 resurrectione
535 914 569 936 ac
577 905 692 945 judicio
704 905 852 937 dicuntur.
866 917 878 935 ‹
892 904 1015 937 Tradidi

189 951 303 982 Satanae
324 953 356 980 ut
379 949 504 980 discant.
522 962 535 977 ιι
566 950 639 982 Cum
665 949 786 981 Satanas
808 950 938 990 seipsum
955 958 1015 980 non

189 994 325 1031 instruat,
342 994 490 1035 quomodo
505 994 571 1025 aliis
586 994 693 1026 bonam
708 995 811 1026 aﬂ'eret
824 995 990 1026 doctrinam
1002 995 1016 1024 ?

189 1039 223 1070 Et
238 1039 364 1070 dicimus
375 1039 453 1080 quod
470 1039 677 1070 sicutlictores
689 1039 856 1070 innumeris
870 1039 948 1080 pleni
958 1047 1015 1069 ma-

188 1083 225 1115 lis
251 1083 325 1115 alios
339 1085 493 1123 castigant,
511 1087 540 1114 et
554 1083 706 1115 instruunt.
721 1088 754 1115 ut
770 1084 903 1115 modeste
919 1093 951 1114 se
966 1092 1015 1122 ge-

188 1132 265 1166 rant,
283 1127 366 1159 itaet
383 1127 515 1159 Satanas.
547 1128 669 1164 Quando
698 1129 778 1160 enim
807 1128 874 1169 quis
898 1129 1014 1159 Satanae

188 1173 322 1210 traditur,
341 1172 376 1204 ab
406 1173 531 1203 aliorum
563 1174 832 1204 communicatione
848 1178 1012 1213 separatur.

188 1217 336 1257 Deinceps
352 1227 421 1257 ergo
437 1217 552 1248 daemon
568 1221 723 1258 acceptum
747 1218 897 1249 hominem
914 1217 1013 1248 divino

188 1262 330 1293 nudatum
354 1262 463 1293 auxilio
486 1262 610 1302 castigat
637 1268 665 1293 et
680 1263 778 1293 erudit
795 1273 802 1293 :
819 1266 848 1293 et
864 1263 919 1292 hoc
935 1261 1015 1292 cedit

187 1306 244 1348 ipsi
259 1307 295 1338 ad
311 1307 500 1338 modestiam.
518 1306 614 1343 Quare
629 1312 728 1338 autem
745 1307 861 1338 Satanae
874 1307 961 1337 tradit
974 1307 1011 1344 4⁵,

189 1355 218 1382 et
233 1360 292 1382 non
306 1351 370 1392 ipse
385 1351 507 1390 castigat
536 1354 566 1382 et
590 1351 714 1382 erudit?
729 1351 767 1383 Ut
782 1352 919 1382 ostendat
935 1351 1013 1392 quod

188 1395 277 1427 etiam
289 1395 431 1436 possibile
441 1396 479 1426 sit
490 1395 604 1427 Satanae
616 1396 786 1435 imperare:
801 1400 829 1427 et
840 1400 934 1426 utuna
945 1405 1010 1426 cum

187 1440 332 1480 supplicio
347 1441 443 1472 ferant
458 1441 546 1471 etiam
562 1441 788 1478 contumeliam,
811 1450 918 1481 nempe
933 1440 1012 1481 quod

187 1486 317 1517 aSatana
324 1485 496 1526 puniantur.
505 1485 657 1526 Siquidem
669 1485 839 1516 incredulos
851 1485 1013 1526 puniebant

1054 236 1147 276 τείαις,
1164 237 1241 277 φησίν
1265 245 1272 252 ·
1304 238 1403 266 ἐκεῖναι
1426 240 1475 277 γὰρ
1505 238 1609 266 ε’ἶλοντό
1638 248 1678 268 σε,
1718 236 1756 264 Δι’
1783 236 1812 267 ἃς
1829 236 1872 262 0'3:

1054 281 1162 320 ᾑρέθης,
1178 283 1222 310 καὶ
1244 282 1270 315 ἐξ
1291 284 1328 310 ὧν
1355 283 1495 322 ἐπελέγι,ς,
1519 283 1545 311 ἐν
1574 283 1667 314 αὐταῖς
1696 283 1739 309 καὶ
1766 279 1799 308 δι’
1822 280 1872 307 αὒ-

1055 330 1108 354 τὼν
1120 328 1278 366 στρατεύων,
1296 326 1337 356 διὰ
1365 333 1411 358 τοῦ
1439 330 1517 357 αὒτοῦ
1540 327 1702 366 Πνεύματος,
1731 325 1763 372 δι’
1787 326 1817 353 οὗ
1831 325 1876 351 καὶ

1056 373 1081 399 αἱ
1107 380 1278 411 προφητεῖαι.
1318 385 1331 400 α
1349 374 1403 407 Τὴν
1431 373 1516 407 καλὴν
1547 374 1693 412 στρατείαν.
1715 384 1726 400 n
1755 375 1799 400 Ενι
1824 371 1874 408 γὰρ

1055 417 1098 445 καὶ
1112 417 1182 450 κακὴ
1210 418 1341 457 στρατεία,
1371 419 1429 457 περὶ
1454 419 1488 451 ἧς
1516 429 1595 457 φησιν
1613 427 1621 434 θ
1646 427 1661 446 (
1677 412 1786 455 υΩστιερ
1801 425 1874 452 παρ-

1055 462 1183 496 εστήσατε
1211 463 1244 491 τὰ
1273 462 1342 499 μέλη
1371 464 1444 500 ὑμῶν
1466 462 1536 490 ὅπλα
1563 465 1597 500 τῇ
1626 462 1738 501 ἁμαρτίᾳ
1765 460 1809 488 καὶ
1842 461 1876 495 τῇ

1054 505 1207 546 ἀκαθαρσίᾳ,
1227 519 1240 534 ι›
1259 523 1296 529 -
1317 519 1330 534 ex
1348 502 1448 547 ιἘχων
1478 507 1575 537 πίστιν.
1594 518 1605 535 ι
1638 507 1688 535 Τὸν
1716 506 1765 543 γὰρ
1800 502 1875 530 διδά-

1054 550 1151 579 σκαλον
1176 552 1244 591 χρὴ,
1276 552 1368 581 ἑαυτοῦ
1395 552 1506 591 πρῶτων
1541 552 1611 579 εἶναι
1639 549 1806 579 διδάσκαλον,
1825 548 1875 575 1Ιὲ-

1052 606 1109 625 οτιν
1129 595 1156 623 δέ
1184 607 1248 635 φησι
1276 597 1324 629 τὴν
1352 597 1463 636 περὶτὰ
1496 595 1627 635 δόγματα,
1657 593 1801 626 συνείδησιν
1835 591 1857 618 δί

1052 641 1101 674 τὴν
1121 641 1178 680 περὶ
1200 643 1250 673 τῆς
1275 640 1419 673 πολιτείας,
1446 652 1459 668 ι
1484 635 1540 669 ’Ἠν
1561 651 1630 672 τινες
1654 639 1838 676 ἀπωσάμενοι.
1859 648 1872 662 ιι

1054 680 1110 713 υΗν
1132 696 1201 724 τινα,
1216 686 1291 725 φησὶ,
1314 684 1458 718 συνείδησιν
1481 686 1530 718 τὴν
1561 684 1620 723 περὶ
1645 684 1675 711 τὸ
1703 683 1785 722 ὀρθῶς
1801 681 1875 718 βιοῦν

1054 725 1140 759 ¹’οταν
1169 730 1218 768 γάρ
1245 741 1284 762 τις
1321 729 1451 767 άδοκίμως
1481 731 1525 768 ζῇ,
1555 730 1599 757 καὶ
1626 729 1684 767 περὶ
1712 727 1760 760 τὴν
1789 727 1878 753 πίστι-ι

1052 782 1173 814 ναυαγεῖ.
1192 771 1253 804 Πινα
1268 775 1317 814 γὰρ
1332 775 1370 811 μὴ
1396 778 1435 811 τῷ
1456 773 1529 814 φόϐῳ
1555 777 1609 801 τῶι
1624 772 1774 811 μελλόντων
1789 771 1876 809 βασα-

1054 821 1177 859 νίζονται,
1220 818 1390 854 σπουδάζουσι
1426 820 1522 846 πε’θειν
1570 819 1618 852 τὴν
1654 818 1752 845 ἑαυτῶν
1781 816 1876 855 ψυχὴν

1055 864 1192 902 δτιψευδῆ
1220 865 1305 892 πάντα
1333 864 1365 891 τά
1393 862 1454 902 παρ’
1483 862 1550 901 ἧμῖν
1565 863 1597 890 τά
1611 873 1639 890 τε
1670 863 1728 901 περὶ
1763 860 1877 888 ἀναστά-

1056 919 1122 940 σεως
1156 909 1201 937 καὶ
1227 909 1349 947 κρίσεως.
1388 919 1401 934 α
1432 907 1569 947 Παράδοκα
1610 911 1647 944 τῷ
1677 908 1793 942 Σατανᾷ,
1832 905 1878 931 ’ἶνα

1056 952 1224 984 παιδευθῶσι,
1243 965 1256 980 ι
1276 948 1305 981 Ὀ
1328 952 1419 980 ἑαυτὸν
1445 952 1484 988 μή
1519 951 1647 979 παιδεύων
1663 953 1794 986 Σατανᾶς,
1819 960 1876 979 tu;

1056 1004 1112 1028 τοῖς
1129 997 1219 1028 ἄλλοις
1247 997 1345 1036 γίνεται
1370 999 1492 1035 χρηστῆς
1520 995 1637 1026 παιδείας
1657 994 1803 1034 πρόξενοςς
1830 994 1878 1022 Καί

1056 1053 1153 1082 φαμεν,
1183 1042 1272 1080 ὣσπερ
1307 1043 1331 1070 οἱ
1355 1040 1444 1078 δήμιοι
1485 1041 1582 1080 μυρίων
1611 1040 1738 1079 γέμοντες
1773 1042 1876 1073 κακών,

1055 1087 1116 1120 τοὺς
1129 1086 1222 1119 ἄλλους
1247 1093 1393 1126 σωφρονεῖν
1417 1083 1594 1124 παιδεύουσιν,
1616 1085 1698 1116 οὕτως
1729 1084 1774 1112 καὶ
1788 1084 1803 1111 ὁ
1820 1086 1876 1110 Σα-

1055 1135 1145 1164 τανᾶς.
1162 1130 1307 1172 Παράδοσις
1335 1131 1384 1170 γὰρ
1412 1130 1473 1158 ὅταν
1502 1130 1610 1169 γένηται
1637 1133 1676 1166 τῷ
1703 1131 1821 1164 Σατανᾷ,
1846 1126 1878 1154 δι’

1055 1177 1201 1216 ἀφορισμοῦ
1233 1179 1282 1210 τῆς
1304 1176 1442 1206 κοινωνίας
1484 1176 1594 1214 γίνεται,
1631 1175 1730 1202 Λοιπὸν
1758 1171 1878 1212 παραλα-

1055 1219 1108 1249 ϐὼν
1130 1222 1144 1249 ὸ
1159 1221 1258 1259 δαίμων
1273 1222 1370 1260 γυμνὸν
1405 1223 1454 1254 τῆς
1477 1225 1523 1250 τοῦ
1547 1224 1612 1249 Θεοῦ
1635 1219 1756 1258 βοηθεία)
1772 1219 1818 1246 τὸν
1833 1217 1876 1245 ἄν·

1054 1268 1168 1305 θρωπον,
1182 1264 1309 1297 παιδεύει.
1336 1267 1385 1295 Καὶ
1414 1269 1490 1294 τοῦτο
1517 1266 1616 1304 γίνεται
1652 1264 1722 1299 αὒτῷ
1743 1263 1810 1300 πρὸς
1827 1274 1878 1291 σω-

1055 1310 1210 1350 φρονισμόν,
1236 1311 1284 1339 Διὰ
1298 1310 1362 1339 τίδὲ
1387 1312 1426 1348 τῷ
1449 1313 1554 1346 Σατανᾷ
1575 1308 1746 1349 παραδίδωσι,
1769 1308 1814 1336 καὶ
1839 1308 1875 1345 μὴ

1063 1349 1082 1366 ⁷ὀ
1199 1354 1210 1364 n
1231 1355 1236 1365 ι
1299 1349 1317 1360 ε’
1398 1354 1410 1364 α
1435 1355 1444 1365 ν
1480 1354 1492 1364 οι
1578 1355 1585 1363 \
1643 1357 1654 1362 -
1779 1355 1791 1360 ν
1824 1353 1831 1362 ν

1055 1356 1132 1388 αυτὸς
1148 1365 1280 1395 παιοευιι,
1318 1360 1361 1384 [vat
1396 1356 1465 1393 οείςῃ
1479 1365 1519 1382 οτι
1543 1366 1588 1382 και
1622 1365 1660 1391 τῳ
1687 1357 1794 1388 Σατανᾳ
1823 1363 1865 1380 επι

1055 1399 1160 1428 τάσσειν
1188 1400 1249 1428 αἷόν
1270 1399 1298 1428 τέ
1328 1399 1395 1439 ἐστι,
1424 1400 1468 1428 καὶ
1496 1399 1542 1427 ἵνα
1572 1399 1639 1436 μετὰ
1666 1400 1715 1431 τῆς
1743 1396 1877 1428 κολάσεως

1053 1445 1097 1472 καὶ
1123 1442 1286 1483 ὑϐρίζωνται,
1328 1448 1373 1473 τοῦ
1416 1447 1520 1473 Σατανᾶ
1567 1442 1772 1482 τιμωρουμένου.
1815 1442 1878 1473 τοὺς

1055 1489 1103 1526 μὲν
1131 1489 1181 1528 γὰρ
1209 1488 1343 1526 ἀπίστους,
1366 1487 1400 1516 δι’
1434 1489 1533 1517 ἑαυτῶν
1562 1486 1685 1523 ἐκόλαζον
1708 1488 1731 1515 οἱ
1759 1485 1878 1514 ἀπόστο-

187 1539 241 1571 per
256 1523 372 1569 seipsos
391 1530 517 1570 apostoli
532 1523 814 1571 {quemadmodum
829 1523 894 1570 ipse
907 1530 1013 1561 Paulus

1085 1545 1108 1570 ηι,
1124 1533 1215 1573 ὥσπερ
1233 1534 1279 1561 τὸν
1308 1536 1454 1572 Βαριησοῠν
1483 1534 1497 1561 ὁ
1524 1533 1602 1563 αὐτὸς
1627 1530 1730 1562 Παῦλος
1759 1531 1804 1559 καὶ
1834 1531 1878 1558 τὸν

186 1575 340 1606 Bariesum
365 1574 415 1615 qui
441 1579 470 1606 et
484 1574 614 1615 Elymas,
633 1578 661 1606 et
676 1576 782 1606 Petrus
797 1575 941 1606 Ananiam
959 1584 967 1606 :
983 1578 1016 1605 ut

187 1619 380 1650 ostenderent
394 1619 472 1659 quod
500 1623 634 1659 potentes
650 1624 751 1650 essent
767 1631 774 1649 :
791 1619 866 1650 alios
881 1628 950 1650 vero
965 1616 1016 1660 qui

186 1663 222 1695 ab
238 1663 310 1704 ipsis
324 1663 445 1704 quidem
460 1663 570 1695 eruditi
583 1663 713 1702 fuerant,
726 1665 779 1696 sed
790 1663 905 1695 adversi
916 1668 1014 1704 erant,

186 1708 302 1740 Satanae
317 1709 483 1740 tradebant.
503 1721 515 1736 α
533 1709 601 1740 Non
616 1709 837 1750 blasphemare.
857 1722 869 1736 η
885 1709 921 1740 Hi
936 1708 1016 1739 enim

189 1753 360 1784 nationibus
375 1753 513 1784 humanis
522 1753 610 1785 ﬁdem
621 1753 847 1794 interpellantes
857 1757 1015 1784 c0nverte-

189 1797 298 1829 bantur
311 1797 347 1829 ad
365 1797 653 1838 blasphemandum:
672 1798 750 1838 quod
767 1808 847 1829 nunc
865 1797 1018 1838 patiuntur

189 1842 357 1874 Nestoriani
371 1851 406 1873 ac
418 1842 542 1883 reliquae
557 1843 698 1874 haereses.

505 1887 628 1920 CAPUT
643 1887 694 1919 IV.

191 1932 236 1964 De
247 1933 386 1964 oratione
401 1935 434 1964 ut
445 1941 502 1973 pro
518 1933 656 1964 omnibus
676 1932 742 1972 ﬁat,
769 1936 805 1963 ut
819 1932 929 1971 ubique
942 1941 1016 1972 pure

331 1977 399 2008 sine
410 1976 475 2008 ulla
489 1977 660 2009 turbatione
675 1981 704 2008 et
720 1977 870 2016 religiose.

232 2021 268 2062 ΙΙ,
277 2021 820 2062 l-4.Adhortorigiturutanteomnia
835 2021 1017 2061 ﬁantdepre-

1056 1576 1183 1618 Ἐλύμαν,
1206 1578 1249 1606 καὶ
1275 1579 1288 1606 ὁ
1311 1577 1408 1617 Πέτρος
1435 1578 1478 1606 τὸν
1508 1576 1627 1606 Ἀνανίαν
1650 1585 1658 1592 ·
1688 1576 1734 1604 ’ἕνα
1761 1574 1877 1608 δείξωσιν

1055 1622 1096 1651 ὅτι
1111 1621 1243 1652 δύνανται,
1267 1623 1332 1654 Τοὺς
1347 1622 1374 1650 δὲ
1400 1622 1502 1654 τούτοις
1533 1622 1581 1660 μὲν
1610 1621 1802 1659 μανθάνοντας,
1834 1620 1879 1648 ἐκ-

1056 1666 1202 1707 τραπέντας
1227 1667 1264 1704 δὲ,
1295 1671 1334 1704 τῷ
1363 1670 1467 1703 Σατανᾷ
1495 1665 1656 1706 παρεδίδουν.
1688 1677 1702 1693 ι
1720 1666 1763 1699 Μὴ
1791 1665 1878 1703 βλασ-

1058 1718 1170 1752 φημεῖν.
1198 1723 1209 1740 ι
1241 1713 1317 1739 Οὗτοι
1352 1712 1401 1750 γὰρ
1442 1710 1582 1750 λογισμοῖς
1618 1710 1787 1749 ἀνθρωπίνοις
1831 1710 1877 1742 τὴν

1058 1757 1144 1784 πίστιν
1172 1754 1376 1793 ὑποϐάλλοντες,
1412 1754 1590 1795 ἐξετράπησαν
1619 1756 1662 1783 καὶ
1694 1754 1877 1794 βλασφημεῖν,

1058 1800 1123 1840 ὅπερ
1152 1805 1194 1829 νῦν
1225 1802 1388 1841 Νεστοριανοῖ
1418 1801 1564 1840 πάσχουσι,
1598 1800 1641 1828 καὶ
1669 1800 1694 1827 σί
1723 1799 1815 1827 λοιπαὶ
1845 1801 1880 1827 αἱ·

1058 1856 1141 1878 ρεσεις
1148 1869 1154 1877 ,

1380 1896 1504 1923 ΚΕΦΑΛ.
1521 1888 1562 1921 A'.

1060 1951 1074 1967 ι
1092 1940 1152 1979 Περὶ
1169 1940 1264 1980 air/ﬁs,
1277 1940 1317 1969 ὅτι
1331 1941 1395 1980 ὑπὲρ
1409 1941 1527 1980 πάντων,
1553 1939 1592 1967 ὅτι
1608 1942 1745 1978 πανταχοῦ
1760 1938 1878 1972 ἀκάκωςγ

1298 1981 1404 2020 ἆταράχ
1405 1991 1453 2018 ως,
1471 1984 1573 2018 σεμνῶς
1579 2004 1585 2010 ,
1611 1991 1624 2006 ι

1103 2035 1117 2056 ι
1142 2025 1290 2065 Παρακαλῶ
1319 2026 1362 2054 οὖν
1385 2029 1487 2065 πρῶτον
1509 2025 1626 2061 πάντων,
1658 2025 1791 2052 ποιεῖσθαι
1823 2023 1880 2058 δεή-

1591 2069 1757 2108 εὺχαριστίας
1818 2069 1880 2107 ὑπὲρ

1177 2071 1339 2110 προσευχὰς,
1396 2069 1532 2108 ἐντεύξεις,

190 2068 348 2102 orationes,
365 2066 595 2105 obsecrationes,
612 2066 880 2112 intet'pclialiones,
897 2066 1015 2106 gratia-
1028 2097 1050 2112 η
1061 2082 1128 2112 σεις,

190 2120 259 2142 rum
266 2112 394 2143 actiones
398 2120 456 2152 pro
465 2112 602 2143 omnibus
612 2111 728 2142 homini
733 2112 796 2148 bus,
803 2121 858 2152 pro
866 2112 983 2152 regibus
989 2114 1017 2142 et

1085 2117 1167 2151 ήντων
1210 2115 1365 2155 άυθρώπων,
1407 2115 1471 2154 ὑπὲρ
1513 2113 1642 2152 βασιλέων
1691 2114 1734 2141 καὶ
1775 2113 1881 2141 πάντων

192 2155 330 2188 omnibus
337 2157 429 2197 quiin
436 2157 677 2187 eminentiasunt
690 2157 857 2188 constituti:
872 2160 907 2188 ut
915 2156 1018 2196 placi-

1085 2173 1110 2189 υν
1138 2160 1164 2188 ἓν
1196 2161 1316 2200 ὑπεροχῇ
1342 2159 1436 2196 ὄντων,
1473 2159 1519 2186 ’ίνα
1547 2159 1645 2197 ἤρεμον
1683 2158 1726 2185 καὶ
1767 2158 1880 2198 ἡσύχιον

191 2201 302 2232 damaa
310 2202 442 2241 quietam
452 2201 547 2232 vitam
562 2201 707 2242 degamus
724 2203 756 2232 in
772 2202 856 2232 omni
866 2202 1018 2241 pietateac

1085 2217 1114 2234 ον
1150 2205 1282 2244 διάγωμεν
1325 2204 1351 2232 ἐν
1388 2204 1462 2241 πάσῃ
1499 2202 1614 2239 εὖσεϐείᾳ
1651 2203 1695 2231 καὶ
1723 2203 1879 2239 σεμνότητι.

191 2245 359 2277 honestate.
369 2245 508 2278 Namhoe
525 2245 632 2276 bonum
647 2249 690 2277 est
706 2250 734 2276 et
751 2249 902 2286 acceptum
915 2254 1018 2276 corum

1085 2254 1142 2280 οὗτο
1156 2251 1206 2290 γὰρ
1217 2249 1298 2278 καλὸν
1317 2251 1359 2277 καὶ
1375 2248 1531 2286 ἀπόδεκτον,
1548 2248 1659 2276 ἐνώπιον
1684 2259 1730 2276 του
1755 2250 1879 2286 Σωτῆρος

191 2290 354 2322 Saluatore
364 2294 465 2322 nostra
476 2290 547 2327 Deo,
557 2291 610 2329 qui
617 2295 740 2322 cunctos
751 2290 951 2322 hominest'uil
960 2291 1018 2321 sal-

1085 2299 1136 2323 ιῶν
1165 2299 1242 2324 Θεοῦ.
1265 2295 1293 2327 ὃς
1315 2295 1414 2325 πάντας
1437 2293 1586 2333 ἀνθρώπους
1609 2291 1678 2320 θέλει
1693 2293 1823 2329 σωθῆναι,
1841 2294 1880 2320 καὶ

192 2345 243 2367 vos
256 2335 327 2375 ﬁeri
340 2339 367 2368 et
377 2336 418 2367 ad
432 2338 632 2376 cognitionem
648 2337 783 2367 veritatis
792 2338 906 2368 venire.

233 2380 303 2411 218
318 2381 349 2412 In
365 2380 552 2421 quotidiano,
573 2380 680 2420 inquit,
701 2380 780 2411 cultu
793 2381 848 2412 hoc
859 2386 927 2413 ante
942 2380 1019 2412 alio-

192 2435 257 2457 rum
281 2425 464 2456 mentionem
487 2424 535 2455 sit.
566 2436 577 2453 α
596 2424 632 2456 Ut
656 2425 726 2455 ﬁant
747 2425 982 2465 deprecationes.
1002 2439 1016 2455 ι

191 2470 369 2510 Deprecatio
393 2469 513 2510 quidem
538 2473 583 2500 est
597 2469 772 2510 supplicatio
788 2480 840 2510 pro
853 2473 1019 2504 remotione

194 2517 321 2548 tristium
338 2516 456 2548 oblata:
472 2516 638 2548 obsecratio
653 2526 722 2548 vero
740 2517 841 2557 petitio
859 2517 1017 2551 bonorum.

191 2561 496 2602 Interpellatioaulem
505 2565 549 2592 est
562 2561 597 2592 ad
607 2562 824 2592 accusationem
835 2563 1015 2594 nocentium.

1060 2341 1095 2372 είς
1111 2339 1249 2378 ἐπίγνωσιν
1271 2339 1392 2372 ἀληθείας
1408 2338 1506 2368 ἐλθεῖν.
1532 2350 1558 2367 is.

1102 2383 1146 2413 Ἐν
1160 2387 1194 2422 τῇ
1223 2385 1386 2423 καθημερινῇ
1415 2382 1531 2422 λατρεία,
1561 2386 1638 2410 τοῦτο
1674 2383 1724 2421 πρὸ
1752 2382 1800 2415 τῆς
1831 2383 1880 2409 τῶν

1061 2429 1148 2457 ἄλλων
1184 2430 1294 2466 μνήμης
1320 2428 1377 2467 εἴῃ,
1407 2428 1482 2468 ιρησί.
1523 2438 1535 2456 ι
1554 2429 1689 2455 Ποιεϊσθαι
1725 2425 1842 2461 δεήσεις.
1868 2439 1878 2451 η

1063 2474 1160 2508 Δέησις
1176 2474 1224 2512 μὲν
1254 2473 1324 2502 ἔστιν
1354 2473 1438 2500 ἱκεσία
1472 2472 1535 2511 ὑπὲρ
1557 2471 1714 2510 ἀπαλλαγῆς
1757 2471 1880 2510 λυπηρῶν

1060 2518 1273 2559 προσρερομένη.
1304 2517 1444 2557 Προσευχὴ
1469 2516 1507 2554 δὲ,
1537 2517 1644 2550 αἴτησις
1672 2517 1788 2556 ἀγαθῶν,
1817 2514 1880 2546 ’Ἐν-

1061 2563 1144 2597 τευξις
1180 2563 1218 2599 δὲ,
1250 2563 1395 2602 κατηγορία
1430 2565 1481 2590 τῶν
1524 2561 1691 2592 ἀδικούντων.
1724 2571 1738 2590 (
1762 2563 1880 2602 Eii/‘1'):-

194 2606 378 2638 «Gratiarum
391 2605 536 2638 actiones.
553 2616 568 2636 )
583 2605 706 2646 Oportet
723 2607 800 2637 enim
810 2606 919 2646 gratias
929 2617 1017 2648 agere

1085 2611 1143 2646 πίας,
1162 2621 1176 2637 ι
1196 2614 1244 2637 Δεῖ
1265 2609 1314 2648 γὰρ
1343 2609 1508 2648 εὖχοριστεϊν
1531 2608 1593 2646 Βπὲρ
1622 2611 1674 2635 τῶν
1695 2608 1731 2639 εἷς
1748 2607 1879 2643 ἀλλήλους

192 2661 244 2693 pro
261 2650 348 2682 bonis
362 2660 428 2691 quae
441 2655 542 2682 mutuo
559 2650 637 2682 inter
648 2660 702 2682 nos
717 2651 802 2682 ﬁunt.
820 2664 832 2678 «
851 2653 906 2682 Pro
922 2652 1018 2683 omni-

1086 2654 1202 2692 νομένων
1244 2654 1359 2692 ἀγαθῶν,
1400 2663 1412 2680 α
1443 2648 1521 2692 ’Υπὲρ
1543 2653 1648 2681 πάντων
1683 2652 1840 2691 ἀνθρώπων,
1865 2663 1876 2682 ι

191 2697 247 2728 bus
257 2695 441 2728 hominibus.
456 2709 469 2724 ι
490 2695 562 2728 Cum
577 2696 657 2728 enim
675 2696 833 2737 episcopus
849 2697 1018 2730 communis

1085 2701 1109 2727 ὃν
1123 2699 1172 2739 γὰρ
1200 2698 1355 2736 ἐπίσκοπον,
1385 2698 1474 2726 κοινὸν
1502 2698 1600 2736 πατέρα
1636 2697 1710 2734 ὄντα,
1747 2697 1803 2736 χρή
1819 2698 1880 2736 περ

233 2781 261 2807 η
274 2781 360 2812 Rom.
378 2789 422 2822 v1,
442 2782 487 2813 l3.
533 2782 562 2808 i5
576 2781 640 2813 Act.
657 2789 722 2820 xm,
737 2781 768 2820 9,
786 2790 872 2823 seqq.
