1947 3079
183 97 234 129 151

737 97 943 130 (ΕΟΗΜΕΝΧΙ
966 96 1114 128 TRICC/E
1135 93 1303 128 EPISCOPI

1819 93 1878 126 152

177 165 257 195 niam
271 173 340 203 ergo
358 162 511 204 oportebat
528 172 595 194 eum
622 163 673 203 qui
699 162 874 194 conciliator
892 163 946 193 futi

1109 162 1186 202 ἔχειν,
1215 163 1261 190 ἵνα
1289 164 1332 191 καὶ
1367 167 1517 200 μωιτεῦσιι
1558 162 1664 201 δυνηθῇ,
1695 164 1711 191 ὁ
1740 163 1798 193 Υἱὸς
1828 164 1878 188 τσῖι

180 213 270 245 esset,
287 207 442 239 amborum
461 217 527 239 esse
543 208 730 248 participem,
745 212 776 238 ut
791 208 879 239 etiam
905 208 1007 239 conci-

179 254 241 285 iare
255 256 367 293 posset,
397 252 490 283 Filius
520 252 575 282 Dei
604 255 673 282 ante
703 251 811 282 saecula
838 251 1008 283 incarnatus

176 298 295 328 advenit
309 297 340 327 in
355 295 472 327 duabus
489 296 616 336 naturis,
634 304 740 336 nempe
765 296 796 326 in
811 296 963 326 divinitate
978 302 1007 326 et.

177 342 361 374 humanitate
378 341 525 372 exsistens
544 351 550 372 :
568 345 597 372 et
611 340 642 371 in
655 340 743 372 unica
766 341 914 381 hypostasi
943 345 1007 381 post

177 387 332 424 unionem,
350 385 520 417 intellectus
535 389 564 416 et
577 385 727 417 adoratus.
745 385 817 416 Nam
835 385 859 415 si
883 385 912 415 in
928 385 1006 416 nuda

178 431 331 463 divinitate
352 430 537 471 apparuisset
562 430 649 461 nobis
670 430 857 470 Unigenitus,
874 439 932 460 non
950 440 1004 470 po-

175 476 362 507 tuisseteum
388 474 467 505 ferre
493 477 647 513 creatura;
674 474 791 515 quando
821 484 918 515 neque
934 474 1005 508 Mosi

175 521 282 552 faciem
298 520 401 551 videre
425 522 560 559 poterant
575 519 628 550 ﬁlii
642 518 733 551 Israel
749 520 789 550 18.
806 519 890 556 Quod
905 523 1003 550 autem

175 564 216 596 ait
232 574 239 596 :
256 564 340 596 Unus
356 565 448 601 Deus,
466 573 527 594 non
544 563 580 594 ad
598 563 818 595 distinctionem
835 564 902 595 Filii
917 563 1004 603 poni-

175 613 225 640 tur
238 613 287 640 aut
302 608 445 649 Spiritus.
462 607 568 639 Absit!
588 608 645 639 Sed
662 613 783 649 propter
797 609 862 639 illos
879 608 930 649 qui
946 617 1004 638 non

172 656 254 690 sunt,
272 657 301 684 et
315 657 415 684 tamen
431 653 573 683 dicuntur
583 652 636 684 dii.
647 653 796 689 Quaeritur
805 658 902 684 autem
915 662 1004 693 quam

173 698 211 730 ob
227 706 347 729 causam
364 697 492 738 Spiritus
518 706 576 727 non
607 698 791 729 meminerit.
806 698 951 734 Quoniam
968 697 1005 728 de

173 743 283 775 Graecis
297 751 396 793 sermo
405 742 523 792 erat,de
534 741 609 782 ipsis
617 751 746 793 namque
756 743 926 793 dicebatur:
944 753 954 770 α
968 742 1005 773 Et
1017 769 1036 793 Β

173 788 210 819 ad
222 787 427 827 cognitionem
439 787 570 818 veritatis
579 787 711 819 venire.»
719 787 805 828 Apud
815 787 895 828 ipsos
905 792 1004 818 autem

175 835 239 864 erat
252 832 378 862 deorum
394 831 552 862 multitudo
571 841 577 862 :
600 835 629 862 et
643 832 684 862 ita
697 832 914 873 dispensatorie
931 831 1006 863 cavit

175 877 304 918 Spiritus
317 876 415 907 facere
431 876 626 915 mentionem,
637 886 675 907 ne
686 886 744 917 quo
756 877 844 908 modo
855 877 1007 908 videretur

173 922 298 953 deorum
325 920 470 952 inducere
500 921 733 952 multitudinem.
764 921 837 958 Quia
866 921 916 952 ubi
936 931 1003 952 cum

173 965 312 997 ﬁdelibus
326 965 458 1003 disserit,
469 966 610 996 continue
623 966 689 1005 ejus
705 965 851 1004 meminit,
866 966 1004 1007 frequen-

175 1015 221 1042 ter
237 1011 326 1041 etiam
343 1010 447 1048 solius,
463 1010 574 1040 nullam
591 1010 702 1041 faciens
715 1011 896 1042 mentionem
910 1011 1004 1042 Patris

173 1059 203 1087 et
217 1055 296 1087 Filii.
315 1067 329 1082 α
349 1054 444 1085 Homo
458 1053 593 1085 Christus
607 1054 703 1086 Jesus.
719 1067 732 1083 ιι
746 1055 1003 1092 Quemadmodum

174 1103 236 1131 erat
250 1099 351 1136 homo,
367 1099 408 1129 ita
420 1103 483 1129 erat
493 1102 521 1129 et
531 1098 620 1138 Deus,
633 1100 883 1139 inseparabiliter,
896 1101 1004 1131 incon--

172 1144 251 1175 fuse.
271 1144 344 1174 220
375 1155 387 1172 ιι
405 1143 464 1179 Qui
493 1143 574 1175 dedit
599 1144 793 1184 semetipsum
810 1144 937 1184 pretium
952 1154 1004 1175 re-

173 1188 355 1228 demptionis
374 1196 426 1228 pro
456 1188 605 1219 omnibus.
628 1201 639 1217 »)
671 1188 766 1220 Etiam
792 1189 915 1221 Graecis;
937 1189 1003 1229 Ipse

172 1232 321 1273 siquidem
337 1241 390 1272 pro
405 1232 544 1264 omnibus
557 1237 689 1264 mortuus
705 1237 770 1264 est:
787 1237 817 1264 lu
829 1238 927 1264 autem
944 1243 1003 1264 non

171 1276 330 1308 adduceris
336 1276 419 1307 utvel
427 1277 559 1317 preceris
568 1286 620 1317 pro
632 1277 781 1308 omnibus.
795 1277 1004 1308 Animadverte

172 1325 270 1352 autem
287 1322 366 1361 quod
384 1322 444 1352 ait:
465 1333 475 1349 ε
495 1321 553 1358 Qui
568 1322 651 1353 dedit
675 1322 880 1362 semetipsum.
899 1334 910 1351 υ
929 1322 1001 1353 Nam

172 1366 229 1397 hoc
246 1369 348 1396 contra
362 1365 490 1397 Arianos
501 1371 546 1397 est
558 1366 609 1407 qui
621 1366 724 1397 dicunt
738 1366 816 1406 quod
829 1367 933 1397 nolens
946 1371 1002 1396 tra-

174 1410 252 1441 ditus
268 1412 317 1440 sit.
336 1410 392 1446 Qui
407 1414 453 1441 est
479 1415 577 1442 autem
605 1410 734 1451 pretium
762 1410 1002 1451 redemptionis?

174 1453 310 1486 Obnoxia
325 1460 389 1486 erat
403 1459 510 1486 natura
524 1459 558 1486 ut
570 1455 693 1496 periret,
705 1459 735 1485 at
749 1455 798 1486 ille
808 1455 1002 1495 semetipsum

173 1507 225 1539 pro
241 1498 306 1539 ipsa
321 1498 412 1529 dedit.
435 1511 449 1527 α
466 1498 695 1531 Testimonium.
711 1511 720 1527 ι
738 1500 802 1531 Hoc
818 1500 872 1537 est,
884 1509 936 1540 per
945 1505 1004 1531 tes-

172 1543 329 1574 timonium
345 1542 406 1574 sive
422 1543 596 1584 martyrium
610 1544 704 1575 factus
721 1548 765 1574 est
780 1543 872 1574 Filius
882 1544 999 1575 redem-

172 1587 282 1629 ptionis
297 1587 426 1628 pretium
445 1599 452 1620 :
476 1588 554 1629 quod
583 1588 786 1629 interpretans
809 1588 882 1619 dicit
908 1598 1000 1627 nunc,

172 1633 250 1673 quod
267 1633 397 1673 pretium
406 1633 623 1673 redemptionis
633 1638 718 1665 vocet
730 1643 809 1664 nunc
818 1634 999 1674 martyrium,

170 1677 228 1709 hoc
244 1681 289 1708 est
299 1678 480 1718 passionem.
496 1678 583 1709 Venit
597 1678 676 1709 enim
688 1678 891 1709 testimonium
902 1678 1000 1710 ferens

169 1722 284 1753 veritati
301 1733 308 1752 :
326 1731 394 1753 nam
411 1732 466 1763 per
487 1732 522 1754 ea
551 1732 617 1763 qua:
631 1722 700 1753 fecit
726 1726 847 1754 testatus
861 1727 906 1753 est
922 1723 999 1763 quod

171 1771 251 1798 esset
265 1766 400 1798 Christus
413 1767 506 1798 Filius
521 1766 575 1798 Dei
591 1776 685 1807 usque
700 1767 737 1798 ad
749 1770 887 1799 mortem.
900 1767 1000 1808 Siqui-

172 1811 240 1842 dem
257 1812 321 1853 ipse
336 1814 455 1843 Patrem
481 1812 688 1850 manifestavit,
721 1814 751 1843 et
778 1821 878 1842 verum
896 1812 1002 1852 dogma

167 1864 329 1897 veramque
358 1857 446 1887 vitam
478 1857 678 1896 evangelicam
721 1857 786 1897 ipse
827 1857 999 1889 introduxit.

171 1913 185 1929 α
203 1900 404 1942 Temporibus
419 1901 492 1932 suis.
514 1912 526 1930 ν
552 1900 614 1931 Hoc
641 1904 697 1938 est,
716 1901 834 1941 quando
859 1905 942 1932 recte
969 1912 1002 1933 se

169 1944 322 1977 habebant
333 1945 469 1976 homines
485 1945 523 1976 ad
539 1945 640 1976 ﬁdem.
650 1945 692 1976 lta
703 1945 776 1977 dicit
787 1945 925 1976 Clemens
936 1955 998 1987 sep-

166 1989 240 2021 timo
255 1990 512 2030 Informationum
529 1990 606 2021 libro
626 1999 632 2021 :
653 2001 668 2020 (
685 1990 883 2031 Temporibus
898 1990 970 2023 suis.
985 2003 998 2018 ι)

167 2033 225 2065 Per
252 2034 468 2075 testimonium,
498 2035 606 2075 inquit,
640 2035 702 2066 sive
729 2034 903 2075 martyrium
919 2035 1002 2066 dedit

168 2079 364 2119 semetipsum
394 2079 523 2119 pretium
542 2079 759 2119 redemptionis
777 2089 783 2110 :
802 2079 857 2109 hoc
875 2083 929 2114 est,
949 2089 1001 2120 per

167 2123 350 2162 passionem.
366 2123 440 2154 Nam
457 2123 488 2154 in
504 2133 539 2155 ea
555 2124 728 2155 testiﬁcatus
757 2128 801 2154 est
817 2123 854 2154 de
870 2123 1000 2155 bonitate

167 2168 273 2206 Patris,
292 2168 370 2209 quod
386 2168 450 2209 ipse
467 2169 619 2209 proprium
628 2168 740 2199 deserit
752 2168 1000 2209 Filiumzipsiau-

166 2211 227 2239 tem
244 2208 308 2239 non
318 2208 498 2249 quieverunt
522 2208 559 2240 ab
582 2208 738 2240 inimicitia
754 2218 842 2250 quam
859 2208 1001 2240 adversus

167 2262 235 2284 eum
247 2253 401 2293 gerebant,
417 2254 470 2284 sed
486 2258 515 2284 et
526 2254 634 2285 Filium
647 2254 870 2286 cruciﬁxerunt.
883 2254 919 2284 Et
931 2254 1000 2294 quia

166 2297 233 2338 ipse
249 2298 463 2338 promissiones
475 2298 518 2329 eis
533 2299 686 2334 complere
694 2298 786 2338 cupit,
803 2298 938 2339 ipsivero
950 2307 1000 2329 no-

165 2342 249 2381 lunt;
265 2342 373 2374 factum
389 2343 463 2374 dicit
478 2343 664 2383 temporibus
678 2343 753 2381 suis,
771 2343 828 2374 hoc
839 2347 884 2374 est
899 2343 998 2383 prati-

165 2387 278 2426 guratis
294 2391 323 2418 et
337 2391 424 2418 antea
451 2387 583 2418 definitis
599 2397 615 2418 a
629 2391 732 2419 sancta
748 2397 781 2419 ac
798 2387 882 2419 beata
897 2387 997 2418 Trini-

165 2434 235 2462 tate.
252 2442 264 2460 α
282 2431 329 2463 Ad
345 2431 423 2472 quod
439 2432 554 2472 positus
571 2442 637 2463 sum
652 2441 718 2472 ego.
739 2444 750 2461 ι
770 2433 816 2464 Ad
829 2432 907 2474 quod
920 2432 998 2463 testi-

164 2475 300 2507 monium
312 2480 340 2507 et
358 2477 535 2516 passionem,
569 2486 623 2517 ego
655 2477 768 2517 positus
796 2487 830 2509 ac
855 2476 996 2508 deﬁnitus

162 2529 228 2551 sum
244 2529 354 2561 praeco,
372 2525 405 2551 ut
431 2521 544 2562 ubique
572 2522 763 2553 manifestum
778 2522 881 2552 faciam
899 2521 996 2552 crucis

162 2565 348 2605 mysterium.
366 2565 512 2601 Quoniam
528 2571 624 2597 autem
651 2566 786 2598 dicturus
811 2569 874 2597 erat
888 2567 995 2597 doctor

1050 209 1114 234 Θεοῦ
1135 208 1149 234 ὁ
1184 207 1342 246 προιιώνιος
1378 207 1474 246 Λόγος,
1510 208 1651 247 σαρκωθεὶς
1682 206 1880 246 παραγέγονεν,

1050 251 1080 279 ἐκ
1104 250 1148 279 δύο
1171 251 1285 291 φύσεων,
1315 254 1375 280 οἷον
1396 252 1426 280 ἐκ
1454 252 1579 285 θεότητος
1607 253 1651 279 καὶ
1675 251 1883 290 ἀνθρωοόιιητος

1050 295 1187 335 ὑπάρχων,
1220 297 1263 324 καὶ
1285 296 1312 324 ἐν
1340 299 1388 334 μιᾷ
1422 297 1564 324 ὑποστάσει
1593 297 1660 333 μετὰ
1707 296 1756 329 τὴν
1783 296 1886 323 ἕνωσιν

1050 340 1191 377 νοούμενος
1227 342 1270 369 καὶ
1304 341 1540 380 προσκυνούμενος.
1580 341 1609 369 Εἰ
1655 341 1706 379 γὰρ
1726 343 1816 379 γυμνῇ
1845 341 1887 375 τῇ

1047 384 1151 417 θεότητι
1178 384 1296 424 ἐπεφάνη
1318 386 1386 423 ἡμῖν
1415 387 1429 413 ὁ
1460 386 1622 424 Μονογενής,
1646 386 1693 413 οὐκ
1716 385 1746 412 ἂν
1762 383 1883 422 ἤνεγκεν

1046 429 1064 462 ἡ
1078 429 1161 460 κτίσις
1177 430 1266 469 αὐτὸν,
1282 429 1348 457 ὅπου
1369 441 1399 469 γε
1414 431 1445 458 τὸ
1459 430 1598 469 πρόσωπον
1616 429 1731 460 Μωσέως
1746 427 1813 456 ἰδεῖν
1827 429 1881 456 οὒκ

1047 472 1142 513 ἴσχυον
1156 475 1179 501 οἱ
1191 475 1240 502 υἱοὶ
1256 474 1372 514 Ἰσραήλ.
1391 476 1426 503 Τὸ
1447 474 1486 511 δὲ,
1519 485 1530 503 α
1556 477 1604 506 Εἷς
1618 475 1695 511 Θεὸς,
1716 486 1727 502 ι
1762 475 1792 501 οὗ
1806 473 1880 512 πρὸς

1046 516 1245 551 ἀντιδιαστολὴν
1280 519 1370 546 κεῖται
1403 523 1449 548 τοῦ
1482 520 1542 547 ι’ἱσῦ
1575 519 1593 552 ἣ
1629 521 1675 546 τοῦ
1704 519 1879 555 Πνεύματος,

1047 561 1132 600 ἄπαγε
1147 562 1153 591 ε
1171 562 1238 590 ἀλλὰ
1253 563 1317 602 πρὸς
1331 563 1392 594 τοὺς
1408 563 1454 591 οὒκ
1469 562 1558 600 ὄντας,
1571 563 1728 602 λεγομένους
1744 561 1771 590 δὲ
1785 562 1879 594 050k.

1048 607 1173 640 Ζητεῖται
1199 606 1227 635 δὲ
1262 606 1304 635 διὰ
1331 608 1356 635 τί
1383 611 1429 636 τοῦ
1460 608 1612 645 Πνεύματος
1647 607 1696 636 οὐκ
1735 607 1879 644 ἐμνήσθη.

1047 649 1155 685 Ἐπειδή
1173 652 1232 691 περὶ
1266 647 1401 687 Ἐλλήνων
1430 653 1444 680 ὀ
1468 652 1546 692 λόγος
1569 653 1612 686 ἦν.
1640 653 1707 692 Περὶ
1722 654 1808 681 alni?»
1824 651 1883 690 γὰρ

1046 696 1088 733 τὸ,
1109 707 1122 723 α
1147 697 1195 724 Καὶ
1211 697 1247 728 εἰς
1262 696 1404 735 ἐπίγνωσιν
1419 696 1541 730 ἀληθείας
1556 696 1655 728 ἐλθεῖν,
1675 708 1688 725 ι
1708 695 1773 735 Πιρ¹
1785 697 1881 724 αὐτῶν

1047 739 1074 767 δὲ
1109 739 1237 769 πολυθεία
1269 741 1313 776 ἦν,
1350 742 1394 769 καὶ
1437 740 1580 781 ἐφυλάξατο
1623 742 1796 779 οἰκονομικῶς
1827 743 1882 768 τοῦ

1048 785 1197 822 Πνεύματος
1223 787 1383 823 μνησθῆναι,
1411 787 1448 824 μή
1479 797 1535 818 πως
1564 785 1625 823 δόξῃ
1655 785 1798 814 πολυθείιν
1814 786 1879 812 εἱσ-

1046 829 1129 867 άγειν.
1149 828 1222 858 Ἐπεὶ
1250 829 1310 858 ἔνθα
1332 837 1437 862 πιστοῖς
1468 830 1628 870 διαλέγεταιι,
1651 833 1770 870 συνεχῶς
1790 831 1879 858 αὐτοῦ

1047 873 1191 911 μέμνηται,
1221 874 1348 907 πολλάκις
1382 876 1425 903 καὶ
1455 875 1545 912 μόνου,
1577 876 1616 913 μὴ
1638 875 1722 915 φέρων
1758 875 1878 912 μνήμην

1047 918 1148 959 ματρὸς
1170 919 1213 947 καὶ
1238 920 1308 948 Υἱου.
1349 930 1360 946 ι
1387 915 1535 959 Ἀνθρωπος
1572 921 1682 958 Χριστὸς
1717 922 1835 952 Ἶησοῦς.
1860 930 1873 946 ι

1047 956 1156 1001 ιὨσπερ
1181 962 1213 996 ἦν
1236 962 1384 1001 ἄνθρωπος,
1414 963 1497 995 οὕτως
1515 966 1548 998 ἦν
1572 965 1616 992 καὶ
1646 965 1722 999 Θεὸς,
1752 963 1878 1003 ἐιδιειιρὲ-

1045 1017 1108 1042 τως,
1140 1006 1307 1047 ἀσυγχύτως.
1335 1019 1348 1034 ιι
1376 1003 1405 1036 Ὀ
1432 1007 1492 1039 δοὺς
1521 1008 1615 1036 ἑαυτὸν
1639 1008 1789 1047 ἂντίλυτρον
1803 1009 1875 1047 ὑπὲρ

1046 1050 1161 1087 πάντων,
1180 1062 1193 1078 ι
1222 1052 1266 1080 xxi.
1289 1048 1435 1087 Ἐλλήνων.
1460 1053 1580 1085 Ἐκεῖνος
1606 1054 1656 1091 μὲν
1684 1053 1728 1081 οὗν
1744 1053 1879 1081 ἀπέθανεν

1047 1095 1110 1134 ὑπὲρ
1137 1096 1254 1133 πάντων,
1277 1097 1308 1124 σὺ
1330 1095 1356 1124 δὲ
1383 1097 1500 1130 εὔξασθαι
1523 1099 1570 1125 οὒκ
1593 1097 1705 1138 ἀνέχῃ;
1732 1093 1806 1137 ΙὈρκ
1844 1097 1876 1125 δὲ

1046 1140 1088 1176 τὸ,
1109 1149 1120 1167 ι
1140 1141 1205 1172 Δοὺς
1228 1141 1332 1172 ἑαυτὸν,
1358 1151 1370 1169 α
1396 1143 1468 1171 Κατὰ
1484 1142 1625 1182 Ἀρειανῶν
1639 1144 1689 1181 γὰρ
1704 1146 1792 1173 τοῦτο,
1816 1145 1877 1170 τῶν

1046 1183 1190 1224 λεγόντων,
1220 1185 1260 1213 ὅτι
1288 1184 1358 1214 ἄκων
1388 1185 1530 1224 παρεδόθη,
1556 1187 1586 1215 Τί
1606 1185 1633 1215 δέ
1664 1187 1735 1215 ἐστιν
1762 1187 1875 1215 ἀντίλυο

1045 1238 1125 1269 τρονὶ
1159 1224 1279 1270 ’Ἔνοχος
1308 1231 1340 1264 ἦν
1368 1232 1385 1265 ἧ
1414 1232 1501 1271 φύσις,
1538 1231 1606 1260 ὥστε
1635 1231 1791 1272 ἂπόλέσθαι,
1807 1231 1871 1259 ἀλλ’

1046 1273 1102 1301 ἄντ’
1117 1273 1218 1308 ἐκείνης
1245 1276 1341 1303 ἀαυτὸν
1364 1274 1455 1306 ἔδωκε.
1487 1287 1499 1303 ι
1517 1277 1553 1305 Τὸ
1580 1277 1730 1315 μαρτύριον.
1752 1288 1764 1306 ι
1782 1281 1872 1305 Τουτ-

1045 1317 1111 1360 tam,
1136 1317 1176 1346 διὰ
1211 1324 1255 1349 τοῦ
1277 1320 1414 1359 μαρτυρίου
1442 1321 1547 1359 ἐγένετο
1573 1322 1587 1348 ὁ
1618 1321 1677 1352 Υἱὸς
1699 1321 1868 1360 ἀντίλυτρον,

1046 1358 1084 1391 ι’0
1106 1362 1301 1403 ἔφερμηνεύων,
1316 1358 1406 1393 coit-rd
1430 1358 1495 1404 φησι
1518 1368 1573 1402 νῦν,
1607 1364 1647 1392 ὅτι
1671 1358 1825 1404 ἀντίλυτρον
1838 1367 1871 1394 τὸ

1013 1408 1184 1456 Ομσρτύριον
1212 1407 1294 1447 λέγει,
1329 1409 1455 1456 τουτέστι
1482 1410 1515 1456 τὸ
1555 1410 1649 1456 πείθος.
1699 1405 1778 1456 Ἦλθε
1796 1455 1799 1456 ν
1819 1412 1873 1451 γὰρ

1046 1452 1218 1491 μαρτυρήσων
1251 1456 1286 1491 τῇ
1326 1453 1446 1490 ἀληθείᾳ,
1482 1452 1661 1493 Ἐμιρτύρησε
1689 1456 1739 1495 γὰρ
1768 1455 1802 1483 δι’
1833 1457 1873 1483 ὧν

1044 1496 1182 1536 ἔπραττεν,
1205 1497 1245 1526 ὅτι
1261 1498 1336 1531 αὐτός
1350 1500 1421 1527 ὶττιν
1439 1500 1453 1527 ὁ
1478 1500 1590 1538 Χριστὸς
1617 1500 1631 1527 ὁ
1648 1501 1706 1532 Υἱὸς
1722 1504 1767 1529 τοῦ
1790 1505 1871 1539 Θεοῦ,

1045 1541 1126 1581 μέχρι
1154 1543 1276 1573 θανάτου,
1306 1543 1355 1572 Καὶ
1376 1544 1426 1583 γὰρ
1454 1544 1532 1575 αὐτὸς
1560 1544 1605 1571 τὸν
1639 1545 1742 1584 Πατέρα
1770 1546 1873 1585 ἑδραιιὲ-

1044 1596 1122 1624 ρωσε,
1146 1587 1189 1614 καὶ
1210 1588 1240 1615 τὸ
1254 1587 1350 1621 ἀληθὲς
1367 1587 1452 1627 δόγμα
1467 1590 1511 1616 καὶ
1533 1589 1578 1616 τὸν
1593 1587 1680 1622 ἀληθῆ
1696 1590 1738 1619 ναὶ
1755 1590 1871 1629 ἀγγελι-

1043 1631 1090 1658 κὸν
1104 1631 1160 1668 βίον
1186 1631 1263 1662 αὐτὸς
1286 1632 1460 1671 εἰσηγήσατο,
1487 1644 1500 1659 ε
1517 1637 1626 1672 Καιροῖς
1651 1632 1737 1671 ἰδίοις,
1756 1646 1770 1661 ι
1789 1635 1868 1674 φησί.

1043 1675 1192 1713 Τουτέστιν,
1221 1675 1265 1704 ὅτε
1292 1675 1445 1710 ἐπιτηδείως
1467 1678 1545 1717 εἶχον
1577 1678 1641 1716 πρὸς
1669 1678 1719 1711 τὴν
1741 1679 1831 1707 πίστιν
1848 1681 1871 1707 οἱ

1043 1718 1183 1759 ἄνθρωποι.
1201 1720 1288 1752 Οὕτως
1304 1723 1318 1749 ὁ
1343 1721 1454 1759 Κλήμης
1479 1721 1506 1749 ἐν
1520 1717 1545 1757 ζ’
1569 1733 1580 1750 ι
1598 1718 1808 1751 Ὺποτυπώσεων
1825 1731 1832 1738 ·
1855 1735 1867 1751 ι

1046 1774 1057 1791 ι
1078 1769 1186 1803 Καιροϊς
1211 1765 1293 1798 ἰδίοις,
1313 1777 1326 1793 ι
1360 1767 1409 1794 Διὰ
1436 1767 1483 1794 τοῦ
1507 1767 1647 1806 μαρτυρίου
1676 1766 1772 1795 ἔδωκεν
1801 1768 1869 1796 ἑαυ-

1042 1809 1100 1848 τὸν,
1129 1810 1218 1850 φησὶν,
1235 1809 1394 1849 ἀντίλυτρον.
1428 1812 1476 1839 Διὰ
1490 1814 1535 1839 τοῦ
1558 1813 1709 1851 μκρτυρίου,
1734 1813 1869 1846 τουτέστι,

1043 1857 1089 1882 τοῦ
1104 1853 1200 1886 πάθους
1232 1854 1270 1894 (ἐν
1298 1857 1369 1892 αὖτῴ
1397 1856 1445 1895 γὰρ
1467 1855 1602 1895 ἐμαιρτύρει
1632 1859 1666 1894 τῇ
1687 1860 1734 1885 τοῦ
1763 1859 1869 1897 Harpe:

1043 1897 1187 1936 ἆγαθότητι
1217 1898 1257 1927 ὅτι
1287 1901 1366 1931 αὐτὸς
1407 1901 1452 1928 καὶ
1485 1902 1529 1928 τὸν
1565 1901 1623 1929 run
1652 1900 1759 1933 ἔδωκεν,
1791 1905 1870 1932 Αἰ)τοὶ

1042 1941 1069 1969 δὲ
1099 1945 1146 1976 τῆς
1173 1944 1238 1982 πρὸς
1267 1945 1344 1972 αὑτὸν
1373 1944 1469 1984 ἔχθραις
1514 1947 1560 1974 οὐκ
1600 1945 1758 1983 ἐπαύσαντο,
1800 1946 1871 1975 ἀλλὰ

1043 1987 1085 2014 καὶ
1119 1990 1164 2014 τὸν
1186 1989 1244 2016 ι’ἱὸν
1272 1988 1448 2028 ἓσταύρωσὰν,
1474 1990 1521 2018 Καὶ
1546 1989 1586 2017 ὅτι
1615 1990 1692 2023 ὠτὸς
1722 1992 1769 2023 τὰς
1786 1991 1869 2030 ἐπιγ-

1043 2030 1130 2070 γελίας
1158 2033 1248 2064 αὐτοῖς
1281 2032 1420 2072 πληρῶσαι
1444 2033 1524 2071 θέλει,
1555 2033 1627 2061 αὑτοὶ
1653 2033 1680 2062 δὲ
1708 2037 1738 2064 οὗ
1759 2035 1870 2072 βούλον-

1043 2075 1110 2114 ται),
1140 2080 1186 2104 τοῦ
1213 2078 1318 2117 καιροῖς
1347 2077 1430 2114 ἰδίοις,
1462 2080 1537 2118 φησὶ,
1558 2079 1711 2119 γενομένου,
1733 2081 1866 2120 τουτέστι,

1011 2114 1286 2158 Ι)προτετυτωιιένοις
1316 2123 1359 2150 καὶ
1406 2125 1599 2162 προορισθεῖσιν
1634 2124 1684 2151 ὑπὸ
1712 2125 1760 2157 τῆς
1788 2125 1868 2163 ἅγίις

1041 2165 1084 2192 καὶ
1100 2166 1229 2205 μακαρίας
1262 2166 1381 2206 Τριάδος.
1417 2179 1428 2195 α
1447 2169 1490 2199 Εἰς
1516 2168 1530 2195 ὃ
1551 2167 1641 2200 ἐτέθην
1667 2167 1732 2206 ἐγώ.
1751 2179 1764 2197 ι
1793 2170 1837 2200 Εἷς
1854 2170 1868 2197 ὂ

1041 2210 1181 2248 μαρτύριον
1215 2212 1259 2238 καὶ
1288 2212 1382 2247 πάθος,
1426 2212 1480 2251 ἐγὼ
1518 2212 1609 2245 ἐτέθην
1637 2213 1681 2240 καὶ
1712 2213 1866 2252 ὰφωρίσθηυ

1041 2253 1132 2297 κῆρυξ,
1154 2255 1199 2283 ’ἵνα
1224 2260 1363 2296 «avra-Lai
1383 2256 1520 2297 καταφανῆ
1542 2257 1648 2291 ποιήσω
1669 2258 1714 2284 τὸν
1740 2259 1865 2297 σταυρόν,

1044 2293 1153 2333 Ἐπειδὴ
1178 2299 1204 2328 δὲ
1220 2300 1313 2338 ἔμελλε
1324 2301 1421 2340 λέγειν,
1441 2300 1611 2332 ιδιδάσκχλος
1627 2303 1738 2342 ἓθνιῖνι,ι
1754 2302 1868 2332 ἄπιστον

1041 2341 1067 2370 δὲ
1088 2343 1171 2372 ἐδόκει
1207 2345 1228 2372 εἶ
1250 2345 1469 2384 προσεκλήθησαν
1484 2348 1507 2373 οἱ
1532 2341 1727 2385 εὶδωὶολάτραι,
1753 2359 1870 2387 προανα-

1040 2395 1134 2427 φωνεῖ¹
1147 2400 1160 2416 α
1174 2388 1315 2424 Ἀλήθείαν
1326 2390 1406 2431 λέγω,
1419 2394 1448 2420 οὔ
1458 2390 1597 2430 ψεύδομαι.
1614 2403 1625 2420 ι
1635 2403 1689 2418 -ιι
1704 2391 1865 2421 maiusculis.

1039 2432 1129 2464 ἐθνῶν,
1151 2444 1164 2461 n
1193 2433 1301 2468 Ἐπειδὴ
1338 2436 1374 2464 ἕνι
1409 2437 1454 2464 καὶ
1493 2436 1713 2476 παρκτρεχόντως
1743 2437 1867 2477 κηρῦξαι,

1038 2477 1170 2518 ἐπήγχγε,
1204 2478 1377 2511 Διδάσκαλος.
1405 2482 1440 2509 Οὔ
1468 2481 1517 2520 γὰρ
1539 2480 1650 2520 ὲκήρυξα
1673 2481 1765 2518 μόνον.
1796 2481 1865 2511 ἀλλὰ

1036 2522 1078 2549 καὶ
1095 2523 1254 2561 παραμένων
1283 2523 1427 2556 ἐδίδισκον,
1453 2529 1536 2554 Τοῦτο
1564 2524 1591 2553 δὲ
1620 2526 1670 2559 τὴν
1681 2527 1740 2565 περὶ
1755 2527 1789 2554 τὰ
1804 2527 1866 2561 ἔθνη

1036 2566 1151 2600 σπουδὴν
1166 2573 1211 2597 τοῦ
1228 2572 1293 2598 Θεοῦ
1319 2568 1488 2602 ἐνδείκνυται,
1517 2582 1530 2597 ιι
1556 2569 1599 2598 Ἐν
1619 2571 1705 2598 πίστει
1729 2572 1773 2599 καὶ
1792 2571 1864 2605 ἀλη-

159 2610 308 2655 gentium,
323 2609 502 2642 incredibile
516 2615 615 2642 autem
631 2611 786 2642 videbatur
801 2611 879 2651 quod
893 2611 928 2641 ἰὼ

1095 2635 1099 2642 ,
1120 2623 1134 2639 ιι
1147 2611 1257 2646 Ἐπειδὴ
1273 2614 1362 2649 εἶπεν,
1381 2613 1425 2643 Ἐν
1440 2615 1538 2651 πίστει,
1565 2615 1611 2642 ἵνα
1627 2616 1665 2652 μή
1694 2626 1735 2647 τις
1753 2627 1864 2655 νομισῃ,

160 2653 244 2686 latras
258 2658 358 2686 essent
373 2655 507 2686 advocati
522 2655 559 2686 ad
583 2655 722 2694 salutem,
741 2656 809 2686 ideo
825 2655 927 2695 premi

1096 2656 1180 2690 ἰιπάτη
1211 2656 1291 2696 ἐστὶν,
1321 2658 1427 2699 ἐπάγει,
1456 2658 1501 2688 Ἐν
1524 2659 1645 2696 ἀληθείᾳ,
1676 2659 1712 2688 Οὐ
1738 2653 1865 2700 κηρυσσοι

198 2739 228 2765 48
242 2739 334 2772 Exod.
354 2748 455 2779 xxnv,
473 2741 532 2782 35;
550 2740 576 2772 II
591 2740 660 2772 Cor.
677 2749 721 2777 ιιι,
744 2740 790 2772 13.
