1947 3079
179 117 234 149 147

742 120 945 152 CECUMENII
967 120 1114 152 TRIGC/E
1134 122 1302 154 EPISCOPI

1808 117 1872 151 148

178 193 312 224 pugnans
320 185 459 217 omnibus
466 185 563 217 modis
573 186 714 217 adversus
721 186 891 226 spirituales
899 184 1000 216 inimi-

1091 197 1101 217 ς
1115 188 1223 226 ἒχθροῖς
1239 187 1375 225 πολεμιὶιν.
1404 200 1417 215 α
1444 187 1487 216 Ἐν
1510 189 1614 219 αὑταῖς,
1635 198 1646 215 ι
1673 192 1738 218 Ταῖς
1754 196 1868 225 προφη-

178 238 239 259 cos.
260 240 270 256 α
289 228 321 260 In
337 229 392 261 eis.
414 243 426 257 ιι
458 230 627 271 Prophetiis
640 230 777 261 videlicet
794 241 800 260 :
818 240 887 261 nam
901 230 959 260 illa
974 233 1002 260 te

178 272 342 313 clegerunt.
359 273 486 314 Propter
496 284 569 315 quas
584 283 653 314 ergo
666 278 822 314 susceptus
833 279 860 305 et
872 284 888 305 a
897 275 1002 315 quibus

178 317 292 348 electus
308 327 351 356 es,
370 318 400 348 in
417 319 490 359 ipsis
505 323 534 349 et
549 328 601 359 per
615 319 696 359 ipsas
712 319 817 356 milita,
834 319 862 349 id
880 323 934 357 est,
951 327 1003 358 per

177 361 274 402 ipsum
288 362 432 402 Spiritum
451 372 503 403 per
518 372 606 403 quem
618 363 905 404 suntetprophetiae.
921 375 934 391 α
945 365 1001 394 Βο-

180 417 248 438 nam
265 407 414 439 militiam.
444 421 456 435 ιι
474 410 525 440 Est
540 408 619 439 enim
640 413 668 440 et
686 409 761 440 mala
776 409 880 440 militia
894 408 930 439 de
946 417 1003 448 qua

181 452 269 483 dicit:
286 463 297 480 α
313 451 495 483 Exhibuistis
507 453 640 484 membra
651 457 746 484 vestra
753 452 1003 484 armaimmuudi-

181 496 228 527 tia;
244 500 272 527 et
286 496 434 537 iniquitati
446 496 482 529 η.
500 510 511 526 ι)
525 515 564 520 -
580 509 590 526 α
611 497 728 528 Habens
739 497 839 529 ﬁdem.
858 511 868 526 ιι
881 497 1002 538 Oportet

1043 230 1136 270 τείαις,
1153 231 1230 270 φησίν
1254 239 1261 246 ⁶
1293 232 1393 260 ἐκεῖναι
1415 233 1464 271 γὰρ
1494 231 1598 260 ε’ἷλοντό
1628 242 1668 262 σε,
1707 230 1745 258 Δι’
1772 229 1803 261 ἃς
1820 229 1868 256 οὖν

1043 274 1151 314 ᾑρέοης,
1167 277 1211 304 καὶ
1233 276 1259 309 ἐξ
1280 277 1317 303 ὤν
1344 276 1485 316 ἐπελέγης,
1509 277 1535 304 ἐν
1563 276 1656 308 αὑταῖς
1685 276 1728 303 καὶ
1756 273 1788 302 δι’
1813 274 1870 301 αὖ-

1044 323 1096 348 τὼν
1109 321 1267 360 στρατεύων,
1285 320 1326 349 διὰ
1355 327 1400 352 τοῦ
1429 324 1507 351 αὐτοῦ
1530 321 1692 360 Πνεύματος,
1720 319 1752 366 δι’
1777 320 1807 346 οὗ
1822 318 1872 344 καὶ

1045 367 1070 393 αἶ
1096 374 1267 405 προφητεῖαι.
1307 378 1320 394 α
1338 368 1392 401 Τὴν
1420 367 1506 400 καλὴν
1536 367 1682 406 στρατείαν.
1704 378 1715 394 υ
1738 364 1788 394 Ἐνι
1814 364 1870 402 γὰρ

1043 411 1087 439 καὶ
1101 411 1171 444 κακὴ
1199 412 1330 450 στρατεία,
1361 413 1418 451 περὶ
1443 413 1477 445 ἧς
1505 423 1584 451 φησιν
1603 420 1610 428 ⁸
1636 421 1650 440 (
1667 405 1775 448 υΩσπερ
1790 419 1869 446 παρ-

1044 456 1172 490 εστήσατε
1200 456 1233 485 τὰ
1262 455 1332 493 μέλη
1361 458 1433 494 ὑμῶν
1455 455 1525 484 ὅπλα
1552 459 1586 494 τῇ
1615 455 1727 494 ἁμαρτίᾳ
1754 453 1798 482 καὶ
1833 454 1872 489 τῇ

1044 500 1196 540 ἀκαθαρσίᾳ,
1216 513 1230 528 ιι
1248 517 1285 523 -—
1307 513 1319 528 α
1338 495 1438 541 ιἘχων
1467 501 1565 530 πίστιν.
1583 511 1595 529 ι
1627 501 1677 529 Τὸν
1705 499 1754 537 γὰρ
1789 495 1870 524 διδέ-

180 541 259 572 enim
270 541 441 580 magistrum
452 542 498 573 sui
509 542 635 582 primum
647 551 713 574 esse
721 542 884 574 doctorem.
897 542 1000 573 Fidem

1091 544 1140 572 ;λον
1166 546 1234 585 χρὴ,
1265 546 1358 574 ἑαυτοῦ
1385 545 1496 584 πρῶτων
1530 545 1600 573 εἶναι
1629 542 1795 572 διδάσκαλον.
1815 541 1870 568 Πί-

180 589 278 617 autem
293 585 365 616 dicit
379 595 444 627 quae
458 591 501 618 est
516 587 595 617 circa
605 587 742 627 dogmata
761 598 766 616 :
789 587 999 618 conscientiam

1091 602 1098 617 θ
1119 589 1146 617 δέ
1174 601 1237 629 φησι
1265 590 1314 623 τὴν
1341 591 1399 629 περὶ
1421 590 1453 618 τὰ
1486 589 1616 628 δόγματα,
1646 586 1790 620 συνείδησιν
1825 584 1870 619 δὲ,

180 639 249 661 vero
265 639 331 670 qua:
345 630 424 661 circa
432 631 684 662 conversationem
697 635 752 663 est.
772 643 782 659 ι
797 631 889 667 Quam
900 631 1000 672 repel-

1110 635 1167 674 περὶ
1190 637 1239 667 τῆς
1265 633 1408 666 πολιτείας.
1435 646 1448 662 ι
1474 629 1530 662 ’Ἦν
1551 644 1620 665 τινες
1644 632 1828 669 ἀπωσάμενοι.
1849 642 1866 655 ν’

180 675 274 706 lentes
282 675 430 708 nonnulli.
440 688 453 702 ιι
462 676 569 712 Quam,
580 675 687 716 inquit,
702 675 927 713 conscientiam,
935 685 1001 716 qua).

1091 691 1099 706 ν
1121 689 1191 718 τινα,
1205 679 1280 718 φησὶ,
1304 678 1448 712 συνείδησιν
1471 679 1520 712 τὴν
1550 678 1610 717 περὶ
1635 677 1664 705 τὸ
1693 677 1774 715 ὀρθῶς
1789 675 1870 712 βιοῦν

180 723 225 750 est
239 719 276 750 de
290 723 372 751 reete
386 720 522 751 vivendo.
539 719 596 752 Ubi
607 721 686 751 enim
698 720 765 761 quis
780 720 872 761 probe
883 720 998 758 vixerit,

1091 734 1130 751 ταν
1159 724 1208 762 γάρ
1235 735 1274 755 τις
1310 722 1440 761 ἂδοκίμως
1471 725 1515 762 ζῇ,
1545 723 1588 750 καὶ
1616 722 1673 760 περὶ
1701 721 1749 754 τὴν
1777 720 1873 747 πίστιν

179 763 268 795 etiam
285 763 364 795 circa
375 764 463 796 fidem
475 764 658 804 naufragium
670 765 749 796 facit.
766 766 835 795 217
848 765 999 806 Siquidem

1091 775 1162 808 αγετ.
1182 764 1243 798 ’Ἱνα
1257 769 1306 807 γὰρ
1321 768 1360 805 μὴ
1386 771 1424 805 τῷ
1445 767 1519 808 φόϐῳ
1545 770 1598 795 τῶι
1613 766 1763 805 μελλόντων
1778 765 1871 802 βασα-

179 817 216 839 ne
232 813 347 840 terrore
362 809 527 846 futurorum
543 810 723 847 crucientur,
740 819 793 840 suo
814 810 913 840 animo
929 818 998 850 per-

1091 825 1167 853 ινται,
1209 811 1380 848 σπουδάζουσι
1415 814 1511 840 πεθειν
1559 812 1607 845 τὴν
1643 812 1741 838 ἑαυτῶν
1769 809 1870 848 ψυχὴ-ι

178 853 304 885 suadere
319 853 452 884 nituntur
467 854 621 885 mendacia
642 863 709 885 esse
725 863 909 894 quaecunque
924 853 1003 894 apud

1099 858 1182 895 ψευδῆ
1209 858 1295 886 πάντα
1322 858 1354 885 τὰ
1382 856 1444 896 παρ’
1472 856 1540 894 ἧμϊν
1554 857 1587 884 τά
1600 866 1628 884 τε
1660 856 1718 894 περὶ
1752 854 1871 882 ἀναστα-

179 907 233 928 nos
244 897 281 929 de
296 898 515 929 resurrectione
525 908 559 930 ac
567 898 682 938 judicio
694 899 842 930 dicuntur.
856 911 868 928 ι
882 897 1004 930 Tradidi

1091 914 1112 934 ις
1146 903 1191 930 καὶ
1217 902 1338 941 κρίσεως.
1377 913 1391 928 «ι
1421 900 1559 940 Παράδοκα
1600 904 1637 937 τῷ
1667 902 1782 935 Σατανᾷ,
1821 898 1873 925 ’ἶνα

179 944 293 975 Satanae
314 947 347 974 ut
369 943 494 974 discant.
512 956 524 971 ιι
556 943 629 975 Cum
655 942 776 975 Satanas
798 943 928 984 seipsutn
944 951 1004 973 non

1091 946 1213 977 ,δευθῶσι.
1233 958 1245 973 ιι
1265 941 1294 974 Ὀ
1318 946 1408 973 ἑαυτὸν
1435 946 1473 982 μὴ
1508 944 1636 973 παιδεύων
1652 947 1783 980 Σατανᾶς,
1806 954 1869 973 π-ις

179 988 315 1024 instruat,
332 988 480 1028 quomodo
495 988 562 1019 aliis
576 988 682 1019 bonam
698 989 801 1019 aﬂ'eret
813 988 979 1019 doctrinam
992 989 1005 1017 ’ρ

1091 1002 1102 1023 ς
1119 990 1208 1022 ἄλλοις
1237 991 1334 1029 γίνεται
1360 993 1481 1029 χρηστῆς
1510 989 1627 1020 παιδείας
1646 988 1791 1028 πρόξενος;
1819 988 1873 1015 Καί

179 1033 213 1064 Et
228 1032 355 1064 dicimus
365 1033 443 1073 quod
460 1032 666 1064 sicutlictores
679 1033 845 1064 innumeris
859 1032 938 1074 pleni
947 1041 1005 1063 ma.

1091 1047 1142 1072 ιεν,
1173 1036 1262 1074 ὣσπερ
1297 1036 1320 1063 οἱ
1345 1033 1434 1072 δήμιοι
1475 1034 1571 1073 μυρίων
1600 1034 1727 1073 γέμοντες
1762 1035 1870 1066 κακῶν,

178 1077 215 1108 lis
241 1077 315 1108 alios
329 1078 482 1116 castigant,
501 1081 530 1108 et
544 1077 696 1109 instruunt
710 1082 743 1108 ut
759 1077 892 1108 modeste
908 1086 940 1107 se
955 1086 1004 1116 ge-

1093 1092 1105 1113 ς
1119 1080 1212 1113 ἄλλους
1236 1086 1382 1120 σωφρονεῖν
1407 1077 1583 1118 παιδεύουσιν,
1605 1079 1687 1109 οὕτως
1718 1078 1763 1105 καὶ
1777 1077 1792 1104 ὁ
1808 1079 1870 1104 Σα-

178 1125 255 1159 rant,
272 1121 314 1152 ita
327 1125 356 1152 et
373 1120 505 1153 Satanas.
536 1121 659 1158 Quando
687 1122 767 1153 enim
796 1122 862 1162 quis
887 1123 1004 1153 Satanae

1094 1128 1135 1158 ἇς.
1152 1124 1296 1165 Παραδοσις
1324 1125 1374 1164 γὰρ
1402 1123 1463 1152 ὅταν
1491 1123 1600 1162 γένηται
1627 1126 1665 1160 τῷ
1693 1123 1809 1157 Σατανᾷ,
1835 1120 1872 1148 δι’

177 1166 312 1204 traditur,
330 1165 366 1197 ab
395 1166 520 1197 aliorum
553 1167 822 1198 communicatione
837 1172 1001 1206 separatur.

1091 1173 1191 1208 ιρισμοῦ
1223 1172 1272 1203 τῆς
1293 1169 1431 1200 κοινωνίας
1473 1169 1583 1208 γίνεται.
1621 1168 1720 1196 Λοιπὸν
1747 1165 1871 1205 παραλα-

177 1209 326 1251 Deinceps
341 1220 410 1250 ergo
426 1211 541 1241 dtemon
558 1215 712 1252 acceptum
737 1211 886 1242 hominem
903 1211 1002 1241 divino

1091 1228 1097 1243 ι
1120 1216 1133 1243 ὁ
1148 1214 1247 1252 δαίμων
1262 1215 1359 1254 γυμνὸν
1394 1217 1443 1248 τῆς
1467 1219 1512 1243 τοῦ
1536 1217 1601 1242 Θεοῦ
1624 1212 1746 1251 βοηθεία)
1761 1212 1805 1239 τὸν
1821 1210 1870 1238 ἇν-

177 1256 319 1287 nudatum
343 1255 452 1286 auxilio
476 1255 600 1295 castigat
626 1261 654 1286 et
669 1256 767 1286 erudit
784 1267 791 1286 :
809 1260 837 1286 et
853 1256 908 1286 hoc
924 1255 1004 1286 cedit

1091 1270 1157 1297 ιπον,
1172 1258 1298 1290 παιδεύει.
1326 1260 1374 1288 Καὶ
1403 1263 1480 1288 τοῦτο
1507 1259 1605 1297 γίνεται
1641 1258 1712 1292 αὒτῷ
1732 1257 1798 1293 πρὸς
1815 1268 1871 1284 σω-

176 1300 232 1341 ipsi
247 1300 284 1331 ad
300 1300 490 1332 modestiam.
507 1299 603 1336 Quare
619 1305 717 1331 autem
735 1301 851 1331 Satanae
863 1300 950 1330 tradit
963 1300 1000 1338 1⁵,

1091 1304 1199 1342 ινισμόν.
1225 1305 1274 1332 Διὰ
1287 1305 1311 1332 τί
1324 1303 1351 1332 δὲ
1376 1305 1415 1341 τῷ
1438 1307 1543 1339 Σατανᾷ
1564 1301 1735 1342 παραδίδωσι,
1758 1302 1802 1329 καὶ
1827 1301 1868 1338 μὴ

177 1348 207 1375 et
221 1354 281 1375 non
295 1345 360 1385 ipse
374 1344 497 1384 castigat
525 1348 555 1375 et
579 1344 703 1375 erudit?
718 1345 756 1376 Ut
772 1345 909 1375 ostendat
925 1345 1003 1385 quod

1093 1350 1122 1381 ὸς
1137 1347 1270 1388 παιδεύιι,
1289 1343 1351 1378 ΗΙνα
1386 1347 1454 1387 δείξῃ
1469 1348 1509 1376 ὅτι
1533 1349 1576 1376 καὶ
1611 1351 1648 1384 τῷ
1676 1349 1783 1381 Σατανᾷ
1809 1346 1866 1373 ἒπιγ

178 1389 267 1420 etiam
279 1388 420 1429 possibile
431 1389 469 1419 sit
480 1388 594 1420 Satanae
606 1388 776 1428 imperare:
790 1393 819 1420 et
829 1393 924 1420 utuna
935 1399 1000 1420 cum

1091 1403 1150 1421 ’σειν
1178 1393 1238 1421 αἷόν
1259 1393 1288 1421 τέ
1318 1392 1384 1433 ἐστι,
1414 1393 1458 1421 καὶ
1485 1393 1531 1420 ἵνα
1561 1392 1628 1430 μετὰ
1655 1394 1705 1424 τῆς
1732 1389 1870 1422 κολάσεως

177 1433 322 1474 supplicio
337 1433 433 1464 ferant
447 1434 535 1464 etiam
552 1434 777 1471 contumeliam,
801 1443 908 1474 nempe
923 1434 1002 1474 quod

1113 1436 1275 1477 ὑϐρίζωνται,
1317 1441 1362 1466 τοῦ
1405 1441 1510 1466 Σατανᾶ
1556 1435 1762 1476 τιμωρουμένου.
1803 1435 1871 1466 Τοὺς

177 1479 307 1510 aSatana
314 1478 486 1519 puniantur.
496 1478 647 1519 Siquidem
659 1479 828 1509 incredulos
840 1479 1003 1519 puniebant

1091 1495 1092 1505 ι
1121 1482 1170 1522 γὰρ
1199 1482 1332 1520 ἀπίστους,
1355 1481 1389 1510 δι’
1423 1483 1522 1510 ἑαυτῶν
1551 1480 1674 1516 ἐκόλαζον
1697 1481 1720 1508 οἳ
1748 1479 1870 1507 ἀπόστο-

178 1532 231 1563 per
246 1516 362 1562 seipsos
381 1523 507 1564 apostoli
523 1516 804 1564 z-quemadmodum
819 1516 884 1564 ipse
897 1524 1003 1555 Paulus

1091 1527 1204 1566 ,ὥσπερ
1223 1527 1268 1555 τὸν
1298 1530 1443 1566 Βαριησοῦν
1473 1528 1486 1555 ὁ
1513 1526 1592 1557 αὐτὸς
1616 1524 1719 1556 Παῦλος
1748 1525 1792 1552 καὶ
1822 1525 1870 1552 τὸν

176 1567 329 1599 Bariesum
355 1567 406 1608 qui
431 1572 461 1598 et
474 1567 604 1608 Elymas,
622 1572 651 1598 et
666 1569 771 1599 Petrus
787 1568 931 1599 Auaniam
950 1577 956 1599 :
973 1571 1006 1611 ut

1091 1571 1172 1611 .ύμαν,
1195 1572 1238 1599 καὶ
1264 1573 1277 1599 ὁ
1300 1571 1397 1611 Πέτρος
1424 1572 1468 1599 τὸν
1497 1570 1616 1599 Ἀνανίαν
1640 1578 1646 1586 ⁸
1677 1569 1723 1597 ἵνα
1750 1567 1869 1601 δείξωσιν

177 1611 369 1646 ostenderent
384 1611 462 1652 quod
490 1616 624 1652 potentes
640 1617 740 1643 essent
757 1624 764 1642 :
781 1612 855 1644 alios
871 1622 939 1643 vero
954 1609 1005 1653 qui

1101 1615 1232 1646 δύνανται.
1256 1617 1321 1648 Τοὺς
1336 1615 1362 1644 δὲ
1390 1616 1492 1648 τούτοις
1522 1616 1570 1653 μὲν
1599 1614 1790 1652 μανθάνοντας,
1821 1613 1871 1641 ἐκ-

175 1656 212 1687 ab
227 1656 300 1697 ipsis
314 1656 434 1697 quidem
450 1656 560 1688 eruditi
573 1657 703 1695 fuerant,
716 1658 768 1689 sed
779 1657 895 1688 adversi
906 1661 1004 1698 erant,

1091 1660 1191 1692 ιπὲντας
1216 1660 1254 1697 δὲ,
1285 1665 1324 1698 τῷ
1352 1663 1456 1696 Σατανᾷ
1484 1658 1645 1700 παρεδίδουν.
1677 1671 1691 1686 ε
1709 1659 1752 1692 Μὴ
1780 1659 1871 1696 βλασ-

176 1700 292 1733 Satanaz
307 1701 472 1733 tradebant.
492 1714 505 1729 α
523 1702 590 1733 Non
606 1702 827 1743 blasphemare.
847 1715 859 1730 ιι
874 1702 911 1733 Hi
926 1702 1005 1732 enim

1091 1712 1159 1734 ιετν.
1187 1717 1198 1733 ι
1230 1706 1306 1733 Οὗτοι
1341 1706 1390 1744 γὰρ
1431 1704 1572 1743 λογισμοῖς
1607 1703 1776 1743 ἀνθρωπίνοις
1818 1703 1870 1736 τὴν

179 1746 350 1777 nationibus
365 1747 502 1777 humanis
512 1746 600 1778 ﬁdem
611 1746 836 1787 interpellantes
847 1751 1005 1778 c0nverte-

1091 1761 1133 1777 τιν
1161 1748 1365 1786 ὑποϐάλλοντες,
1401 1748 1578 1789 ἐξετράπησαν
1609 1749 1652 1776 καὶ
1683 1747 1869 1787 βλασφημεῖν,

179 1790 287 1822 bantur
301 1791 337 1822 ad
353 1791 643 1831 blasphemandum:
662 1791 740 1832 quod
757 1801 836 1822 nunc
854 1791 1007 1831 patiuntur

1091 1805 1112 1834 ap
1141 1798 1183 1823 νῦν
1214 1795 1377 1834 Νεστοριανοῖ
1407 1794 1554 1834 πάσχουσι,
1587 1794 1630 1821 καὶ
1658 1793 1683 1820 αἰ
1712 1792 1803 1820 λοιπαὶ
1833 1795 1872 1820 zi-

179 1835 346 1867 Nestoriani
360 1844 396 1866 ac
408 1835 532 1876 reliquae
547 1836 688 1867 htereses.

1091 1850 1143 1871 εις.

495 1880 617 1913 CAPUT
632 1880 683 1913 IV.

1369 1890 1494 1916 ΚΕΦΑΛ.
1510 1881 1550 1915 A'.

181 1925 226 1956 De
237 1926 376 1974 oratioae
391 1929 492 1974 utpro
508 1925 646 1974 omnibus
666 1926 732 1966 ﬁat,
747 1925 918 1974 _at_ubiqur
931 1934 1006 1965 pure

1091 1934 1142 1972 1ερὶ
1158 1934 1253 1974 εὐχῆς,
1266 1933 1306 1962 ὅτι
1320 1934 1384 1973 ὑπὲρ
1399 1934 1516 1973 πάντων,
1542 1932 1582 1960 ὅτι
1597 1935 1734 1972 πανταχοῦ
1750 1931 1870 1966 ἀκάκως,

320 1970 388 2002 sine
400 1969 464 2002 ulla
479 1970 649 2002 turbatione
664 1974 694 2001 et
709 1970 860 2010 religiose.

1119 1967 1124 1972 I
1189 1967 1207 1974 Η
1246 1967 1253 1974 ’
1287 1967 1442 2014 ἀταράχως,
1460 1967 1574 2011 σεμνῶς.
1600 1984 1614 2000 ιι
1685 1967 1704 1972 Η

221 2014 486 2054 11,4-4.Adhortor
494 2015 810 2055 igiturutanleomnia
825 2015 1007 2054 ﬁanldepro-

1092 2029 1106 2049 ί
1131 2018 1280 2058 Παρακαλῶ
1308 2019 1352 2048 οὖν
1375 2022 1476 2058 πρῶτον
1499 2018 1615 2055 πάντων,
1647 2018 1780 2046 ποιεῖσθαι
1811 2015 1873 2052 δεή-

180 2061 338 2096 orationes,
355 2059 585 2097 obsecrationes,
601 2059 869 2105 interpollaliones,
886 2060 1004 2099 gratia-

1093 2077 1117 2105 ς,
1167 2064 1328 2104 προσευχὰς,
1385 2063 1509 2096 ἐντεύξεις
1515 2087 1522 2101 ,
1581 2062 1747 2101 εὐχαριστίας
1806 2063 1873 2101 ὑπὲρ

180 2105 383 2136 rumuctiones
387 2113 445 2145 pro
455 2105 591 2136 omnibus
602 2104 786 2142 hominibus,
793 2114 848 2145 pro
854 2105 972 2145 regibus
979 2107 1006 2135 et

1091 2104 1156 2138 ντων
1199 2108 1354 2148 ἀνθρώπων,
1396 2109 1460 2147 ὑπὲρ
1502 2107 1632 2146 βασιλέων
1680 2107 1723 2134 καὶ
1765 2107 1873 2134 πάντων

181 2148 320 2180 omnibus
327 2150 381 2190 qui
387 2150 418 2181 in
426 2150 667 2180 eminentiasunt
679 2151 847 2180 conslituti:
862 2153 896 2181 ut
904 2149 1007 2189 placi-

1091 2167 1100 2182 ν
1127 2154 1153 2182 ἐν
1186 2155 1306 2193 ὑπεροχῇ
1332 2153 1424 2190 ὄντων,
1462 2153 1508 2180 ’ίνα
1537 2152 1634 2190 ἤρεμον
1673 2152 1716 2179 καὶ
1757 2151 1872 2191 ἡσύχιον

180 2194 292 2225 damae
300 2195 431 2234 quietam
442 2194 536 2225 vitam
551 2194 696 2235 degamus
713 2197 746 2225 in
761 2195 844 2225 omni
855 2195 1008 2234 pietaleac

1091 2211 1103 2227 ν
1139 2197 1272 2237 διάγωμεν
1314 2197 1340 2225 ἐν
1378 2197 1451 2235 πάσῃ
1488 2195 1603 2232 εὒσεϐείᾳ
1641 2197 1684 2224 καὶ
1713 2196 1871 2233 σεμνότητι.

180 2238 348 2283 honestate.
359 2239 437 2271 Nam
444 2238 498 2269 hoc
515 2239 622 2270 bonum
637 2243 680 2270 est
696 2243 723 2270 et
739 2242 892 2279 acceptum
904 2247 1008 2270 corum

1091 2247 1131 2272 310
1145 2243 1195 2283 γὰρ
1206 2242 1287 2271 καλὸν
1306 2244 1348 2271 καὶ
1364 2241 1520 2279 ἀπόδεκτον,
1537 2242 1649 2269 ἐνώπιον
1673 2252 1720 2269 του
1744 2243 1871 2280 Σωτῆρος

181 2282 344 2315 Saluatore
353 2287 455 2314 nostro
466 2283 536 2320 Deo,
546 2284 599 2323 qui
607 2288 728 2315 cuna/os
740 2284 875 2315 homines
881 2284 941 2315 ruit
949 2284 1008 2314 sal-

1091 2292 1125 2316 ῶν
1154 2282 1232 2317 Θεοῦ.
1255 2288 1283 2320 ὃς
1305 2287 1404 2318 πάντας
1426 2287 1575 2326 ἀνθρώπους
1599 2285 1668 2313 θέλει
1682 2287 1811 2322 σωθῆναι,
1829 2288 1873 2313 καὶ

182 2338 233 2360 vos
246 2328 316 2368 ﬁeri
329 2332 357 2360 et
367 2329 407 2360 ad
422 2331 621 2369 cognitionem
637 2330 772 2361 veritatis
781 2331 895 2361 venire.

222 2373 293 2404 218
307 2374 338 2405 Ιι]
354 2373 540 2413 quotidiano,
562 2373 669 2414 inquit,
690 2373 769 2404 cultu
782 2375 838 2405 hoc
849 2379 916 2406 ante
932 2373 1008 2405 alio-

1049 2334 1084 2365 εἶς
1100 2332 1238 2372 ἐπίγνωσιν
1261 2332 1381 2365 ἀληθείας
1397 2331 1495 2361 ἐλθεῖν.
1521 2343 1548 2360 ιι.

1091 2376 1183 2415 Ἐντῇ
1212 2378 1376 2416 καθημερινῇ
1404 2375 1521 2415 λατρεία,
1551 2379 1627 2403 τοῦτο
1663 2375 1713 2415 πρὸ
1741 2375 1790 2408 τῆς
1819 2376 1872 2403 τὼν

181 2428 246 2450 rum
271 2418 453 2449 mentionem
476 2417 524 2448 sit.
555 2430 566 2446 (ι
584 2417 621 2449 Ut
645 2418 715 2449 ﬁant
736 2418 971 2459 deprecationes.
991 2432 1005 2448 ι

1091 2428 1137 2450 λων
1173 2422 1283 2459 μνήμης
1310 2421 1366 2460 εἴη,
1396 2421 1471 2460 φησί.
1513 2430 1524 2449 α
1543 2422 1679 2448 Ποιεῒσθαι
1714 2419 1829 2454 δεήσεις.
1859 2433 1870 2446 u

180 2463 358 2504 Deprecatio
382 2462 502 2503 quidem
527 2467 571 2493 est
586 2462 761 2503 supplicatio
777 2473 828 2504 pro
843 2467 1008 2496 remotione

1091 2478 1149 2501 ησις
1165 2467 1213 2505 μὲν
1243 2466 1313 2494 ἔστιν
1344 2466 1427 2494 ἱκεσία
1461 2465 1524 2504 ὑπὲρ
1546 2464 1704 2504 ἀπαλλαγῆς
1746 2464 1873 2502 λυπηρῶν

183 2509 310 2541 tristium
327 2509 445 2541 oblata:
461 2509 628 2541 obsecratio
642 2519 711 2541 vero
728 2510 830 2550 petitio
847 2510 1006 2544 bonorum.

1091 2512 1263 2552 ωσφερομένη.
1292 2510 1434 2550 Προσευχη
1458 2509 1496 2547 δὲ,
1527 2510 1634 2543 αἴτησις
1661 2510 1777 2549 ἀγαθῶν,
1807 2507 1873 2539 ’Ἐν-

180 2554 485 2595 lnterpellatioautem
494 2558 538 2585 est
551 2554 586 2585 ad
596 2555 813 2586 accusationem
824 2556 1004 2587 nocentium.

1091 2557 1132 2590 ιξις
1169 2556 1208 2592 δὲ,
1239 2555 1385 2595 κατηγορία
1419 2558 1471 2583 τῶν
1513 2554 1680 2584 ἀδικούντων.
1713 2563 1728 2584 (
1753 2557 1873 2596 Εὖχαρι-

184 2598 368 2631 ιῧΐᾶιίᾶΐιιῐῐι
380 2598 524 2631 actiones.
542 2609 556 2629 ›
572 2598 695 2639 Oportet
711 2599 789 2630 enim
799 2600 908 2640 gratias
918 2610 1006 2641 agere

1091 2614 1132 2639 ας,
1152 2614 1165 2630 ι
1185 2607 1233 2630 Δεῖ
1254 2602 1303 2641 γὰρ
1332 2602 1498 2640 εὖχοριστεῖν
1519 2601 1583 2640 ὓπὲρ
1611 2604 1662 2628 τῶν
1685 2601 1721 2633 εἰς
1737 2601 1872 2636 ἀλλήλοηδς

181 2654 233 2685 pro
251 2643 337 2676 bonis
351 2653 417 2684 quae
430 2647 531 2675 mutuo
548 2644 626 2675 inter
637 2654 691 2675 nos
707 2644 791 2675 ﬁunt.
809 2657 822 2671 ‹‹
839 2646 894 2675 Pro
911 2645 1007 2676 omni-

1091 2646 1191 2684 ομένων
1233 2646 1348 2685 ἀγαθῶν,
1390 2656 1401 2672 α
1432 2641 1510 2684 ’Υπὲρ
1533 2646 1637 2674 πάντων
1672 2645 1829 2685 ἀνθρώπων,
1855 2657 1869 2677 ι

180 2689 236 2721 bus
246 2688 430 2720 hominibus.
445 2702 458 2717 ι
478 2688 551 2721 Cum
567 2689 646 2720 enim
664 2689 822 2730 episcopus
838 2690 1007 2722 communis

1091 2692 1161 2732 ιγὰρ
1189 2691 1344 2729 ἐπίσκοπον,
1375 2690 1462 2719 κοινὸν
1491 2691 1590 2729 πατέρα
1625 2690 1700 2728 ὅντα,
1737 2691 1793 2730 χρὴ
1809 2692 1873 2731 ὓπερ

222 2774 250 2800 η
262 2774 349 2805 Rom.
367 2782 410 2816 vr,
431 2775 475 2806 I3.
522 2775 551 2801 t5
566 2774 630 2806 Act.
646 2782 711 2812 xm,
727 2774 757 2812 9,
775 2783 860 2815 seqq.
