1947 3079
186 101 237 133 151

740 100 946 133 (ECUMENII
969 98 1117 131 TRIGCE
1138 96 1306 130 EPISCOPI

1820 95 1876 128 l5!

179 169 260 200 niam
273 177 343 207 ergo
360 166 514 208 oportebat
530 176 598 197 eum
624 166 676 207 qui
702 165 878 197 conciliator
896 166 948 196 {uti

1107 164 1189 204 ἐχειν,
1218 165 1264 193 ἵνα
1292 167 1335 193 καὶ
1369 169 1519 203 μεσιτεὺσαι
1561 164 1667 203 δυνηθῇ,
1698 166 1713 192 ὁ
1743 165 1801 195 Υἱὸς
1831 166 1876 190 τοῦ

182 217 272 249 esset,
290 211 445 242 amborum
463 221 529 242 esse
545 211 733 252 participem,
748 215 780 241 ut
795 211 882 242 etiam
908 210 1010 242 conci-

181 257 244 288 iare
259 259 369 298 posset,
400 255 494 286 Filius
522 255 578 286 Dei
607 259 676 286 ante
706 255 814 286 secula
842 255 1012 286 incarnatus

179 301 298 332 advenit
311 301 343 331 in
358 299 475 330 duabus
492 299 620 340 naturis,
637 308 744 339 nempe
769 299 799 329 in
814 299 966 330 divinitate
981 305 1011 329 et

180 346 364 378 humanitate
381 345 528 376 exsistens
547 355 553 376 :
572 349 601 375 et
615 343 646 374 in
659 343 747 375 unica
769 344 918 384 hypostasi
946 348 1010 384 post

180 391 334 427 unionem,
353 389 523 420 intellectus
538 392 567 420 et
580 388 730 420 adoratus.
748 388 821 419 Nam
838 388 863 419 si
886 389 914 418 in
931 388 1010 418 nuda

181 435 334 467 divinitate
355 434 540 475 apparuisset
565 433 652 464 nobis
673 433 861 474 Unigenitus,
878 442 936 464 non
953 443 1006 473 po-

178 480 283 511 tuisset
299 487 366 510 eum
392 478 470 509 ferre
497 481 650 516 creatura;
678 478 795 518 quando
825 487 921 518 neque
937 477 1008 511 Mosi

178 524 285 556 faciem
301 523 404 554 videre
428 526 564 562 poterant
578 522 632 553 ﬁlii
646 521 736 554 Israel
753 523 793 553 l8.
810 522 893 559 Quod
909 526 1007 553 autem

178 568 220 600 ait
235 577 243 600 :
260 567 343 599 Unus
359 569 451 604 Deus,
469 577 531 597 non
547 567 583 597 ad
601 566 822 598 distinctionem
839 567 905 598 Filii
921 566 1008 606 poni-

178 616 229 644 tur
242 617 291 643 aut
306 611 449 653 Spiritus.
466 611 572 643 Absit!
591 611 649 642 Sed
667 616 787 652 propter
801 612 866 642 illos
883 611 933 652 qui
950 620 1008 641 non

176 660 257 694 sunt,
275 660 305 688 et
319 660 419 687 tamen
434 656 577 687 dicuntur
587 655 640 687 dii.
651 656 799 692 Queritur
809 661 906 687 autem
919 665 1007 696 quam

177 702 214 733 ob
231 711 350 733 causam
367 700 496 741 Spiritus
521 709 580 731 non
612 701 795 732 meminerit.
811 701 955 737 Quoniam
972 699 1009 730 de

177 746 287 796 Graecis
300 754 399 796 sermo
408 749 482 783 erat,
490 745 527 796 de
538 745 613 786 ipsis
621 754 750 796 namque
760 745 913 777 dicebatur
924 754 930 776 :
948 756 958 773 ι
973 745 1009 776 Et
1021 772 1040 796 Β

176 791 214 823 ad
226 791 431 830 cognitionem
443 790 574 821 veritatis
583 790 715 822 venire.»
723 790 809 831 Apud
819 791 899 831 ipsos
909 795 1009 821 autem

179 840 243 867 erat
256 835 381 866 deorum
397 835 556 866 multitudo
575 844 582 866 :
605 839 634 866 et
649 835 688 866 ita
701 835 918 875 dispensatorie
935 834 1010 866 cavit

179 880 308 922 Spiritus
321 879 419 910 facere
435 879 630 918 mentionem,
642 889 679 911 ne
691 889 748 920 quo
760 880 849 911 modo
859 879 1011 910 videretur

177 926 302 957 deorum
329 924 474 955 inducere
504 924 737 956 multitudinem.
768 924 842 961 Quia
870 924 920 955 ubi
941 933 1007 955 cum

177 969 316 1001 ﬁdelibus
330 968 462 1006 disserit,
474 969 615 999 continue
627 969 694 1009 ejus
710 969 856 1006 meminit,
871 969 1008 1010 frequen-

179 1018 225 1046 ter
241 1014 330 1045 etiam
347 1013 451 1051 solius,
467 1013 579 1044 nullam
596 1013 707 1044 faciens
719 1013 900 1044 mentionem
915 1013 1008 1045 Patris

177 1063 207 1090 et
221 1058 300 1090 Filii.
320 1070 333 1086 α
352 1057 448 1089 Homo
461 1057 598 1088 Christus
612 1057 708 1090 Jesus.
723 1070 737 1086 ι)
750 1058 1007 1095 Quemadmodum

178 1107 240 1135 erat
254 1103 356 1140 homo,
372 1102 413 1133 ita
424 1106 487 1132 erat
497 1106 525 1132 et
536 1102 625 1141 Deus,
638 1103 888 1142 inseparabiliter,
901 1103 1008 1134 incon--

177 1148 256 1179 fuse.
276 1147 348 1178 220
380 1158 391 1175 α
410 1146 469 1183 Qui
497 1147 580 1178 dedit
604 1147 798 1187 semetipsum
815 1147 941 1187 pretium
957 1156 1008 1178 re-

177 1192 360 1232 demptionis
378 1200 431 1232 pro
460 1191 610 1222 omnibus.
633 1204 644 1220 η
676 1191 771 1223 Etiam
797 1192 919 1223 Graecis;
942 1191 1008 1232 Ipse

176 1236 326 1277 siquidem
342 1245 395 1276 pro
409 1235 548 1267 omnibus
561 1240 694 1267 mortuus
709 1240 755 1267 est
768 1246 774 1266 :
792 1240 822 1267 tu
834 1240 932 1267 autem
949 1245 1008 1266 non

176 1280 334 1312 adduceris
340 1280 423 1310 utvel
432 1280 564 1320 preceris
573 1289 626 1320 pro
637 1280 786 1311 omnibus.
800 1280 1009 1311 Animadverte

177 1329 275 1356 autem
291 1326 371 1365 quod
388 1326 448 1356 ait:
470 1337 480 1353 ι
500 1325 557 1361 Qui
573 1325 656 1356 dedit
679 1325 886 1365 semetipsum.
904 1337 915 1354 ι
934 1324 1006 1355 Nam

176 1370 234 1401 hoc
250 1373 353 1400 contra
367 1369 495 1400 Arianos
506 1374 551 1400 est
563 1370 614 1410 qui
625 1369 729 1400 dicunt
743 1369 821 1409 quod
834 1369 938 1399 nolens
951 1373 1006 1399 tra-

178 1414 257 1445 ditus
272 1416 322 1444 sit.
341 1413 398 1450 Qui
412 1418 458 1444 est
484 1418 582 1445 autem
610 1414 739 1454 pretium
767 1413 1008 1454 redemptionis?

179 1457 314 1490 Obnoxia
330 1463 393 1489 erat
408 1463 515 1489 natura
529 1462 563 1490 ut
575 1458 699 1499 periret,
711 1461 741 1489 at
754 1458 803 1489 ille
813 1458 1008 1498 semetipsum

177 1511 230 1543 pro
247 1502 311 1543 ipsa
325 1502 418 1533 dedit.
440 1515 454 1530 α
471 1501 700 1534 Testimonium.
716 1515 726 1530 ι
743 1503 807 1534 Hoe
823 1503 878 1540 est,
890 1511 942 1542 per
951 1507 1010 1533 tes-

177 1546 334 1578 timonium
350 1546 411 1578 sive
427 1547 600 1588 martyrium
615 1547 710 1578 factus
726 1551 770 1577 est
785 1546 878 1577 Filius
888 1547 1006 1578 redem-

178 1591 288 1633 ptionis
302 1591 457 1632 pretium:
481 1591 559 1633 quod
589 1591 790 1632 interpretans
815 1591 887 1622 dicit
914 1601 1006 1630 nunc,

177 1636 256 1677 quod
273 1637 401 1676 pretium
411 1636 628 1677 redemptionis
637 1642 724 1668 vocet
736 1646 815 1667 nunc
823 1637 1004 1677 martyrium,

175 1682 233 1713 hoc
249 1685 294 1712 est
305 1681 485 1722 passionem.
501 1681 588 1713 Venit
602 1681 681 1712 enim
693 1681 896 1712 testimonium
908 1681 1006 1713 ferens

175 1725 289 1757 veritati
307 1736 314 1756 :
331 1735 399 1756 nam
416 1735 471 1766 per
492 1735 527 1757 ea
557 1735 622 1766 quae
636 1725 706 1757 fecit
731 1729 853 1757 testatus
867 1729 911 1756 est
927 1726 1005 1766 quod

177 1774 256 1802 esset
271 1770 405 1802 Christus
419 1770 511 1802 Filius
526 1770 581 1801 Dei
597 1780 690 1811 usque
705 1770 743 1801 ad
754 1773 893 1802 mortem.
906 1769 1005 1811 Siqui-

178 1815 246 1846 dem
263 1815 327 1856 ipse
342 1817 460 1846 Patrem
486 1815 694 1853 manifestavit,
726 1818 757 1847 et
784 1824 884 1846 verum
901 1815 1008 1855 dogma

172 1868 334 1901 veramque
363 1860 452 1891 vitam
483 1860 683 1899 evangelicam
727 1860 792 1900 ipse
833 1860 1005 1892 introduxit.

176 1917 190 1932 α
208 1904 410 1946 Temporibus
425 1904 497 1936 suis.
519 1916 531 1933 ι
557 1904 620 1935 Hoc
647 1908 703 1941 est,
721 1904 840 1944 quando
865 1909 948 1935 recte
975 1915 1007 1936 se

175 1948 327 1980 habebant
339 1949 475 1980 homines
491 1948 528 1980 ad
545 1949 645 1980 ﬁdem.
656 1948 698 1980 Ita
708 1949 782 1980 dicit
792 1948 930 1979 Clemens
941 1958 1004 1990 sep-

172 1993 245 2025 timo
261 1994 518 2033 Informationum
535 1993 612 2024 libro
631 2002 638 2025 :
659 2004 673 2023 ε
690 1993 889 2034 Temporibus
904 1993 975 2025 suis.
990 2006 1003 2021 η

172 2037 231 2068 Per
258 2038 474 2079 testimonium,
504 2038 612 2078 inquit,
645 2038 708 2069 sive
735 2037 909 2078 martyrium
925 2037 1008 2069 dedit

174 2083 370 2123 semetipsum
401 2083 528 2123 pretium
548 2082 765 2123 redemptionis
783 2092 789 2113 :
807 2082 863 2112 hoc
880 2086 935 2117 est,
954 2092 1007 2122 per

173 2127 356 2166 passionem.
373 2126 446 2158 Nam
463 2127 493 2158 in
509 2136 545 2158 ea
561 2127 733 2158 testiﬁcatus
762 2131 807 2157 est
823 2126 860 2158 de
876 2127 1005 2158 bonitate

173 2171 279 2209 Patris,
298 2171 376 2213 quod
392 2171 456 2212 ipse
473 2172 627 2213 proprium
633 2171 745 2213 deserit
757 2171 864 2203 Filium
875 2181 882 2202 :
893 2172 1006 2213 ipsiau-

172 2216 233 2242 tem
250 2211 315 2242 non
324 2211 504 2252 quieverunt
527 2211 565 2243 ab
588 2211 744 2243 inimicitia
760 2221 847 2252 quam
864 2211 1006 2243 adversus

172 2266 241 2288 eum
253 2257 407 2296 gerebant,
423 2257 476 2288 sed
492 2261 521 2288 et
531 2257 640 2288 Filium
652 2257 876 2289 cruciﬁxerunt.
890 2257 926 2287 Et
936 2257 1006 2298 quia

171 2301 238 2341 ipse
255 2301 469 2342 promissiones
481 2301 524 2332 eis
539 2302 692 2337 complere
700 2301 792 2342 cupit,
808 2301 943 2342 ipsivero
955 2311 1005 2332 no-

171 2345 254 2384 lunt;
270 2346 379 2377 factum
395 2346 469 2378 dicit
483 2346 670 2387 temporibus
684 2347 758 2385 suis,
777 2347 834 2377 hoc
845 2350 890 2377 est
906 2346 1004 2386 praeﬁ-

170 2390 284 2430 guratis
300 2394 328 2422 et
343 2395 430 2422 antea
458 2391 589 2422 deﬁnitis
604 2401 621 2422 a
635 2395 738 2422 sancta
753 2400 787 2422 ac
804 2391 888 2422 beata
903 2390 1003 2421 Trini-

170 2439 240 2466 tate.
258 2446 270 2464 α
288 2435 335 2467 Ad
350 2434 429 2476 quod
445 2436 560 2476 positus
576 2445 643 2467 sum
658 2445 723 2476 ego.
745 2448 756 2464 ι
776 2436 821 2467 Ad
834 2435 914 2476 quod
926 2435 1004 2466 testi-

169 2479 305 2511 monium
317 2484 346 2511 et
363 2481 540 2521 passionem,
575 2490 629 2521 ego
660 2480 773 2520 positus
801 2490 835 2512 ac
861 2479 1002 2511 deﬁnitus

168 2533 234 2555 sum
250 2534 360 2565 praeco,
378 2529 411 2555 ut
436 2525 550 2566 ubique
577 2525 768 2557 manifestum
784 2525 888 2556 faciam
905 2524 1002 2555 crucis

168 2569 354 2610 mysterium.
371 2569 517 2606 Quoniam
533 2575 630 2601 autem
656 2569 792 2601 dicturus
817 2573 881 2600 erat
894 2569 1001 2600 doctor

165 2614 313 2654 gentium,
329 2613 507 2646 incredibile
521 2619 620 2646 autem
637 2614 792 2645 videbatur
807 2614 885 2655 quod
899 2613 998 2644 idolo-

165 2657 249 2690 latrae
263 2663 364 2691 essent
378 2659 512 2690 advocati
527 2659 565 2690 ad
589 2659 728 2697 salutem,
747 2659 815 2689 ideo
832 2657 994 2698 praemittit,

205 2743 234 2769 ⁴8
247 2743 339 2776 Exod.
359 2752 460 2783 xxxiv,
478 2745 538 2785 35;
556 2743 582 2776 ΙΙ
597 2744 666 2776 Cor.
683 2752 727 2780 Ill,
750 2743 797 2775 i3.

1017 1411 1188 1458 Οι.ι.ιιρτύριον
1217 1409 1299 1450 λέγει,
1335 1411 1459 1458 ’τουτέστι
1487 1413 1519 1458 τὸ
1560 1412 1654 1458 πᾷθος.

1053 212 1117 237 6εοῦ
1138 211 1152 237 ὁ
1187 209 1344 249 προαιώνιος
1380 210 1476 249 Λόγος,
1512 211 1654 249 σαρκωῡεὶς
1684 208 1876 248 παραγέγονεν,

1053 253 1083 281 ἐκ
1107 253 1151 282 δύο
1173 254 1288 293 φύσεων,
1318 257 1378 283 οἷον
1399 255 1429 282 ἐκ
1457 255 1582 287 Θεότητος
1610 255 1654 282 καὶ
1678 253 1879 292 ἀνθρωοότητος

1053 299 1190 338 ὖπάρχων,
1223 300 1266 326 καὶ
1288 298 1315 326 ἒν
1343 302 1391 336 μιᾷ
1425 300 1567 327 ὑποστάσει
1596 299 1663 336 μετὰ
1710 298 1759 331 τὴν
1786 298 1882 326 ἕνωσιν

1053 343 1194 380 νοούμενος
1230 344 1273 371 καὶ
1307 344 1543 382 προσκυνούμενος.
1584 343 1612 371 ΕΞ
1659 343 1709 382 γὰρ
1729 345 1819 381 γυμνῇ
1847 343 1882 377 τῇ

1050 387 1154 420 θεότητι
1181 387 1300 427 ἐπεφάνη
1321 389 1389 425 ἡμῖν
1419 389 1433 415 ὁ
1463 389 1626 426 Μονογενής,
1649 388 1696 416 οιῖικ
1719 387 1750 414 ἂν
1765 386 1879 423 ἤνεγκεν

1049 431 1067 465 ἡ
1082 432 1165 463 κτίσις
1180 433 1269 472 αὐτὸν,
1285 432 1351 460 ὅπου
1372 443 1402 471 γε
1418 433 1448 460 τὸ
1462 432 1602 472 πρόσωπον
1619 431 1735 462 Μωσέως
1749 430 1816 459 ἰδεῖν
1829 431 1878 458 οὒκ

1050 475 1146 516 ἴσχυον
1159 478 1182 504 οἱ
1194 478 1243 505 υἱοὶ
1259 476 1376 516 Ἰσραήλ.
1394 478 1429 506 Τὸ
1451 476 1489 514 δὲ,
1522 487 1533 505 ι
1560 479 1608 508 Εἷς
1621 478 1699 513 Θεὸς,
1719 488 1730 504 ι
1765 477 1795 503 οὗ
1809 475 1877 514 πρὸς

1050 519 1249 554 ἀντιδιαστολὴν
1283 521 1373 549 κεῖται
1407 526 1452 550 τοῦ
1486 523 1546 549 Υἱοῦ
1579 521 1597 554 ἦ
1632 524 1679 549 τοῦ
1707 522 1876 558 Πνεύματος,

1050 564 1135 604 ἄπαγε
1151 564 1157 594 ί
1175 564 1242 592 ἄλλα
1256 566 1320 604 πρὸς
1334 566 1395 597 τοὺς
1411 565 1458 594 οὒκ
1473 565 1562 602 ὄντας,
1574 565 1732 604 λεγομένους
1748 564 1775 592 δὲ
1789 564 1876 596 050'};

1051 610 1177 642 Ζητεῖται
1203 609 1231 637 δὲ
1266 609 1308 637 διὰ
1335 610 1359 638 τί
1386 614 1432 638 τοῦ
1463 610 1615 648 Πνεύματος
1650 610 1699 638 οὒκ
1739 609 1876 646 ἐμνήσθη.

1051 652 1159 687 Ἐπειδῆ
1177 655 1236 694 περὶ
1269 650 1404 689 1Ελλήνων
1433 656 1447 683 ὁ
1471 654 1550 694 λόγος
1572 655 1616 688 ἧν.
1644 655 1710 693 Περί
1727 656 1810 684 αὐτῶν
1827 654 1879 692 γὰρ

1050 699 1092 735 τὸ,
1112 710 1126 725 ι
1151 700 1199 727 Καὶ
1214 699 1250 731 εἰς
1265 698 1408 738 ἐπίγνωσιν
1422 699 1544 732 ἀληθείας
1559 699 1659 730 ὶλθεῖν,
1679 710 1692 727 ι
1711 697 1777 737 Παρ⁴
1788 699 1878 726 dmin

1051 741 1078 770 δὲ
1113 742 1240 771 πολυθεία
1273 743 1317 778 ἦν,
1354 745 1398 771 καὶ
1440 743 1584 783 ἐφυλάξατο
1626 744 1800 781 οἰκονομικῶς
1830 745 1878 770 τοῦ

1052 787 1201 824 Πνεύματος
1227 790 1386 825 μνησθῆναι,
1415 789 1452 826 μή
1482 800 1539 820 πως
1567 787 1630 826 δόξῃ
1659 787 1802 816 πολυθείαν
1817 787 1876 814 εἱσ-

1050 832 1134 870 άγειν.
1153 831 1226 860 Ἐπεὶ
1254 832 1314 860 ἔνθα
1335 840 1441 864 πιστοῖς
1472 832 1632 872 διαλέγεται,
1655 835 1774 872 συνεχῶς
1795 833 1877 860 αὐτοῦ

1051 875 1195 914 μέμνηται,
1225 876 1352 909 πολλάκις
1386 879 1429 905 καὶ
1459 877 1549 915 μόνου,
1581 878 1620 915 μὴ
1641 878 1726 917 φέρων
1762 877 1876 914 μνήμην

1051 921 1152 961 ῌατρὸς
1174 921 1217 950 καὶ
1242 923 1311 950 Τίου.
1353 932 1364 948 ι
1391 917 1539 961 Ἀνθρωπος
1576 923 1686 960 Χριστὸς
1721 924 1838 954 “navim.
1861 932 1872 948 ι

1052 959 1160 1004 (Ὠσπερ
1185 965 1218 998 ἦν
1241 965 1388 1004 ἅνθρωπος,
1419 966 1501 998 οὕτως
1519 968 1552 1000 ἦν
1577 967 1620 994 καὶ
1650 967 1727 1001 Θεὸς,
1756 965 1876 1005 ὰδιαιρέ-

1049 1019 1113 1045 τως,
1144 1009 1312 1049 ὰσυγχύτως.
1339 1022 1352 1037 ε
1380 1005 1409 1039 ’0
1436 1009 1496 1041 δοὺς
1525 1010 1619 1039 ἑαυτὸν
1643 1010 1793 1049 ἀντίλυτρον

1051 1053 1165 1090 πάντων,
1184 1065 1198 1081 ι
1226 1055 1270 1082 καὶ
1293 1050 1439 1090 Ἑλλήνων.
1464 1054 1584 1087 Ἐκεῖνος
1610 1055 1660 1092 μὶν
1688 1055 1732 1083 οὖν
1748 1055 1878 1083 ἀπέθανεν

1051 1098 1115 1137 ὑπὲρ
1142 1098 1259 1136 πάντων,
1282 1099 1312 1126 σὺ
1334 1098 1360 1127 δὲ
1387 1099 1505 1132 εὔξασθαι
1527 1101 1574 1127 οὒκ
1597 1099 1709 1139 ἀνέχῃ;
1736 1095 1810 1139 ’Ὅρα
1848 1099 1876 1127 δὲ

1051 1143 1092 1179 τὸ,
1113 1152 1125 1170 α
1145 1143 1210 1174 Δοὺς
1233 1144 1336 1174 ἑαυτὸν.
1362 1154 1374 1171 ο
1401 1145 1472 1173 Κατὰ
1488 1144 1630 1184 Ἀρειανῶν
1643 1146 1694 1183 γὰρ
1708 1148 1797 1175 τοῦτο,
1820 1148 1876 1172 τῶν

1051 1186 1195 1226 λεγόντων,
1224 1188 1264 1216 ὅτι
1292 1187 1363 1216 ἄκων
1392 1188 1535 1227 παρεδόθη,
1561 1187 1637 1217 Τίδέ
1669 1189 1739 1217 ἐστιν
1766 1189 1875 1217 ἀντίλυ-

1050 1241 1130 1271 τρον;
1163 1227 1284 1272 "Evoxo:
1312 1233 1344 1266 ἦν
1372 1234 1389 1267 ἡ
1419 1234 1505 1273 φύσις,
1542 1234 1611 1262 ὥστε
1640 1233 1796 1273 ἂπόλέσθαι,
1812 1233 1872 1261 ειλλ¹

1051 1275 1106 1304 ἄντ’
1122 1275 1224 1310 ἐκείνης
1249 1277 1346 1305 ἀαυτὸν
1369 1277 1460 1308 ἔδωκε.
1491 1289 1503 1306 ί
1522 1279 1558 1307 Τὸ
1584 1278 1735 1318 μαρτύριον,
1756 1290 1768 1308 ι
1787 1283 1874 1307 Τουτ-

1049 1319 1116 1362 ξοτι,
1140 1319 1182 1348 διὰ
1215 1326 1260 1351 τοῦ
1281 1322 1419 1362 μαρτυρίου
1446 1323 1551 1361 ἐγένετο
1577 1323 1591 1350 ὁ
1622 1323 1682 1354 Υἱὸς
1704 1322 1871 1362 ἀντίλυτρον,

1051 1360 1089 1394 “Ὀ
1111 1364 1306 1406 ἔφιρμηνεύων,
1320 1360 1411 1395 ντοῧτό
1435 1360 1499 1406 φησι
1523 1370 1578 1404 νῦν,
1611 1366 1652 1394 ὅτι
1675 1360 1829 1407 ἀντίλυτρον
1843 1370 1873 1396 τὸ

1704 1407 1783 1441 Ἦλθε
1823 1414 1876 1452 γὰρ

1051 1455 1223 1493 μαρτυρήσων
1256 1458 1291 1493 τῇ
1331 1455 1451 1492 ἀληθείᾳ,
1487 1455 1666 1495 Ἐμαρτύρησε
1694 1458 1744 1496 γὰρ
1773 1457 1808 1485 δι’
1838 1459 1875 1484 ὧν

1049 1498 1187 1538 ἔπραττεν,
1209 1499 1250 1528 ὅτι
1266 1501 1340 1533 αὐτός
1355 1502 1426 1529 ὶττιν
1443 1502 1457 1529 ὁ
1483 1502 1594 1540 Χριστὸς
1622 1502 1636 1529 ὁ
1653 1503 1711 1534 Υἱὸς
1727 1506 1773 1531 τοῦ
1795 1507 1875 1540 Θεοῦ,

1050 1543 1131 1583 μέχρι
1159 1545 1281 1575 Θανάτου.
1312 1546 1360 1574 Καὶ
1381 1546 1431 1585 γὰρ
1459 1547 1536 1578 αὐτὸς
1565 1547 1610 1574 τὸν
1644 1547 1747 1586 Πατέρα
1775 1547 1876 1587 ἐρα-θέο

1049 1599 1127 1626 ρωοε,
1151 1590 1194 1617 καὶ
1216 1590 1245 1617 τὸ
1260 1589 1355 1623 ἀληθὲς
1371 1589 1458 1630 δόγμα
1471 1592 1516 1618 καὶ
1538 1591 1582 1618 τὸν
1598 1589 1684 1624 ἀληθῆ
1701 1593 1743 1620 καὶ
1760 1591 1876 1631 ἀγγελι-

1048 1633 1095 1661 κὸν
1110 1633 1164 1670 βίον
1191 1633 1268 1665 αὐτὸς
1291 1635 1465 1674 εἰσηγήσατο,
1491 1646 1504 1662 ι
1522 1639 1630 1674 Καιροῖς
1655 1634 1742 1673 ἰδίοις,
1761 1648 1775 1664 ι
1795 1638 1872 1676 φησί.

1049 1677 1197 1715 Τουτὲστιν,
1226 1677 1270 1706 ὅτε
1297 1678 1450 1712 ἐπιτηδείως
1471 1680 1550 1719 εἶχον
1581 1681 1645 1718 πρὸς
1674 1681 1724 1714 τὴν
1746 1682 1836 1709 πίστιν
1852 1683 1876 1710 οἱ

1048 1720 1188 1762 ἅνθρωποι.
1206 1723 1293 1755 Οὕτως
1309 1725 1323 1752 ὸ
1348 1723 1460 1761 Κλήμης
1484 1724 1511 1752 ὲν
1525 1719 1550 1760 ζ’
1573 1735 1585 1752 ο
1603 1720 1815 1753 ιι’ποτυπώοιεων
1830 1734 1837 1740 ’
1861 1737 1873 1753 ι

1051 1777 1062 1794 ι
1083 1771 1192 1806 Καιροῐς
1216 1768 1298 1800 ἰδίοις.
1318 1779 1332 1795 ι
1365 1769 1414 1796 Διὰ
1441 1770 1488 1796 τοῦ
1512 1769 1653 1809 μαρτυρίου
1681 1768 1778 1798 ἔδωκεν
1807 1771 1874 1798 ἐαυ-

1047 1812 1105 1851 τὸν,
1134 1813 1224 1852 φησὶν,
1240 1812 1400 1852 ἀντίλυτρον.
1433 1814 1481 1841 Διὰ
1495 1817 1540 1842 τοῦ
1563 1815 1714 1854 μαρτυρίου,
1738 1815 1874 1847 τουτέστι,

1049 1860 1095 1885 τοῦ
1109 1856 1206 1889 πάθους
1237 1857 1275 1896 (ἐν
1304 1859 1374 1895 αὺτῴ
1401 1859 1450 1897 γὰρ
1472 1857 1608 1897 ἐμαρτύρει
1637 1862 1671 1897 τῇ
1692 1863 1739 1887 τοῦ
1768 1861 1874 1899 [ἰατρὸς

1049 1900 1193 1939 ἀγαθότητι
1223 1901 1262 1929 ὅτι
1293 1903 1371 1934 αυτὸς
1412 1903 1456 1930 καὶ
1490 1904 1534 1931 τὸν
1570 1904 1628 1931 ι’ἱὸν
1657 1902 1763 1935 ἔδωκεν.
1796 1907 1876 1934 Αὖτοὶ

1048 1943 1074 1972 δὲ
1104 1947 1152 1978 τῆς
1179 1946 1244 1985 πρὸς
1273 1947 1350 1974 αυτὸν
1378 1947 1473 1987 ἔχθρας
1519 1950 1565 1976 οὒκ
1605 1947 1763 1985 ἐπαύσαντο,
1806 1949 1877 1977 ἀλλὰ

1047 1990 1090 2016 καὶ
1124 1993 1170 2017 τὸν
1191 1991 1250 2018 ι’ἱὸν
1277 1991 1453 2031 ἐσταύρωσαν,
1479 1993 1526 2021 Καὶ
1551 1991 1591 2019 ὅτι
1621 1992 1697 2025 miti);
1727 1994 1775 2025 τὰς
1791 1994 1874 2034 ἐπαγ-

1048 2033 1136 2073 γελίας
1163 2035 1254 2067 αὐτοῖς
1286 2035 1425 2075 πληρῶσαι
1449 2035 1529 2073 θέλει,
1560 2036 1632 2064 αὖτοὶ
1658 2035 1685 2064 δὲ
1713 2039 1742 2066 οὗ
1764 2038 1876 2075 βούλον-

1048 2078 1115 2117 ται),
1146 2083 1191 2107 τοῦ
1219 2081 1323 2119 καιροῖς
1352 2079 1436 2117 ἰδίοις,
1467 2082 1542 2121 φησὶ,
1563 2081 1716 2122 γενομένου,
1739 2083 1872 2123 τουτέστι,

1016 2117 1292 2162 Ι)προ⁴τετυ·ινωμὲνοις
1322 2126 1364 2153 καὶ
1411 2127 1605 2165 προορισθεϊσιν
1639 2127 1689 2154 ὑπὸ
1717 2128 1766 2160 της
1794 2117 1873 2166 ἅγίας

1046 2168 1089 2195 καὶ
1106 2169 1235 2208 μακαρίας
1268 2169 1386 2209 Τριάδος,
1422 2181 1433 2198 ι
1454 2171 1496 2201 Εἰς
1521 2171 1534 2198 ὃ
1556 2170 1647 2203 ἐτέθην
1673 2170 1737 2209 ἐγώ.
1757 2182 1769 2199 ι
1798 2173 1843 2203 Εἰς
1860 2173 1873 2199 ὃ

1047 2213 1187 2251 μαρτύριον
1221 2214 1265 2242 καὶ
1293 2215 1387 2250 πάθος,
1432 2215 1485 2253 ἐγὼ
1523 2214 1614 2248 ἐτέθην
1643 2215 1687 2243 καὶ
1718 2215 1872 2255 ἂφωρίσθην

1046 2256 1137 2300 κήρυξ,
1159 2258 1205 2286 ’ίνα
1230 2263 1369 2299 πανταχοῦ
1388 2259 1526 2300 καταφανῆ
1547 2260 1653 2294 ποιήσω
1674 2261 1719 2287 τὸν
1745 2261 1871 2300 σταυρόν.

1051 2296 1159 2336 Ἐπειδὴ
1183 2302 1210 2330 δὲ
1225 2303 1318 2341 ἔμελλε
1329 2304 1427 2343 λέγειν,
1447 2303 1617 2335 «διδάσκαλος
1633 2305 1743 2345 ὲθνῶν,ι
1760 2304 1874 2334 ἄπιστον

1047 2344 1073 2374 δὲ
1094 2346 1178 2375 ἐδόκει
1212 2349 1234 2376 εἰ
1256 2348 1474 2388 προσεκλήθησαν
1489 2351 1512 2376 οἱ
1537 2347 1733 2388 εἰδωλολάτραι,
1759 2361 1876 2389 προανα-

1045 2398 1140 2430 φωνεῐ·
1153 2403 1166 2419 α
1181 2391 1320 2427 ’Λλήθείαν
1331 2393 1412 2434 λέγω,
1424 2396 1453 2423 οὖ
1463 2393 1603 2432 das-350mm.
1620 2406 1631 2423 ι
1641 2405 1694 2421 -ε
1709 2393 1873 2424 Διδάσκαλο-

1045 2435 1136 2467 ὲθνῶν.
1157 2447 1170 2464 ι
1199 2436 1307 2471 Ἐπειδὴ
1343 2439 1380 2466 ἔνι
1414 2440 1459 2467 καὶ
1498 2439 1719 2478 παρατρεχόντως
1749 2440 1873 2480 κηρῦξαι,

1044 2479 1176 2521 ἐπήγαγε,
1210 2481 1382 2514 Διδάσκαλος,
1410 2485 1446 2512 Οὔ
1474 2484 1523 2522 γὰρ
1544 2483 1656 2523 ὲκήρυξα
1679 2483 1771 2521 μόνον.
1802 2485 1873 2513 ἀλλὰ

1042 2526 1084 2553 καὶ
1101 2526 1260 2564 παραμένων
1288 2526 1432 2559 ἐδίδασκον,
1459 2532 1541 2557 Τοῦτο
1569 2527 1597 2556 δὲ
1626 2528 1676 2562 τὴν
1687 2529 1746 2567 περὶ
1760 2530 1794 2557 τὰ
1810 2529 1873 2564 ἔθνη

1041 2569 1156 2603 σπουδὴν
1171 2576 1217 2600 τοῦ
1234 2576 1298 2601 Θεοῦ
1324 2571 1493 2604 ἐνδείκνυται,
1523 2585 1536 2600 α
1562 2572 1605 2601 Ἐν
1625 2573 1711 2601 πίστει
1735 2575 1779 2601 καὶ
1797 2574 1872 2608 ἆλη-

1040 2615 1106 2650 θείᾳ.
1127 2627 1140 2642 ³
1153 2614 1262 2649 Ἐπειδὴ
1279 2617 1367 2653 εἶπεν,
1387 2616 1430 2646 Ἐν
1446 2618 1543 2654 πίστει,
1571 2618 1617 2645 ἵνα
1633 2619 1671 2655 μή
1700 2629 1741 2650 τις
1758 2629 1873 2658 νομισῃ,

1039 2658 1080 2687 ὅτι
1094 2659 1186 2692 ἀπάτη
1216 2659 1296 2699 ἐστὶν,
1327 2662 1432 2702 ἐπάγει,
1461 2661 1506 2692 Ἐν
1530 2661 1651 2698 ἀληθεία,
1682 2662 1718 2692 Οὖ
1744 2673 1874 2702 κηρυσσω
