1947 3079
185 102 236 134 151

738 101 944 134 CEGUMENII
966 99 1114 132 TRIGC/E
1135 97 1304 132 EPISCOPI

1817 97 1874 129 152

179 170 259 201 niam
272 178 342 208 ergo
359 167 513 209 oportebat
529 177 596 198 eum
623 168 674 208 qui
700 167 875 198 conciliator
893 167 948 197 fut:

1105 165 1187 206 ἔχειν,
1216 167 1262 194 ἵνα
1290 168 1333 194 καὶ
1367 171 1517 204 μωιτεύσαι
1558 166 1665 204 δυνηθῇ,
1695 167 1710 194 ὁ
1739 167 1799 196 Υἱὸς
1828 168 1874 192 τοῦ

182 219 271 251 esset,
289 213 444 244 amborum
462 222 528 244 esse
544 213 732 253 participem,
746 216 777 243 ut
792 212 879 244 etiam
905 212 1007 243 conci-

181 259 243 290 iare
257 261 368 299 posset,
398 256 492 288 Filius
521 257 576 287 Dei
606 260 674 287 ante
704 256 812 287 saecula
839 256 1009 287 incarnatus

178 303 297 334 advenit
311 303 341 332 in
357 300 474 332 duabus
490 301 618 341 naturis,
635 309 742 341 nempe
766 300 797 331 in
811 300 964 331 divinitate
979 306 1008 330 el.

179 347 363 379 humanitate
379 346 527 377 exsistens
545 356 552 377 :
570 345 644 376 etin
657 345 744 377 unica
768 345 916 385 hypostasi
943 349 1008 385 post

179 392 333 429 unionem,
352 391 522 422 intellectus
537 394 565 421 et
578 390 728 421 adoratus.
746 389 818 421 Nam
835 389 860 420 si
884 390 912 420 in
929 389 1007 420 nuda

180 437 333 468 divinitate
353 435 538 476 apparuisset
563 435 650 466 nobis
671 435 858 475 Unigenitus,
875 444 933 465 non
951 444 1004 474 po-

177 481 282 512 tuisset
297 489 364 511 eum
391 480 469 510 ferre
495 482 649 517 creatura;
676 479 792 520 quando
822 489 919 520 neque
935 479 1006 512 Mosi

177 526 284 557 faciem
299 525 402 556 videre
426 528 562 564 poterant
576 524 630 555 filii
645 523 734 555 Israel
751 524 790 555 l8.
807 524 891 561 Quod
906 528 1005 555 autem

177 569 219 601 ait
234 579 241 602 :
258 569 341 601 Unus
358 570 449 606 Deus,
468 578 529 599 non
545 568 581 599 ad
599 568 820 600 distinctionem
836 568 903 600 Filii
918 568 1006 608 poni-

177 618 227 645 tur
240 618 289 645 aut
304 613 447 654 Spiritus.
464 612 570 644 Absit!
589 613 646 644 Sed
664 618 785 654 propter
798 613 864 644 illos
881 613 930 654 qui
947 621 1006 643 non

175 662 256 696 sunt,
274 662 303 690 et
318 662 417 689 tamen
433 658 574 688 dicuntur
585 657 638 689 dii.
649 657 796 694 Quaeritur
807 662 904 689 autem
917 666 1005 698 quam

175 703 213 735 ob
229 712 349 734 causam
366 702 493 743 Spiritus
519 711 579 732 non
610 703 792 734 meminerit.
808 702 952 739 Quoniam
969 701 1006 732 de

175 748 286 780 Graecis
298 756 398 778 sermo
406 751 480 784 erat,
488 747 525 777 de
536 746 611 787 ipsis
619 756 748 788 namque
757 747 911 779 dicebatur
921 756 928 778 ;
945 758 956 774 α
970 747 1006 777 Et

175 793 212 824 ad
224 792 429 832 cognitionem
441 792 572 822 veritatis
581 792 712 824 venire.»
721 793 806 833 Apud
816 792 896 833 ipsos
906 796 1005 823 autem

177 841 241 869 erat
254 837 380 868 deorum
396 836 554 868 multitudo
572 846 579 868 :
602 840 632 868 et
646 837 686 867 ita
699 837 916 877 dispensatorie
932 836 1007 868 cavit

177 881 306 923 Spiritus
319 882 417 912 facere
433 881 628 920 mentionem,
639 891 677 912 ne
689 891 745 922 quo
758 881 846 913 modo
857 882 1008 912 videretur

175 927 300 959 deorum
327 925 472 957 inducere
502 926 734 957 multitudinem.
765 926 839 962 Quia
868 926 917 957 ubi
938 935 1004 957 cum

175 971 314 1003 ﬁdelibus
328 970 460 1008 disserit,
472 971 612 1001 continue
625 971 691 1010 ejus
707 971 853 1008 meminit,
868 971 1005 1011 frequen-

177 1020 223 1047 ter
239 1016 328 1046 etiam
346 1015 449 1053 solius,
465 1015 576 1046 nullam
593 1015 704 1046 faciens
717 1016 898 1047 mentionem
912 1016 1006 1046 Patris

175 1065 205 1092 et
219 1060 299 1092 Filii.
318 1072 331 1088 α
351 1059 446 1091 Homo
459 1059 596 1090 Christus
609 1059 706 1092 Jesus.
721 1072 734 1088 ιι
748 1059 1004 1096 Quemadmodum

176 1109 239 1137 erat
253 1105 354 1142 homo,
370 1104 411 1134 ita
422 1108 485 1134 erat
495 1108 523 1134 et
535 1103 622 1142 Deus,
635 1105 885 1144 inseparabiliter,
898 1105 1005 1136 incon-~

175 1149 254 1181 fuse.
274 1149 346 1179 220
378 1159 389 1177 α
407 1148 467 1185 Qui
495 1149 577 1180 dedit
602 1149 795 1189 semetipsum
813 1149 938 1189 pretium
954 1159 1005 1180 re—

175 1193 358 1233 demptionis
376 1201 429 1233 pro
458 1193 608 1224 omnibus.
631 1206 642 1223 »
674 1193 769 1224 Etiam
794 1194 916 1225 Graecis;
939 1193 1005 1234 Ipse

175 1238 324 1279 siquidem
340 1247 393 1278 pro
407 1237 547 1269 omnibus
560 1242 692 1269 mortuus
707 1242 772 1268 est:
789 1242 819 1269 tu
831 1242 928 1269 autem
946 1247 1004 1268 non

174 1281 421 1313 adducerisutvel
430 1282 562 1322 preceris
571 1291 623 1322 pro
635 1282 784 1313 omnibus.
797 1282 1006 1313 Animadverte

175 1330 274 1358 autem
290 1327 369 1366 quod
386 1327 446 1358 ait:
468 1339 478 1354 ι
499 1327 555 1363 Qui
571 1327 653 1358 dedit
677 1327 882 1367 semetipsum.
901 1340 912 1356 ι»
931 1327 1002 1358 Nam

174 1372 232 1403 hoc
249 1374 352 1402 contra
365 1370 493 1402 Arianos
504 1376 549 1402 est
561 1371 612 1412 qui
623 1370 726 1401 dicunt
740 1371 818 1411 quod
831 1371 935 1402 nolens
947 1375 1003 1401 tra-

176 1415 255 1446 ditus
271 1417 320 1446 sit.
339 1415 395 1452 Qui
410 1420 456 1446 est
481 1420 580 1447 autem
607 1415 736 1456 pretium
765 1415 1004 1456 redemptionis?

177 1459 313 1492 Obnoxia
328 1465 391 1491 erat
405 1464 513 1491 natura
527 1464 560 1492 ut
573 1460 696 1501 periret,
708 1463 738 1490 at
752 1460 800 1491 ille
810 1460 1004 1500 semetipsum

176 1513 228 1544 pro
245 1503 309 1545 ipsa
324 1503 416 1535 dedit.
438 1516 452 1532 α
469 1503 698 1536 Testimonium.
713 1517 723 1532 ι
741 1505 804 1536 Hoe
821 1505 874 1542 est,
886 1514 938 1544 per
947 1509 1006 1536 tes-

175 1548 332 1580 timonium
348 1548 409 1579 sive
425 1549 598 1589 martyrium
613 1549 707 1580 factus
723 1552 767 1579 est
782 1548 875 1580 Filius
884 1549 1002 1580 redem-

176 1593 286 1635 ptionis
301 1593 429 1634 pretium
449 1604 456 1625 :
479 1593 557 1634 quod
586 1593 788 1634 interpretans
812 1593 884 1625 dicit
911 1603 1002 1632 nunc,

175 1638 254 1679 quod
271 1638 400 1678 pretium
409 1638 626 1679 redemptionis
635 1644 721 1671 vocet
733 1648 811 1670 nunc
820 1639 1001 1680 martyrium,

174 1683 232 1715 hoc
247 1686 292 1714 est
303 1682 483 1724 passionem.
499 1683 586 1715 Venit
599 1683 678 1714 enim
691 1684 892 1715 testimonium
904 1683 1003 1716 ferens

173 1727 288 1758 veritati
305 1738 312 1758 :
330 1737 397 1758 nam
415 1736 470 1768 per
490 1737 525 1758 ea
554 1737 620 1768 quae
633 1728 703 1759 fecit
728 1731 849 1759 testatus
864 1732 908 1758 est
924 1729 1002 1768 quod

175 1776 255 1803 esset
269 1771 404 1804 Christus
418 1771 510 1803 Filius
525 1771 578 1803 Dei
594 1781 687 1813 usque
703 1772 740 1804 ad
751 1776 889 1805 mortem.
902 1772 1002 1813 Siqui-

176 1817 244 1848 dem
261 1817 325 1858 ipse
340 1818 458 1848 Patrem
484 1817 691 1856 manifestavit,
723 1820 753 1849 et
781 1827 880 1848 verum
898 1818 1004 1858 dogma

171 1870 333 1903 Veramque
361 1862 450 1892 vitam
481 1862 680 1901 evangelicam
724 1862 789 1902 ipse
830 1863 1001 1894 introduxit.

175 1918 189 1934 α
207 1905 408 1947 Temporibus
423 1906 495 1938 suis.
517 1918 529 1936 ι
555 1906 618 1937 Hoc
644 1910 700 1944 est,
719 1906 837 1947 quando
862 1911 945 1938 recte
972 1917 1004 1939 se

173 1949 325 1982 habebant
337 1950 473 1982 homines
489 1951 526 1982 ad
543 1951 642 1982 ﬁdem.
653 1951 695 1981 lta
706 1951 779 1983 dicit
789 1950 927 1982 Clemens
938 1961 1001 1992 sep-

171 1995 244 2026 timo
260 1995 516 2035 Informationum
533 1995 609 2027 libro
629 2005 635 2027 :
656 2006 670 2026 ‹
687 1995 886 2036 Temporibus
901 1996 972 2028 suis.
987 2009 1001 2024 ι)

171 2039 229 2070 Per
257 2039 472 2080 testimonium,
502 2040 610 2081 inquit,
642 2040 704 2071 sive
732 2040 906 2080 martyrium
922 2040 1005 2071 dedit

172 2084 369 2125 semetipsum
399 2085 526 2125 pretium
546 2085 762 2125 redemptionis
780 2095 786 2116 :
805 2085 860 2115 hoc
878 2089 931 2120 est.
951 2095 1004 2125 per

172 2128 354 2168 passionem.
371 2128 444 2160 Nam
461 2129 491 2160 in
508 2139 543 2160 ea
559 2130 731 2160 testiﬁcatus
760 2134 804 2160 est
820 2129 857 2160 de
874 2129 1003 2161 bonitate

171 2173 278 2211 Patris,
296 2173 374 2214 quod
390 2174 455 2214 ipse
471 2174 622 2214 proprium
631 2174 743 2205 deserit
755 2174 862 2205 Filium
873 2184 879 2204 :
890 2174 1003 2214 ipsiau-

171 2217 232 2244 tem
249 2223 308 2244 non
323 2214 502 2254 quieverunt
526 2214 563 2245 ab
587 2214 741 2245 inimicitia
758 2223 845 2255 quam
861 2214 1004 2246 adversus

171 2267 240 2289 eum
252 2258 406 2298 gerebant,
422 2259 473 2290 sed
490 2263 519 2290 et
529 2259 638 2290 Filium
651 2259 873 2291 cruciﬁxerunt.
887 2259 923 2290 Et
934 2260 1003 2300 quia

170 2302 237 2343 ipse
253 2303 468 2343 promissiones
479 2303 522 2334 eis
537 2304 690 2339 complere
698 2304 790 2344 cupit,
806 2303 862 2345 ipsi
871 2313 940 2335 vero
953 2313 1003 2334 no-

169 2347 254 2386 lunt;
269 2348 378 2379 i'actum
394 2348 468 2380 dicit
482 2348 668 2389 temporibus
683 2349 757 2387 suis,
775 2349 832 2379 hoc
843 2353 887 2379 est
903 2349 1001 2389 praeﬁ-

169 2392 283 2431 guratis
299 2396 328 2424 et
342 2396 429 2424 antea
457 2392 588 2423 deﬁnitis
604 2402 620 2424 a
634 2397 736 2424 sancta
752 2402 785 2424 ac
802 2393 886 2424 beata
901 2393 1000 2424 Trini-

169 2440 240 2468 tate.
257 2447 269 2466 α
287 2437 334 2468 Ad
349 2437 428 2477 quod
444 2437 559 2477 positus
575 2447 642 2468 sum
657 2447 722 2478 ego.
744 2450 755 2466 ι
774 2438 819 2469 Ad
832 2437 911 2479 quod
923 2438 1001 2468 testi-

169 2481 304 2513 monium
317 2485 345 2513 et
363 2483 539 2522 passionem.
574 2491 628 2522 ego
659 2482 771 2522 positus
800 2492 833 2514 ac
859 2482 999 2514 definitus

167 2535 233 2557 sum
249 2535 359 2567 praeco,
377 2530 410 2557 ut
436 2526 549 2568 ubique
576 2527 767 2558 manifestum
782 2527 886 2558 faciam
903 2527 999 2558 crucis

167 2571 353 2612 mysterium.
371 2571 517 2608 Quoniam
533 2576 630 2603 autem
655 2572 790 2603 dicturus
815 2575 879 2603 erat
892 2572 999 2603 doctor

165 2616 313 2656 gentium,
328 2615 507 2648 incredibile
521 2620 620 2648 autem
636 2616 790 2648 videbatur
805 2617 883 2657 quod
896 2617 995 2648 idolo-

166 2659 249 2692 latrae
263 2664 364 2692 essent
378 2660 512 2692 advocati
527 2661 565 2692 ad
589 2661 727 2700 salutem,
745 2661 813 2692 ideo
830 2660 992 2701 praemittit,

205 2745 234 2770 *8
247 2744 340 2777 Exod.
359 2754 460 2784 xxxtv.
479 2746 538 2787 35;
556 2745 582 2777 II
596 2746 665 2778 Cor.
682 2754 726 2782 ιιι,
749 2746 794 2778 t3.

1051 213 1115 238 Θεοῦ
1136 211 1150 238 ὁ
1185 211 1342 250 προαιώνιος
1379 211 1474 250 Λόγος,
1510 212 1651 250 σαρκωθεὶς
1682 209 1874 249 παραγέγονεν.

1050 255 1080 283 ἐκ
1105 254 1149 283 δύο
1171 255 1286 295 φύσεων,
1317 258 1376 284 οἷον
1397 256 1427 284 ἐκ
1454 256 1580 289 θεότητος
1608 256 1652 283 καὶ
1675 254 1877 294 ἀνθρωοότητος

1050 299 1188 339 ὑπάρχων,
1221 301 1264 328 καὶ
1286 300 1313 328 ἐν
1341 303 1389 338 μιᾷ
1423 301 1564 328 ὑποστάσει
1593 300 1662 337 μετὰ
1708 300 1756 333 τὴν
1783 299 1879 327 ’ἐνωσιν

1050 344 1192 381 νοούμενος
1228 346 1271 372 καὶ
1305 345 1541 384 προσκυνούμενος.
1581 345 1609 373 Εἰ
1657 345 1706 383 γὰρ
1726 346 1816 382 γυμνῇ
1845 345 1880 379 τῇ

1048 388 1152 422 θεότητι
1179 388 1297 428 ἐπεφάνη
1319 390 1386 427 ἡμῖν
1416 391 1430 417 ὁ
1460 390 1623 428 Μονογενής,
1647 390 1694 417 οὐκ
1717 389 1747 416 ἃν
1763 387 1876 425 ἤνεγκεν

1047 433 1064 467 ἡ
1079 433 1162 465 κτίσις
1178 434 1267 473 αὐτὸν,
1283 433 1349 462 ὅπου
1370 444 1400 473 γε
1415 435 1446 462 τὸ
1460 434 1600 473 πρόσωπον
1617 433 1732 464 Μωσέως
1747 431 1814 460 ἰδεῖν
1827 432 1875 459 οὒκ

1048 476 1143 517 ἴσχυον
1157 479 1180 505 oi
1192 479 1242 506 υἱοὶ
1257 478 1374 518 Ἰσραήλ.
1392 479 1427 507 Τὸ
1448 477 1487 516 δὲ,
1520 488 1532 506 ι
1558 480 1606 510 Εἷς
1619 479 1696 515 Θεὸς,
1717 489 1728 505 ι
1763 479 1793 505 οὒ
1806 477 1874 515 πρὸς

1047 521 1247 556 ἀντιδιαστολὴν
1281 523 1371 550 κεῖται
1404 527 1450 552 τοῦ
1484 524 1544 550 ι’ἱοῦ
1577 523 1594 556 ἦ
1630 525 1676 550 τοῦ
1705 523 1872 559 Πνεύματος,

1047 566 1133 605 ἄπαγε
1148 566 1155 595 ί
1172 566 1239 594 ἀλλὰ
1254 568 1318 606 πρὸς
1332 567 1393 598 τοὺς
1409 567 1456 595 οὒκ
1470 566 1560 604 ὄντας,
1572 566 1729 606 λεγομέναις
1744 565 1772 594 δὲ
1786 565 1873 598 Θεούς.

1049 611 1174 644 Ζητεῖται
1201 610 1228 639 δὲ
1264 611 1305 639 διὰ
1332 612 1357 639 τί
1384 615 1430 640 τοῦ
1461 612 1613 649 Πνεύματος
1648 611 1697 639 οὐκ
1737 611 1872 648 ἐμνήσθη.

1048 654 1156 689 Ἐπειδῆ
1174 656 1233 695 περὶ
1267 651 1402 691 ιΕλλήνων
1431 657 1445 684 ὁ
1469 656 1548 695 λόγος
1570 657 1614 690 ἦν,
1641 657 1707 695 Περῦ
1723 657 1808 685 αὐτῶν
1823 655 1876 693 γὰρ

1047 700 1089 737 τὸ,
1110 712 1123 727 α
1148 702 1197 729 Καὶ
1212 701 1248 732 εἰς
1263 700 1405 740 ἐπίγνωσιν
1420 700 1542 734 ἀληθείας
1557 700 1656 732 ἐλθεῖν,
1677 711 1689 729 ο
1709 699 1774 738 Παρ’
1786 701 1874 727 αὐτῶν

1048 743 1075 772 δὲ
1111 744 1238 773 πολυθεία
1271 745 1315 780 ἧν,
1352 746 1395 773 καὶ
1438 744 1582 785 ἐφυλάξατο
1624 746 1798 782 οἰκονομικῶς
1826 746 1874 771 τοῦ

1018 774 1198 826 ΒΠνευματος
1224 774 1384 827 μνησθῆναι,
1413 774 1464 828 μήΙ
1480 801 1536 822 πως
1565 789 1627 828 δόξῃ
1656 774 1799 818 πολυθελίαν
1814 789 1872 816 εἰσ-

1048 833 1131 872 άγειν,
1150 833 1224 862 Ἐπεὶ
1251 834 1312 862 ἔνθα
1333 841 1438 866 πιστοῖς
1469 833 1629 874 διαλέγεται,
1652 836 1771 874 συνεχῶς
1792 834 1872 861 αὐτοῦ

1048 877 1192 916 μέμνηται,
1222 878 1349 911 πολλάκις
1384 880 1427 919 καὶ
1457 879 1547 917 μόνου,
1579 879 1617 917 μὴ
1639 879 1723 919 φέρων
1759 879 1872 916 μνήμην

1048 923 1149 962 Harpe;
1172 923 1214 952 καὶ
1240 925 1309 952 Υἱου.
1351 934 1361 950 ε
1389 918 1537 962 Ἀνθρωπος
1573 924 1684 962 Χριστὸς
1719 926 1834 955 ’[ησοῦς.
1857 934 1868 949 ι

1049 961 1067 972 (ι
1184 967 1197 977 γ
1242 966 1253 976 ι]
1432 961 1454 974 ιι⁷
1520 969 1532 977 ν
1609 969 1615 978 ,
1684 968 1690 976 ι
1756 967 1762 975 1
1846 967 1851 975 σ

1068 971 1157 1006 Ωσπερ
1182 979 1215 1000 ην
1238 969 1386 1005 ανθρωπος,
1416 978 1499 999 ουτως
1517 978 1550 1002 ην
1574 979 1618 996 και
1647 971 1724 1003 Θεος,
1753 967 1872 1006 αδιαιρε-

1047 1021 1110 1047 τως,
1142 1011 1309 1051 ἂσυγχύτως.
1336 1024 1350 1039 ι
1378 1008 1406 1040 ι0
1434 1011 1493 1043 δοὺς
1523 1012 1616 1040 ἑαυτὸν
1640 1011 1789 1051 ἀντίλυτρον
1804 1012 1870 1051 ὑπὲρ

1048 1055 1163 1092 πάντων,
1181 1067 1195 1083 ι
1224 1057 1267 1084 καὶ
1291 1052 1436 1091 Ἐλλήνων.
1462 1056 1582 1088 Ἐκεῖνος
1607 1057 1658 1094 μὲν
1685 1057 1729 1085 οὖν
1745 1057 1873 1084 ἀπέθανεν

1048 1099 1112 1139 ὑπὲρ
1139 1100 1256 1137 πάντων,
1279 1101 1310 1128 σὺ
1331 1100 1358 1129 δὲ
1385 1101 1503 1134 εὔξασθαι
1525 1102 1572 1129 οὒκ
1595 1101 1706 1141 ἀνέχῃ;
1733 1096 1806 1141 εὈρι
1843 1100 1872 1128 δὲ

1047 1145 1089 1181 τὸ,
1111 1154 1122 1172 α
1142 1145 1207 1177 Δοὺς
1230 1145 1334 1176 ἑαυτὸν.
1360 1155 1372 1174 α
1398 1147 1470 1175 Κατὰ
1486 1146 1627 1186 ’Λρειανῶν
1641 1147 1690 1185 γὰρ
1705 1149 1793 1177 τοῦτο,
1816 1149 1872 1174 τῶν

1048 1188 1192 1229 λεγόντων,
1221 1189 1262 1218 ὅτι
1289 1189 1360 1219 ἄκων
1390 1190 1532 1228 παρεδόθη.
1558 1190 1588 1219 Τί
1608 1189 1634 1218 δέ
1666 1191 1736 1219 ἐστιν
1763 1190 1870 1218 ἀντίλυ-

1047 1243 1127 1273 τρον;
1161 1228 1281 1274 ’Ἔνοχος
1310 1235 1341 1268 ἧν
1370 1236 1386 1269 ἡ
1416 1235 1502 1275 φύσις,
1539 1235 1608 1263 ὥστε
1637 1234 1792 1276 ὰπόλέσθαι,
1808 1234 1868 1262 ἀλλ’

1048 1277 1103 1306 ἀντ’
1119 1278 1221 1312 ἐκείνης
1247 1280 1343 1307 ἀαυτὺν
1366 1279 1457 1310 ἔδωκε.
1489 1291 1500 1308 ι
1519 1281 1555 1309 Τὸ
1581 1280 1731 1319 μαρτύριον.
1753 1292 1765 1309 ι
1783 1285 1869 1309 Τουτ-

1046 1321 1113 1364 ἐστι,
1137 1321 1179 1351 διὰ
1213 1328 1258 1353 τοῦ
1278 1324 1416 1364 μαρτυρίαι
1444 1325 1549 1363 ἐγένετο
1575 1325 1589 1352 ὁ
1620 1325 1679 1356 Υἱὸς
1701 1324 1866 1364 ἀντίλυτρον,

1048 1362 1086 1396 U0
1107 1367 1303 1408 ἐφερμηνεύων,
1318 1362 1408 1397 ντοῦτό
1432 1362 1497 1408 φησι
1520 1372 1575 1406 νῦν,
1609 1367 1648 1396 ὅτι
1673 1362 1824 1408 ἀντίλυτρον
1837 1371 1868 1398 τί)

1015 1413 1185 1460 εμαρτύριον
1214 1411 1297 1452 λέγει,
1332 1413 1457 1460 Δ’τουτέστι
1484 1414 1516 1460 τὺ
1557 1413 1651 1460 πάθος.
1701 1409 1780 1460 Ἦλθε
1797 1459 1802 1460 7
1819 1415 1871 1454 γὰρ

1048 1457 1220 1496 μαρτυρήσων
1253 1460 1288 1495 τῇ
1328 1457 1449 1494 ἀληθείᾳ,
1484 1457 1663 1497 Ἐμαρτύρησε
1691 1459 1740 1498 γὰρ
1769 1458 1803 1486 δι’
1833 1461 1871 1486 ὧν

1046 1500 1184 1541 ἔπραττεν,
1207 1501 1247 1530 ὅτι
1263 1503 1338 1535 αὐτός
1353 1504 1424 1531 ἐστιν
1441 1504 1454 1531 ὁ
1480 1504 1592 1542 Χριστὸς
1619 1503 1633 1530 ὁ
1650 1505 1708 1535 Υἱὸς
1723 1508 1769 1532 τοῦ
1791 1508 1870 1542 Θεοῦ,

1046 1546 1128 1586 μέχρι
1156 1547 1278 1578 θανάτου.
1308 1548 1357 1576 Καὶ
1378 1548 1428 1587 γὰρ
1457 1549 1533 1580 αὐτὸς
1562 1549 1607 1576 τὸν
1640 1548 1744 1588 Πατέρα
1772 1549 1871 1589 ἐξιανὲ-

1045 1601 1124 1629 ρωσε,
1147 1592 1191 1619 καὶ
1213 1593 1242 1620 τὸ
1257 1591 1353 1625 ἀληθὲς
1369 1591 1455 1632 δόγμα
1469 1594 1513 1621 καὶ
1535 1593 1580 1620 τὸν
1595 1591 1681 1626 ἄληθῆ
1697 1594 1739 1622 ναὶ
1756 1593 1870 1633 ἀγγελι-

1045 1636 1092 1663 κὸν
1106 1636 1162 1673 βίον
1188 1636 1265 1667 αὐτὸς
1288 1637 1462 1676 εἰσηγήσατο,
1489 1648 1502 1664 ι
1519 1641 1628 1676 Καιροῖς
1652 1636 1738 1675 ἰδίοις,
1758 1650 1771 1665 ι
1790 1639 1867 1678 φησί.

1045 1680 1194 1718 Τουτέστιν,
1223 1679 1267 1709 ὅτε
1294 1680 1447 1715 ἐπιτηδείως
1469 1682 1547 1722 εἶχον
1579 1682 1642 1721 πρὸς
1671 1683 1720 1716 τὴν
1743 1683 1832 1711 πίστιν
1847 1685 1870 1712 οἰ

1045 1723 1185 1764 ἅνθρωποι.
1203 1725 1291 1757 Οὕτως
1306 1727 1320 1754 ὁ
1345 1725 1457 1763 Κλήμης
1482 1726 1509 1754 ἐν
1522 1721 1547 1762 ζ’
1571 1737 1582 1754 α
1601 1723 1810 1755 ιι’ποκτυειιώσειιιν
1825 1735 1832 1741 ·
1855 1738 1867 1755 ι

1048 1780 1058 1796 ι
1079 1774 1188 1808 Καιροῖς
1213 1770 1296 1802 ἰδίοις.
1315 1782 1329 1798 ι
1363 1771 1411 1798 Διὰ
1439 1771 1485 1798 τοῦ
1509 1771 1649 1811 μαρτυρίου
1678 1771 1774 1800 ἔδωκεν
1802 1772 1868 1800 ἑαυ-

1044 1814 1102 1854 τὸν,
1131 1815 1221 1855 φησὶν,
1237 1814 1397 1854 ἀντίλυτρον,
1430 1816 1478 1843 Διὰ
1493 1819 1538 1844 τοῦ
1560 1817 1710 1856 μαρτυρίου,
1735 1817 1868 1850 τουτέστι,

1046 1863 1091 1887 τοῦ
1106 1859 1203 1891 πάθους
1235 1859 1272 1899 (ἐν
1300 1862 1372 1897 αὐτῴ
1399 1861 1448 1899 γὰρ
1469 1860 1605 1900 ἐμαρτύρει
1634 1864 1667 1898 τῇ
1689 1865 1735 1889 τοῦ
1765 1863 1868 1901 nugo:

1046 1902 1190 1942 άγαῦότητι
1220 1903 1260 1932 ὅτι
1290 1905 1368 1936 αἰπὺς
1410 1906 1454 1932 καὶ
1488 1906 1532 1933 τὸν
1567 1906 1625 1933 Υἱὸν
1654 1905 1760 1937 ἔδωκεν,
1792 1908 1870 1936 Λῦτοὶ

1045 1946 1071 1974 δὲ
1100 1950 1149 1980 τῆς
1176 1949 1240 1987 πρὸς
1270 1950 1347 1977 αὺτὸν
1375 1949 1471 1990 ἔχθρας
1516 1952 1563 1979 οὐκ
1602 1949 1759 1986 ἐπαύσαντο,
1801 1950 1871 1979 ἀλλὰ

1045 1992 1087 2019 καὶ
1121 1995 1166 2020 τὸν
1187 1994 1246 2021 Υἰὸν
1274 1993 1450 2033 ἐσταύρωσαν.
1476 1995 1524 2023 Καὶ
1549 1993 1588 2022 ὅτι
1618 1994 1694 2027 αὐτὸς
1723 1996 1771 2027 τὰς
1786 1995 1869 2035 ἐπαγ-

1045 2035 1133 2075 γελίας
1160 2038 1250 2069 αὺτοῖς
1283 2037 1422 2077 πληρῶσαι
1446 2037 1526 2076 θέλει,
1557 2038 1630 2066 αὐτοὶ
1655 2037 1682 2066 δὲ
1710 2041 1739 2068 οὗ
1760 2039 1871 2077 βούλον-

1045 2080 1112 2120 ται),
1142 2085 1188 2110 τοῦ
1216 2083 1320 2122 καιροῖς
1349 2082 1433 2119 ἰδίοις,
1464 2085 1539 2123 φησί,
1560 2083 1713 2124 γενομένου,
1735 2085 1866 2125 τουτέστι,

1014 2119 1289 2164 ι)προτετυτνιιιιμένοις
1319 2129 1361 2156 καὶ
1409 2130 1602 2168 προορισθετσιν
1636 2129 1686 2156 ὑπὸ
1714 2129 1762 2162 της
1790 2119 1868 2168 ἆγίαξ

1043 2171 1086 2198 καὶ
1103 2172 1232 2211 μακαρίας
1264 2172 1384 2212 Τριάδος,
1420 2184 1431 2200 ι
1451 2174 1493 2204 Εἰς
1518 2173 1532 2200 ὃ
1554 2172 1644 2206 ἐτέθην
1669 2172 1734 2211 ἐγώ.
1753 2184 1766 2201 ι
1793 2174 1837 2204 Εἰς
1854 2174 1868 2201 ὅ

1044 2215 1184 2254 μαρτύριον
1217 2217 1262 2244 καὶ
1290 2217 1384 2252 πάθος,
1428 2217 1482 2256 ἐγὼ
1520 2217 1612 2250 ἐτέθην
1639 2218 1684 2244 καὶ
1714 2217 1867 2257 ἄφωρίσθην

1043 2259 1134 2303 κῆρυξ,
1156 2260 1202 2289 ἵνα
1227 2265 1366 2302 πανταχοῦ
1385 2262 1523 2302 καταφανῆ
1545 2262 1650 2296 ποιήσω
1672 2263 1716 2289 τὸν
1741 2263 1866 2302 σταυρόν,

1047 2299 1156 2339 Ἐπειδὴ
1180 2305 1207 2334 δὲ
1223 2306 1315 2344 ἔμελλε
1326 2307 1424 2346 λέγειν,
1443 2306 1614 2337 «διδάσκαλος
1630 2308 1739 2347 ὶϐνῶν,ι
1755 2307 1869 2336 ἄπιστον

1043 2347 1070 2376 δὲ
1091 2349 1174 2378 ἐδόκει
1209 2352 1231 2379 εἷ
1252 2351 1472 2391 προσεκλήθησαν
1487 2353 1510 2379 οἱ
1535 2350 1729 2390 εἰδωλολάτραι,
1755 2363 1871 2391 προανα-

1043 2401 1136 2433 φωνεῖ·
1150 2407 1163 2422 α
1177 2394 1317 2430 ’Λλήθείαν
1328 2396 1409 2437 λέγω,
1421 2399 1450 2426 οὗ
1460 2396 1600 2435 ψεῶομαι,
1617 2408 1628 2425 ι
1638 2408 1691 2423 -«
1706 2395 1867 2425 Διδάσκαλὸ-

1042 2438 1133 2470 ἐθνῶν,
1154 2451 1167 2467 ι
1196 2439 1304 2474 Ἐπειδὴ
1340 2442 1377 2469 ἔνι
1412 2442 1457 2470 καὶ
1495 2441 1716 2481 παρατρεχόντως
1745 2441 1868 2481 κηρῦξαι,

1041 2483 1173 2524 ἐπήγαγε,
1207 2483 1379 2517 Διδάσκαλος,
1407 2487 1443 2515 Οὐ
1471 2486 1520 2525 γὰρ
1542 2485 1653 2525 ἐκήρυξα
1675 2485 1767 2523 μόνον.
1798 2486 1867 2515 ἀλλὰ

1039 2529 1081 2556 καὶ
1098 2529 1257 2568 παραμένων
1286 2529 1430 2562 ἐδίδασκον,
1456 2535 1539 2560 Top-.0
1567 2529 1594 2558 δὲ
1623 2531 1673 2564 τὴν
1684 2531 1742 2570 περὶ
1757 2531 1789 2559 τὰ
1805 2531 1868 2566 ἔθνη

1039 2573 1154 2607 σπουδὴν
1168 2579 1214 2603 τοῦ
1231 2579 1295 2604 Θεοῦ
1321 2575 1491 2607 ἐνδείκνυται,
1520 2588 1533 2602 α
1559 2574 1602 2604 Ἐν
1622 2576 1707 2603 πίστει
1732 2577 1775 2604 καὶ
1793 2576 1867 2610 ἀλη-

1037 2619 1102 2654 θείᾳ.
1124 2629 1137 2646 ι
1151 2617 1259 2653 Ἐπειδὴ
1276 2620 1365 2656 εἴπεν,
1384 2619 1428 2649 Ἐν
1443 2621 1540 2656 πίστει,
1568 2620 1614 2648 ἵνα
1630 2621 1668 2658 μή
1697 2631 1737 2652 τις
1754 2631 1867 2659 νομισῃ,

1037 2661 1077 2690 ὅτι
1092 2662 1182 2696 ἀπάτη
1213 2663 1293 2702 ἐστὶν,
1324 2665 1429 2705 ἐπάγει,
1458 2664 1504 2695 Ἐν
1527 2664 1648 2701 ἀληθείᾳ,
1679 2665 1714 2694 ()3
1741 2675 1868 2704 κηρυσσω
