  <div class='ocr_page' id='page_1' title='image "/cluster/home/n/w/nwhite01/storage/ocr_20150623/119/njp.32101010943965/263.png"; bbox 0 0 1947 3079; ppageno 0'>
   <div class='ocr_carea' id='block_1_1' title="bbox 219 126 279 160">
    <p class='ocr_par' dir='ltr' id='par_1_1' title="bbox 219 126 279 160">
     <span class='ocr_line' id='line_1_1' title="bbox 219 126 279 160; baseline 0.033 -2"><span class='ocrx_word' id='word_1_1' title='bbox 219 126 279 160; x_wconf 76' lang='grc'><strong>175</strong></span> 
     </span>
    </p>
   </div>
   <div class='ocr_carea' id='block_1_2' title="bbox 782 118 1344 160">
    <p class='ocr_par' dir='ltr' id='par_1_2' title="bbox 782 118 1344 160">
     <span class='ocr_line' id='line_1_2' title="bbox 782 118 1344 160; baseline -0.004 0"><span class='ocrx_word' id='word_1_2' title='bbox 782 124 990 160; x_wconf 78' lang='lat' dir='ltr'><strong>(ECUMENII</strong></span> <span class='ocrx_word' id='word_1_3' title='bbox 1009 118 1156 157; x_wconf 63' lang='lat' dir='ltr'><strong>THICCE</strong></span> <span class='ocrx_word' id='word_1_4' title='bbox 1177 125 1344 158; x_wconf 72' lang='lat' dir='ltr'><strong>EPISCOP’I</strong></span> 
     </span>
    </p>
   </div>
   <div class='ocr_carea' id='block_1_3' title="bbox 1858 123 1916 156">
    <p class='ocr_par' dir='ltr' id='par_1_3' title="bbox 1858 123 1916 156">
     <span class='ocr_line' id='line_1_3' title="bbox 1858 123 1916 156; baseline -0.052 0"><span class='ocrx_word' id='word_1_5' title='bbox 1858 123 1916 156; x_wconf 78' lang='grc'><strong>176</strong></span> 
     </span>
    </p>
   </div>
   <div class='ocr_carea' id='block_1_4' title="bbox 220 192 1058 245">
    <p class='ocr_par' dir='ltr' id='par_1_4' title="bbox 220 193 1058 245">
     <span class='ocr_line' id='line_1_4' title="bbox 220 193 1058 245; baseline -0.004 -18"><span class='ocrx_word' id='word_1_6' title='bbox 220 199 347 245; x_wconf 63' lang='lat' dir='ltr'><strong>quenter</strong></span> <span class='ocrx_word' id='word_1_7' title='bbox 359 194 440 245; x_wconf 35' lang='lat' dir='ltr'><strong>etiab</strong></span> <span class='ocrx_word' id='word_1_8' title='bbox 455 194 594 245; x_wconf 77' lang='lat' dir='ltr'><strong>humanis</strong></span> <span class='ocrx_word' id='word_1_9' title='bbox 606 194 776 245; x_wconf 77' lang='lat' dir='ltr'><strong>exhortatur</strong></span> <span class='ocrx_word' id='word_1_10' title='bbox 782 193 957 226; x_wconf 72' lang='lat' dir='ltr'><strong>rationibus.</strong></span> <span class='ocrx_word' id='word_1_11' title='bbox 965 193 1058 245; x_wconf 75' lang='lat' dir='ltr'><strong>Quo-.</strong></span> 
     </span>
    </p>
   </div>
   <div class='ocr_carea' id='block_1_5' title="bbox 1142 192 1915 245">
    <p class='ocr_par' dir='ltr' id='par_1_5' title="bbox 1142 192 1915 234">
     <span class='ocr_line' id='line_1_5' title="bbox 1142 192 1915 234; baseline -0.001 -13"><span class='ocrx_word' id='word_1_12' title='bbox 1142 193 1226 233; x_wconf 80' lang='grc' dir='ltr'>τρέπει</span> <span class='ocrx_word' id='word_1_13' title='bbox 1254 193 1403 233; x_wconf 84' lang='grc' dir='ltr'>λογισμῶν.</span> <span class='ocrx_word' id='word_1_14' title='bbox 1433 192 1542 228; x_wconf 80' lang='grc' dir='ltr'><strong>Ἐπειδὴ</strong></span> <span class='ocrx_word' id='word_1_15' title='bbox 1571 193 1632 233; x_wconf 82' lang='grc' dir='ltr'>γὰρ,</span> <span class='ocrx_word' id='word_1_16' title='bbox 1661 194 1753 234; x_wconf 78' lang='grc' dir='ltr'>φησὶν,</span> <span class='ocrx_word' id='word_1_17' title='bbox 1782 194 1806 222; x_wconf 79' lang='grc' dir='ltr'>οἱ</span> <span class='ocrx_word' id='word_1_18' title='bbox 1842 192 1915 230; x_wconf 72' lang='grc' dir='ltr'>πρό-</span> 
     </span>
    </p>
   </div>
   <div class='ocr_carea' id='block_1_6' title="bbox 219 239 1042 281">
    <p class='ocr_par' dir='ltr' id='par_1_6' title="bbox 219 239 1042 281">
     <span class='ocr_line' id='line_1_6' title="bbox 219 239 1042 281; baseline -0.002 -11"><span class='ocrx_word' id='word_1_19' title='bbox 219 239 559 281; x_wconf 81' lang='lat' dir='ltr'><strong>niam,inquit,majores</strong></span> <span class='ocrx_word' id='word_1_20' title='bbox 571 244 600 271; x_wconf 92' lang='lat' dir='ltr'><strong>te</strong></span> <span class='ocrx_word' id='word_1_21' title='bbox 612 239 771 281; x_wconf 83' lang='lat' dir='ltr'><strong>quaevidua</strong></span> <span class='ocrx_word' id='word_1_22' title='bbox 784 249 815 270; x_wconf 90' lang='lat' dir='ltr'><strong>es</strong></span> <span class='ocrx_word' id='word_1_23' title='bbox 831 241 1042 280; x_wconf 78' lang='lat' dir='ltr'><strong>provexerunt,</strong></span> 
     </span>
    </p>
   </div>
   <div class='ocr_carea' id='block_1_7' title="bbox 219 283 1043 324">
    <p class='ocr_par' dir='ltr' id='par_1_7' title="bbox 219 283 1043 324">
     <span class='ocr_line' id='line_1_7' title="bbox 219 283 1043 324; baseline -0.004 -9"><span class='ocrx_word' id='word_1_24' title='bbox 219 287 248 315; x_wconf 88' lang='lat' dir='ltr'><strong>et</strong></span> <span class='ocrx_word' id='word_1_25' title='bbox 260 284 303 315; x_wconf 88' lang='lat' dir='ltr'><strong>tui</strong></span> <span class='ocrx_word' id='word_1_26' title='bbox 318 293 420 316; x_wconf 90' lang='lat' dir='ltr'><strong>curam</strong></span> <span class='ocrx_word' id='word_1_27' title='bbox 436 285 624 317; x_wconf 83' lang='lat' dir='ltr'><strong>habuerunt:</strong></span> <span class='ocrx_word' id='word_1_28' title='bbox 658 289 689 316; x_wconf 93' lang='lat' dir='ltr'><strong>tu</strong></span> <span class='ocrx_word' id='word_1_29' title='bbox 705 294 776 324; x_wconf 78' lang='lat' dir='ltr'><strong>ergo</strong></span> <span class='ocrx_word' id='word_1_30' title='bbox 793 293 859 315; x_wconf 90' lang='lat' dir='ltr'><strong>cum</strong></span> <span class='ocrx_word' id='word_1_31' title='bbox 877 283 935 314; x_wconf 85' lang='lat' dir='ltr'><strong>illis</strong></span> <span class='ocrx_word' id='word_1_32' title='bbox 949 283 1043 313; x_wconf 85' lang='lat' dir='ltr'><strong>vicem</strong></span> 
     </span>
    </p>
   </div>
   <div class='ocr_carea' id='block_1_8' title="bbox 217 328 1043 371">
    <p class='ocr_par' dir='ltr' id='par_1_8' title="bbox 217 328 1043 371">
     <span class='ocr_line' id='line_1_8' title="bbox 217 328 1043 371; baseline -0.002 -12"><span class='ocrx_word' id='word_1_33' title='bbox 217 329 386 370; x_wconf 81' lang='lat' dir='ltr'><strong>rependere</strong></span> <span class='ocrx_word' id='word_1_34' title='bbox 397 334 613 371; x_wconf 87' lang='lat' dir='ltr'><strong>nequeas,sunt</strong></span> <span class='ocrx_word' id='word_1_35' title='bbox 623 330 703 361; x_wconf 89' lang='lat' dir='ltr'><strong>enim</strong></span> <span class='ocrx_word' id='word_1_36' title='bbox 715 329 824 360; x_wconf 84' lang='lat' dir='ltr'><strong>mortui</strong></span> <span class='ocrx_word' id='word_1_37' title='bbox 837 338 843 360; x_wconf 90' lang='lat'>:</span> <span class='ocrx_word' id='word_1_38' title='bbox 858 338 911 369; x_wconf 90' lang='lat' dir='ltr'><strong>per</strong></span> <span class='ocrx_word' id='word_1_39' title='bbox 924 328 966 359; x_wconf 87' lang='lat' dir='ltr'><strong>ill.</strong></span> <span class='ocrx_word' id='word_1_40' title='bbox 977 336 1043 358; x_wconf 90' lang='lat' dir='ltr'><strong>rum</strong></span> 
     </span>
    </p>
   </div>
   <div class='ocr_carea' id='block_1_9' title="bbox 220 371 1041 415">
    <p class='ocr_par' dir='ltr' id='par_1_9' title="bbox 220 371 1041 415">
     <span class='ocr_line' id='line_1_9' title="bbox 220 371 1041 415; baseline -0.002 -11"><span class='ocrx_word' id='word_1_41' title='bbox 220 378 356 415; x_wconf 81' lang='lat' dir='ltr'><strong>nepotes,</strong></span> <span class='ocrx_word' id='word_1_42' title='bbox 372 378 440 405; x_wconf 86' lang='lat' dir='ltr'><strong>tuos</strong></span> <span class='ocrx_word' id='word_1_43' title='bbox 455 379 552 406; x_wconf 90' lang='lat' dir='ltr'><strong>autem</strong></span> <span class='ocrx_word' id='word_1_44' title='bbox 563 374 686 413; x_wconf 90' lang='lat' dir='ltr'><strong>liberos,</strong></span> <span class='ocrx_word' id='word_1_45' title='bbox 703 374 799 405; x_wconf 84' lang='lat' dir='ltr'><strong>vicem</strong></span> <span class='ocrx_word' id='word_1_46' title='bbox 819 373 878 404; x_wconf 82' lang='lat' dir='ltr'><strong>illis</strong></span> <span class='ocrx_word' id='word_1_47' title='bbox 898 371 1041 413; x_wconf 84' lang='lat' dir='ltr'><strong>repende,</strong></span> 
     </span>
    </p>
   </div>
   <div class='ocr_carea' id='block_1_10' title="bbox 221 418 1043 460">
    <p class='ocr_par' dir='ltr' id='par_1_10' title="bbox 221 418 1043 460">
     <span class='ocr_line' id='line_1_10' title="bbox 221 418 1043 460; baseline -0.002 -11"><span class='ocrx_word' id='word_1_48' title='bbox 221 418 270 449; x_wconf 83' lang='lat' dir='ltr'><strong>his</strong></span> <span class='ocrx_word' id='word_1_49' title='bbox 284 418 382 459; x_wconf 75' lang='lat' dir='ltr'><strong>gratia</strong></span> <span class='ocrx_word' id='word_1_50' title='bbox 389 419 522 450; x_wconf 86' lang='lat' dir='ltr'><strong>reddens</strong></span> <span class='ocrx_word' id='word_1_51' title='bbox 534 419 673 460; x_wconf 86' lang='lat' dir='ltr'><strong>quasillis</strong></span> <span class='ocrx_word' id='word_1_52' title='bbox 688 418 873 450; x_wconf 87' lang='lat' dir='ltr'><strong>debebas.—-</strong></span> <span class='ocrx_word' id='word_1_53' title='bbox 888 418 961 449; x_wconf 82' lang='lat' dir='ltr'><strong>Alio</strong></span> <span class='ocrx_word' id='word_1_54' title='bbox 974 425 1043 456; x_wconf 82' lang='lat' dir='ltr'><strong>quo-</strong></span> 
     </span>
    </p>
   </div>
   <div class='ocr_carea' id='block_1_11' title="bbox 221 463 1045 502">
    <p class='ocr_par' dir='ltr' id='par_1_11' title="bbox 221 463 1045 502">
     <span class='ocr_line' id='line_1_11' title="bbox 221 463 1045 502; baseline -0.002 -9"><span class='ocrx_word' id='word_1_55' title='bbox 221 471 279 502; x_wconf 82' lang='lat' dir='ltr'><strong>que</strong></span> <span class='ocrx_word' id='word_1_56' title='bbox 289 464 387 495; x_wconf 84' lang='lat' dir='ltr'><strong>modo.</strong></span> <span class='ocrx_word' id='word_1_57' title='bbox 400 463 444 494; x_wconf 87' lang='lat' dir='ltr'><strong>Ad</strong></span> <span class='ocrx_word' id='word_1_58' title='bbox 460 473 495 494; x_wconf 89' lang='lat' dir='ltr'><strong>ea</strong></span> <span class='ocrx_word' id='word_1_59' title='bbox 508 463 598 495; x_wconf 86' lang='lat' dir='ltr'><strong>verba</strong></span> <span class='ocrx_word' id='word_1_60' title='bbox 610 463 751 494; x_wconf 73' lang='lat' dir='ltr'><strong>:‘Discant</strong></span> <span class='ocrx_word' id='word_1_61' title='bbox 765 463 850 493; x_wconf 85' lang='lat' dir='ltr'><strong>liberi</strong></span> <span class='ocrx_word' id='word_1_62' title='bbox 872 466 900 493; x_wconf 92' lang='lat' dir='ltr'><strong>et</strong></span> <span class='ocrx_word' id='word_1_63' title='bbox 920 464 1045 502; x_wconf 83' lang='lat' dir='ltr'><strong>nepotes</strong></span> 
     </span>
    </p>
   </div>
   <div class='ocr_carea' id='block_1_12' title="bbox 223 507 1042 548">
    <p class='ocr_par' dir='ltr' id='par_1_12' title="bbox 223 507 1042 548">
     <span class='ocr_line' id='line_1_12' title="bbox 223 507 1042 548; baseline -0.004 -10"><span class='ocrx_word' id='word_1_64' title='bbox 223 507 351 547; x_wconf 87' lang='lat' dir='ltr'><strong>primum</strong></span> <span class='ocrx_word' id='word_1_65' title='bbox 365 508 492 538; x_wconf 79' lang='lat' dir='ltr'><strong>domum</strong></span> <span class='ocrx_word' id='word_1_66' title='bbox 512 508 660 548; x_wconf 86' lang='lat' dir='ltr'><strong>propriam</strong></span> <span class='ocrx_word' id='word_1_67' title='bbox 676 508 723 548; x_wconf 90' lang='lat' dir='ltr'><strong>pie</strong></span> <span class='ocrx_word' id='word_1_68' title='bbox 747 511 891 538; x_wconf 82' lang='lat' dir='ltr'><strong>tractare:</strong></span> <span class='ocrx_word' id='word_1_69' title='bbox 915 507 972 537; x_wconf 86' lang='lat' dir='ltr'><strong>hoc</strong></span> <span class='ocrx_word' id='word_1_70' title='bbox 988 509 1042 536; x_wconf 85' lang='lat' dir='ltr'><strong>est.</strong></span> 
     </span>
    </p>
   </div>
   <div class='ocr_carea' id='block_1_13' title="bbox 223 550 1043 593">
    <p class='ocr_par' dir='ltr' id='par_1_13' title="bbox 223 550 1043 593">
     <span class='ocr_line' id='line_1_13' title="bbox 223 550 1043 593; baseline -0.002 -11"><span class='ocrx_word' id='word_1_71' title='bbox 223 551 344 582; x_wconf 82' lang='lat' dir='ltr'><strong>Discant</strong></span> <span class='ocrx_word' id='word_1_72' title='bbox 354 551 442 583; x_wconf 86' lang='lat' dir='ltr'><strong>liberi</strong></span> <span class='ocrx_word' id='word_1_73' title='bbox 452 555 486 583; x_wconf 71' lang='lat' dir='ltr'><strong>‘et</strong></span> <span class='ocrx_word' id='word_1_74' title='bbox 497 556 618 593; x_wconf 83' lang='lat' dir='ltr'><strong>nepotes</strong></span> <span class='ocrx_word' id='word_1_75' title='bbox 635 556 764 583; x_wconf 88' lang='lat' dir='ltr'><strong>matrem</strong></span> <span class='ocrx_word' id='word_1_76' title='bbox 783 551 933 592; x_wconf 85' lang='lat' dir='ltr'><strong>propriam</strong></span> <span class='ocrx_word' id='word_1_77' title='bbox 948 550 1043 580; x_wconf 89' lang='lat' dir='ltr'><strong>hono-</strong></span> 
     </span>
    </p>
   </div>
   <div class='ocr_carea' id='block_1_14' title="bbox 223 595 1042 635">
    <p class='ocr_par' dir='ltr' id='par_1_14' title="bbox 223 595 1042 635">
     <span class='ocr_line' id='line_1_14' title="bbox 223 595 1042 635; baseline -0.004 -8"><span class='ocrx_word' id='word_1_78' title='bbox 223 605 292 627; x_wconf 90' lang='lat' dir='ltr'><strong>rare</strong></span> <span class='ocrx_word' id='word_1_79' title='bbox 301 600 330 627; x_wconf 90' lang='lat' dir='ltr'><strong>et</strong></span> <span class='ocrx_word' id='word_1_80' title='bbox 340 596 421 627; x_wconf 89' lang='lat' dir='ltr'><strong>alere</strong></span> <span class='ocrx_word' id='word_1_81' title='bbox 430 605 464 627; x_wconf 92' lang='lat' dir='ltr'><strong>ac</strong></span> <span class='ocrx_word' id='word_1_82' title='bbox 473 597 516 628; x_wconf 94' lang='lat' dir='ltr'><strong>illi</strong></span> <span class='ocrx_word' id='word_1_83' title='bbox 527 596 716 628; x_wconf 79' lang='lat' dir='ltr'><strong>benefacere.</strong></span> <span class='ocrx_word' id='word_1_84' title='bbox 724 596 798 627; x_wconf 87' lang='lat' dir='ltr'><strong>Nam</strong></span> <span class='ocrx_word' id='word_1_85' title='bbox 809 597 866 626; x_wconf 88' lang='lat' dir='ltr'><strong>hoc</strong></span> <span class='ocrx_word' id='word_1_86' title='bbox 878 595 1023 635; x_wconf 80' lang='lat' dir='ltr'><strong>signiﬁcat</strong></span> <span class='ocrx_word' id='word_1_87' title='bbox 1036 605 1042 624; x_wconf 91' lang='lat'><strong>:</strong></span> 
     </span>
    </p>
   </div>
   <div class='ocr_carea' id='block_1_15' title="bbox 223 641 1046 684">
    <p class='ocr_par' dir='ltr' id='par_1_15' title="bbox 223 641 1046 684">
     <span class='ocr_line' id='line_1_15' title="bbox 223 641 1046 684; baseline -0.004 -10"><span class='ocrx_word' id='word_1_88' title='bbox 223 643 278 674; x_wconf 86' lang='lat' dir='ltr'><strong>Pie</strong></span> <span class='ocrx_word' id='word_1_89' title='bbox 292 646 429 681; x_wconf 80' lang='lat' dir='ltr'><strong>tractare,</strong></span> <span class='ocrx_word' id='word_1_90' title='bbox 451 647 489 674; x_wconf 90' lang='lat' dir='ltr'><strong>&quot;et</strong></span> <span class='ocrx_word' id='word_1_91' title='bbox 512 643 684 684; x_wconf 85' lang='lat' dir='ltr'><strong>majoribus,</strong></span> <span class='ocrx_word' id='word_1_92' title='bbox 713 643 770 674; x_wconf 89' lang='lat' dir='ltr'><strong>hoc</strong></span> <span class='ocrx_word' id='word_1_93' title='bbox 799 647 842 674; x_wconf 87' lang='lat' dir='ltr'><strong>est</strong></span> <span class='ocrx_word' id='word_1_94' title='bbox 857 642 938 672; x_wconf 75' lang='lat' dir='ltr'><strong>avize.</strong></span> <span class='ocrx_word' id='word_1_95' title='bbox 957 641 1046 672; x_wconf 89' lang='lat' dir='ltr'><strong>Addit</strong></span> 
     </span>
    </p>
   </div>
   <div class='ocr_carea' id='block_1_16' title="bbox 224 687 1042 728">
    <p class='ocr_par' dir='ltr' id='par_1_16' title="bbox 224 687 1042 728">
     <span class='ocr_line' id='line_1_16' title="bbox 224 687 1042 728; baseline -0.004 -10"><span class='ocrx_word' id='word_1_96' title='bbox 224 696 343 728; x_wconf 90' lang='lat' dir='ltr'><strong>quoque</strong></span> <span class='ocrx_word' id='word_1_97' title='bbox 357 687 395 718; x_wconf 83' lang='lat' dir='ltr'><strong>ad</strong></span> <span class='ocrx_word' id='word_1_98' title='bbox 409 687 568 725; x_wconf 84' lang='lat' dir='ltr'><strong>rationem,</strong></span> <span class='ocrx_word' id='word_1_99' title='bbox 581 687 659 727; x_wconf 91' lang='lat' dir='ltr'><strong>quod</strong></span> <span class='ocrx_word' id='word_1_100' title='bbox 674 688 729 718; x_wconf 92' lang='lat' dir='ltr'><strong>hoc</strong></span> <span class='ocrx_word' id='word_1_101' title='bbox 745 687 806 718; x_wconf 90' lang='lat' dir='ltr'><strong>Deo</strong></span> <span class='ocrx_word' id='word_1_102' title='bbox 822 687 861 718; x_wconf 83' lang='lat' dir='ltr'><strong>sit</strong></span> <span class='ocrx_word' id='word_1_103' title='bbox 875 689 1042 725; x_wconf 83' lang='lat' dir='ltr'><strong>acceptum.</strong></span> 
     </span>
    </p>
   </div>
   <div class='ocr_carea' id='block_1_17' title="bbox 229 729 1045 772">
    <p class='ocr_par' dir='ltr' id='par_1_17' title="bbox 229 729 1045 772">
     <span class='ocr_line' id='line_1_17' title="bbox 229 729 1045 772; baseline -0.001 -11"><span class='ocrx_word' id='word_1_104' title='bbox 229 742 240 760; x_wconf 78' lang='grc' dir='ltr'>α</span> <span class='ocrx_word' id='word_1_105' title='bbox 259 732 351 763; x_wconf 85' lang='lat' dir='ltr'><strong>Porro</strong></span> <span class='ocrx_word' id='word_1_106' title='bbox 368 738 434 772; x_wconf 69' lang='lat' dir='ltr'><strong>quae</strong></span> <span class='ocrx_word' id='word_1_107' title='bbox 445 740 514 763; x_wconf 87' lang='lat' dir='ltr'><strong>vere</strong></span> <span class='ocrx_word' id='word_1_108' title='bbox 527 733 614 763; x_wconf 84' lang='lat' dir='ltr'><strong>vidua</strong></span> <span class='ocrx_word' id='word_1_109' title='bbox 625 736 682 764; x_wconf 82' lang='lat' dir='ltr'><strong>est.</strong></span> <span class='ocrx_word' id='word_1_110' title='bbox 701 744 714 760; x_wconf 80' lang='grc' dir='ltr'><strong>ι</strong></span> <span class='ocrx_word' id='word_1_111' title='bbox 732 731 876 768; x_wconf 86' lang='lat' dir='ltr'><strong>Quoniam</strong></span> <span class='ocrx_word' id='word_1_112' title='bbox 891 729 981 770; x_wconf 85' lang='lat' dir='ltr'><strong>jussit</strong></span> <span class='ocrx_word' id='word_1_113' title='bbox 996 738 1045 760; x_wconf 88' lang='lat' dir='ltr'><strong>eas</strong></span> 
     </span>
    </p>
   </div>
   <div class='ocr_carea' id='block_1_18' title="bbox 227 775 1045 817">
    <p class='ocr_par' dir='ltr' id='par_1_18' title="bbox 227 775 1045 817">
     <span class='ocr_line' id='line_1_18' title="bbox 227 775 1045 817; baseline -0.002 -11"><span class='ocrx_word' id='word_1_114' title='bbox 227 775 369 807; x_wconf 89' lang='lat' dir='ltr'><strong>honorari</strong></span> <span class='ocrx_word' id='word_1_115' title='bbox 383 783 450 817; x_wconf 57' lang='lat' dir='ltr'><strong>quae</strong></span> <span class='ocrx_word' id='word_1_116' title='bbox 464 785 535 808; x_wconf 87' lang='lat' dir='ltr'><strong>vere</strong></span> <span class='ocrx_word' id='word_1_117' title='bbox 549 780 619 807; x_wconf 88' lang='lat' dir='ltr'><strong>sunt</strong></span> <span class='ocrx_word' id='word_1_118' title='bbox 630 776 736 814; x_wconf 81' lang='lat' dir='ltr'><strong>viduae,</strong></span> <span class='ocrx_word' id='word_1_119' title='bbox 753 776 826 806; x_wconf 91' lang='lat' dir='ltr'><strong>dicit</strong></span> <span class='ocrx_word' id='word_1_120' title='bbox 842 785 922 806; x_wconf 92' lang='lat' dir='ltr'><strong>nunc</strong></span> <span class='ocrx_word' id='word_1_121' title='bbox 941 775 1045 815; x_wconf 65' lang='lat' dir='ltr'><strong>quales</strong></span> 
     </span>
    </p>
   </div>
   <div class='ocr_carea' id='block_1_19' title="bbox 223 819 1076 859">
    <p class='ocr_par' dir='ltr' id='par_1_19' title="bbox 223 819 1076 859">
     <span class='ocr_line' id='line_1_19' title="bbox 223 819 1076 859; baseline -0.002 -9"><span class='ocrx_word' id='word_1_122' title='bbox 223 824 293 851; x_wconf 90' lang='lat' dir='ltr'><strong>sunt</strong></span> <span class='ocrx_word' id='word_1_123' title='bbox 306 829 377 851; x_wconf 85' lang='lat' dir='ltr'><strong>vere</strong></span> <span class='ocrx_word' id='word_1_124' title='bbox 390 821 495 859; x_wconf 79' lang='lat' dir='ltr'><strong>viduae,</strong></span> <span class='ocrx_word' id='word_1_125' title='bbox 511 821 602 852; x_wconf 91' lang='lat' dir='ltr'><strong>veluti</strong></span> <span class='ocrx_word' id='word_1_126' title='bbox 617 821 765 852; x_wconf 88' lang='lat' dir='ltr'><strong>narrando</strong></span> <span class='ocrx_word' id='word_1_127' title='bbox 779 819 952 852; x_wconf 87' lang='lat' dir='ltr'><strong>describens</strong></span> <span class='ocrx_word' id='word_1_128' title='bbox 967 819 1043 849; x_wconf 88' lang='lat' dir='ltr'><strong>illas.</strong></span> <span class='ocrx_word' id='word_1_129' title='bbox 1057 834 1076 859; x_wconf 73' lang='grc' dir='ltr'>Β</span> 
     </span>
    </p>
   </div>
   <div class='ocr_carea' id='block_1_20' title="bbox 224 862 1043 903">
    <p class='ocr_par' dir='ltr' id='par_1_20' title="bbox 224 862 1043 903">
     <span class='ocr_line' id='line_1_20' title="bbox 224 862 1043 903; baseline -0.002 -8"><span class='ocrx_word' id='word_1_130' title='bbox 224 863 392 895; x_wconf 88' lang='lat' dir='ltr'><strong>Desolatam</strong></span> <span class='ocrx_word' id='word_1_131' title='bbox 408 868 507 896; x_wconf 88' lang='lat' dir='ltr'><strong>autem</strong></span> <span class='ocrx_word' id='word_1_132' title='bbox 523 864 594 896; x_wconf 87' lang='lat' dir='ltr'><strong>dicit</strong></span> <span class='ocrx_word' id='word_1_133' title='bbox 610 868 639 896; x_wconf 90' lang='lat' dir='ltr'><strong>et</strong></span> <span class='ocrx_word' id='word_1_134' title='bbox 659 874 676 896; x_wconf 84' lang='lat' dir='ltr'><strong>a</strong></span> <span class='ocrx_word' id='word_1_135' title='bbox 690 865 759 896; x_wconf 85' lang='lat' dir='ltr'><strong>ﬁliis</strong></span> <span class='ocrx_word' id='word_1_136' title='bbox 784 870 813 895; x_wconf 89' lang='lat' dir='ltr'><strong>et</strong></span> <span class='ocrx_word' id='word_1_137' title='bbox 842 873 858 894; x_wconf 87' lang='lat' dir='ltr'><strong>a</strong></span> <span class='ocrx_word' id='word_1_138' title='bbox 874 862 1043 903; x_wconf 82' lang='lat' dir='ltr'><strong>nepotibus.</strong></span> 
     </span>
    </p>
   </div>
   <div class='ocr_carea' id='block_1_21' title="bbox 228 907 1047 949">
    <p class='ocr_par' dir='ltr' id='par_1_21' title="bbox 228 907 1047 949">
     <span class='ocr_line' id='line_1_21' title="bbox 228 907 1047 949; baseline -0.002 -10"><span class='ocrx_word' id='word_1_139' title='bbox 228 919 240 936; x_wconf 77' lang='grc' dir='ltr'><strong>ε</strong></span> <span class='ocrx_word' id='word_1_140' title='bbox 258 908 293 939; x_wconf 91' lang='lat' dir='ltr'><strong>Et</strong></span> <span class='ocrx_word' id='word_1_141' title='bbox 308 909 482 949; x_wconf 87' lang='lat' dir='ltr'><strong>perseverat</strong></span> <span class='ocrx_word' id='word_1_142' title='bbox 496 909 527 939; x_wconf 90' lang='lat' dir='ltr'><strong>in</strong></span> <span class='ocrx_word' id='word_1_143' title='bbox 544 909 811 941; x_wconf 84' lang='lat' dir='ltr'><strong>obsecrationibus.</strong></span> <span class='ocrx_word' id='word_1_144' title='bbox 829 921 843 936; x_wconf 87' lang='lat'><strong><em>»</em></strong></span> <span class='ocrx_word' id='word_1_145' title='bbox 860 908 928 940; x_wconf 81' lang='lat' dir='ltr'><strong>Haec</strong></span> <span class='ocrx_word' id='word_1_146' title='bbox 947 907 1047 947; x_wconf 89' lang='lat' dir='ltr'><strong>itaque</strong></span> 
     </span>
    </p>
   </div>
   <div class='ocr_carea' id='block_1_22' title="bbox 224 953 1048 995">
    <p class='ocr_par' dir='ltr' id='par_1_22' title="bbox 224 953 1048 995">
     <span class='ocr_line' id='line_1_22' title="bbox 224 953 1048 995; baseline -0.002 -11"><span class='ocrx_word' id='word_1_147' title='bbox 224 955 295 984; x_wconf 86' lang='lat' dir='ltr'><strong>vere</strong></span> <span class='ocrx_word' id='word_1_148' title='bbox 307 953 397 984; x_wconf 87' lang='lat' dir='ltr'><strong>vidua</strong></span> <span class='ocrx_word' id='word_1_149' title='bbox 408 958 452 985; x_wconf 87' lang='lat' dir='ltr'><strong>est</strong></span> <span class='ocrx_word' id='word_1_150' title='bbox 467 961 533 995; x_wconf 65' lang='lat' dir='ltr'><strong>qum</strong></span> <span class='ocrx_word' id='word_1_151' title='bbox 545 958 647 995; x_wconf 81' lang='lat' dir='ltr'><strong>sperat</strong></span> <span class='ocrx_word' id='word_1_152' title='bbox 657 954 688 985; x_wconf 91' lang='lat' dir='ltr'><strong>in</strong></span> <span class='ocrx_word' id='word_1_153' title='bbox 700 953 826 985; x_wconf 88' lang='lat' dir='ltr'><strong>Domino</strong></span> <span class='ocrx_word' id='word_1_154' title='bbox 835 958 864 984; x_wconf 90' lang='lat' dir='ltr'><strong>et</strong></span> <span class='ocrx_word' id='word_1_155' title='bbox 879 955 1048 994; x_wconf 70' lang='lat' dir='ltr'><strong>perseverat</strong></span> 
     </span>
    </p>
   </div>
   <div class='ocr_carea' id='block_1_23' title="bbox 226 996 1046 1034">
    <p class='ocr_par' dir='ltr' id='par_1_23' title="bbox 226 996 1046 1034">
     <span class='ocr_line' id='line_1_23' title="bbox 226 996 1046 1034; baseline -0.004 -5"><span class='ocrx_word' id='word_1_156' title='bbox 226 998 257 1029; x_wconf 90' lang='lat' dir='ltr'><strong>in</strong></span> <span class='ocrx_word' id='word_1_157' title='bbox 273 998 541 1029; x_wconf 78' lang='lat' dir='ltr'><strong>obsecrationibus.</strong></span> <span class='ocrx_word' id='word_1_158' title='bbox 552 998 698 1034; x_wconf 86' lang='lat' dir='ltr'><strong>Quoniam</strong></span> <span class='ocrx_word' id='word_1_159' title='bbox 712 998 791 1029; x_wconf 84' lang='lat' dir='ltr'><strong>enim</strong></span> <span class='ocrx_word' id='word_1_160' title='bbox 803 998 839 1029; x_wconf 89' lang='lat' dir='ltr'><strong>ab</strong></span> <span class='ocrx_word' id='word_1_161' title='bbox 855 998 984 1029; x_wconf 89' lang='lat' dir='ltr'><strong>humano</strong></span> <span class='ocrx_word' id='word_1_162' title='bbox 996 996 1046 1027; x_wconf 88' lang='lat' dir='ltr'><strong>de-</strong></span> 
     </span>
    </p>
   </div>
   <div class='ocr_carea' id='block_1_24' title="bbox 226 1041 1047 1083">
    <p class='ocr_par' dir='ltr' id='par_1_24' title="bbox 226 1041 1047 1083">
     <span class='ocr_line' id='line_1_24' title="bbox 226 1041 1047 1083; baseline -0.004 -9"><span class='ocrx_word' id='word_1_163' title='bbox 226 1044 306 1074; x_wconf 81' lang='lat' dir='ltr'><strong>serta</strong></span> <span class='ocrx_word' id='word_1_164' title='bbox 322 1043 614 1083; x_wconf 77' lang='lat' dir='ltr'><strong>est‘auxilio,merito</strong></span> <span class='ocrx_word' id='word_1_165' title='bbox 627 1043 664 1074; x_wconf 91' lang='lat' dir='ltr'><strong>ad</strong></span> <span class='ocrx_word' id='word_1_166' title='bbox 676 1043 769 1074; x_wconf 86' lang='lat' dir='ltr'><strong>Deum</strong></span> <span class='ocrx_word' id='word_1_167' title='bbox 782 1042 941 1082; x_wconf 51' lang='lat' dir='ltr'><strong>confugi“</strong></span> <span class='ocrx_word' id='word_1_168' title='bbox 956 1041 1047 1073; x_wconf 81' lang='lat' dir='ltr'><strong>Caete-</strong></span> 
     </span>
    </p>
   </div>
   <div class='ocr_carea' id='block_1_25' title="bbox 227 1087 1047 1129">
    <p class='ocr_par' dir='ltr' id='par_1_25' title="bbox 227 1087 1047 1129">
     <span class='ocr_line' id='line_1_25' title="bbox 227 1087 1047 1129; baseline -0.002 -11"><span class='ocrx_word' id='word_1_169' title='bbox 227 1090 377 1129; x_wconf 76' lang='lat' dir='ltr'><strong>rum‘quae</strong></span> <span class='ocrx_word' id='word_1_170' title='bbox 392 1088 422 1119; x_wconf 93' lang='lat' dir='ltr'><strong>in</strong></span> <span class='ocrx_word' id='word_1_171' title='bbox 433 1087 550 1119; x_wconf 88' lang='lat' dir='ltr'><strong>deliciis</strong></span> <span class='ocrx_word' id='word_1_172' title='bbox 578 1092 721 1125; x_wconf 84' lang='lat' dir='ltr'><strong>versatur,</strong></span> <span class='ocrx_word' id='word_1_173' title='bbox 752 1097 788 1119; x_wconf 91' lang='lat' dir='ltr'><strong>ea</strong></span> <span class='ocrx_word' id='word_1_174' title='bbox 802 1087 902 1118; x_wconf 65' lang='lat' dir='ltr'><strong>vivens</strong></span> <span class='ocrx_word' id='word_1_175' title='bbox 931 1089 1047 1117; x_wconf 87' lang='lat' dir='ltr'><strong>mortua</strong></span> 
     </span>
    </p>
   </div>
   <div class='ocr_carea' id='block_1_26' title="bbox 227 1131 1048 1173">
    <p class='ocr_par' dir='ltr' id='par_1_26' title="bbox 227 1131 1048 1173">
     <span class='ocr_line' id='line_1_26' title="bbox 227 1131 1048 1173; baseline -0.004 -10"><span class='ocrx_word' id='word_1_176' title='bbox 227 1135 282 1163; x_wconf 89' lang='lat' dir='ltr'><strong>est.</strong></span> <span class='ocrx_word' id='word_1_177' title='bbox 296 1145 311 1161; x_wconf 78' lang='lat'><strong><em>»</em></strong></span> <span class='ocrx_word' id='word_1_178' title='bbox 328 1131 481 1173; x_wconf 89' lang='lat' dir='ltr'><strong>Siquidem</strong></span> <span class='ocrx_word' id='word_1_179' title='bbox 497 1132 565 1173; x_wconf 88' lang='lat' dir='ltr'><strong>quia</strong></span> <span class='ocrx_word' id='word_1_180' title='bbox 581 1133 679 1164; x_wconf 62' lang='lat' dir='ltr'><strong>multa;</strong></span> <span class='ocrx_word' id='word_1_181' title='bbox 703 1133 874 1164; x_wconf 88' lang='lat' dir='ltr'><strong>viduitatem</strong></span> <span class='ocrx_word' id='word_1_182' title='bbox 890 1131 1001 1170; x_wconf 82' lang='lat' dir='ltr'><strong>eligunt</strong></span> <span class='ocrx_word' id='word_1_183' title='bbox 1016 1133 1048 1160; x_wconf 91' lang='lat' dir='ltr'><strong>ut</strong></span> 
     </span>
    </p>
   </div>
   <div class='ocr_carea' id='block_1_27' title="bbox 226 1174 1043 1218">
    <p class='ocr_par' dir='ltr' id='par_1_27' title="bbox 226 1174 1043 1218">
     <span class='ocr_line' id='line_1_27' title="bbox 226 1174 1043 1218; baseline -0.004 -10"><span class='ocrx_word' id='word_1_184' title='bbox 226 1177 332 1218; x_wconf 85' lang='lat' dir='ltr'><strong>majori</strong></span> <span class='ocrx_word' id='word_1_185' title='bbox 346 1177 642 1209; x_wconf 74' lang='lat' dir='ltr'><strong>auctoﬁtate‘faciant</strong></span> <span class='ocrx_word' id='word_1_186' title='bbox 667 1187 732 1218; x_wconf 76' lang='lat' dir='ltr'><strong>quae</strong></span> <span class='ocrx_word' id='word_1_187' title='bbox 754 1187 814 1209; x_wconf 78' lang='lat' dir='ltr'><strong>non</strong></span> <span class='ocrx_word' id='word_1_188' title='bbox 837 1180 965 1218; x_wconf 84' lang='lat' dir='ltr'><strong>oportet,</strong></span> <span class='ocrx_word' id='word_1_189' title='bbox 983 1174 1043 1206; x_wconf 86' lang='lat' dir='ltr'><strong>ait:</strong></span> 
     </span>
    </p>
   </div>
   <div class='ocr_carea' id='block_1_28' title="bbox 225 1219 1049 1260">
    <p class='ocr_par' dir='ltr' id='par_1_28' title="bbox 225 1219 1049 1260">
     <span class='ocr_line' id='line_1_28' title="bbox 225 1219 1049 1260; baseline -0.004 -8"><span class='ocrx_word' id='word_1_190' title='bbox 225 1221 303 1258; x_wconf 41' lang='lat' dir='ltr'><strong>Quae“:</strong></span> <span class='ocrx_word' id='word_1_191' title='bbox 311 1221 342 1252; x_wconf 88' lang='lat' dir='ltr'><strong>in</strong></span> <span class='ocrx_word' id='word_1_192' title='bbox 352 1221 469 1253; x_wconf 84' lang='lat' dir='ltr'><strong>deliciis</strong></span> <span class='ocrx_word' id='word_1_193' title='bbox 482 1226 626 1260; x_wconf 87' lang='lat' dir='ltr'><strong>versatur,</strong></span> <span class='ocrx_word' id='word_1_194' title='bbox 644 1222 675 1252; x_wconf 94' lang='lat' dir='ltr'><strong>id</strong></span> <span class='ocrx_word' id='word_1_195' title='bbox 696 1226 751 1259; x_wconf 90' lang='lat' dir='ltr'><strong>est,</strong></span> <span class='ocrx_word' id='word_1_196' title='bbox 770 1221 910 1252; x_wconf 89' lang='lat' dir='ltr'><strong>deliciose</strong></span> <span class='ocrx_word' id='word_1_197' title='bbox 926 1219 995 1259; x_wconf 82' lang='lat' dir='ltr'><strong>agit,</strong></span> <span class='ocrx_word' id='word_1_198' title='bbox 1014 1227 1049 1250; x_wconf 87' lang='lat' dir='ltr'><strong>ea</strong></span> 
     </span>
    </p>
   </div>
   <div class='ocr_carea' id='block_1_29' title="bbox 224 1263 1048 1306">
    <p class='ocr_par' dir='ltr' id='par_1_29' title="bbox 224 1263 1048 1306">
     <span class='ocr_line' id='line_1_29' title="bbox 224 1263 1048 1306; baseline -0.004 -10"><span class='ocrx_word' id='word_1_199' title='bbox 224 1266 328 1297; x_wconf 74' lang='lat' dir='ltr'><strong>vivens</strong></span> <span class='ocrx_word' id='word_1_200' title='bbox 340 1270 461 1297; x_wconf 82' lang='lat' dir='ltr'><strong>mortua</strong></span> <span class='ocrx_word' id='word_1_201' title='bbox 475 1270 529 1298; x_wconf 80' lang='lat' dir='ltr'><strong>est.</strong></span> <span class='ocrx_word' id='word_1_202' title='bbox 547 1266 724 1302; x_wconf 85' lang='lat' dir='ltr'><strong>Quomodo?</strong></span> <span class='ocrx_word' id='word_1_203' title='bbox 748 1265 823 1302; x_wconf 88' lang='lat' dir='ltr'><strong>Quia</strong></span> <span class='ocrx_word' id='word_1_204' title='bbox 846 1264 977 1306; x_wconf 83' lang='lat' dir='ltr'><strong>preSenti</strong></span> <span class='ocrx_word' id='word_1_205' title='bbox 991 1263 1048 1294; x_wconf 87' lang='lat' dir='ltr'><strong>vita</strong></span> 
     </span>
    </p>
   </div>
   <div class='ocr_carea' id='block_1_30' title="bbox 225 1310 1049 1350">
    <p class='ocr_par' dir='ltr' id='par_1_30' title="bbox 225 1310 1049 1350">
     <span class='ocr_line' id='line_1_30' title="bbox 225 1310 1049 1350; baseline -0.004 -9"><span class='ocrx_word' id='word_1_206' title='bbox 225 1311 343 1342; x_wconf 81' lang='lat' dir='ltr'><strong>videtur</strong></span> <span class='ocrx_word' id='word_1_207' title='bbox 351 1311 469 1342; x_wconf 76' lang='lat' dir='ltr'><strong>vivere:</strong></span> <span class='ocrx_word' id='word_1_208' title='bbox 486 1311 539 1342; x_wconf 89' lang='lat' dir='ltr'><strong>sed</strong></span> <span class='ocrx_word' id='word_1_209' title='bbox 551 1313 638 1342; x_wconf 89' lang='lat' dir='ltr'><strong>vitam</strong></span> <span class='ocrx_word' id='word_1_210' title='bbox 655 1311 753 1350; x_wconf 91' lang='lat' dir='ltr'><strong>perdit</strong></span> <span class='ocrx_word' id='word_1_211' title='bbox 767 1315 920 1341; x_wconf 84' lang='lat' dir='ltr'><strong>aeternam.</strong></span> <span class='ocrx_word' id='word_1_212' title='bbox 934 1310 1049 1341; x_wconf 89' lang='lat' dir='ltr'><strong>Mortua</strong></span> 
     </span>
    </p>
   </div>
   <div class='ocr_carea' id='block_1_31' title="bbox 227 1353 1046 1396">
    <p class='ocr_par' dir='ltr' id='par_1_31' title="bbox 227 1353 1046 1396">
     <span class='ocr_line' id='line_1_31' title="bbox 227 1353 1046 1396; baseline -0.004 -10"><span class='ocrx_word' id='word_1_213' title='bbox 227 1359 352 1394; x_wconf 77' lang='lat' dir='ltr'><strong>estergo</strong></span> <span class='ocrx_word' id='word_1_214' title='bbox 368 1363 421 1395; x_wconf 83' lang='lat' dir='ltr'><strong>per</strong></span> <span class='ocrx_word' id='word_1_215' title='bbox 436 1358 602 1395; x_wconf 88' lang='lat' dir='ltr'><strong>peccatum,</strong></span> <span class='ocrx_word' id='word_1_216' title='bbox 620 1359 761 1396; x_wconf 85' lang='lat' dir='ltr'><strong>quantum</strong></span> <span class='ocrx_word' id='word_1_217' title='bbox 789 1354 824 1385; x_wconf 89' lang='lat' dir='ltr'><strong>ad</strong></span> <span class='ocrx_word' id='word_1_218' title='bbox 849 1354 930 1385; x_wconf 90' lang='lat' dir='ltr'><strong>illam</strong></span> <span class='ocrx_word' id='word_1_219' title='bbox 945 1353 1046 1384; x_wconf 90' lang='lat' dir='ltr'><strong>vitam.</strong></span> 
     </span>
    </p>
   </div>
   <div class='ocr_carea' id='block_1_32' title="bbox 232 1398 1048 1440">
    <p class='ocr_par' dir='ltr' id='par_1_32' title="bbox 232 1398 1048 1440">
     <span class='ocr_line' id='line_1_32' title="bbox 232 1398 1048 1440; baseline -0.001 -12"><span class='ocrx_word' id='word_1_220' title='bbox 232 1398 515 1440; x_wconf 69' lang='lat' dir='ltr'><strong>(&#39;Etitaecpraecipe.</strong></span> <span class='ocrx_word' id='word_1_221' title='bbox 531 1411 541 1427; x_wconf 74' lang='grc' dir='ltr'><strong>ι</strong></span> <span class='ocrx_word' id='word_1_222' title='bbox 550 1399 641 1430; x_wconf 87' lang='lat' dir='ltr'><strong>Vides</strong></span> <span class='ocrx_word' id='word_1_223' title='bbox 652 1398 730 1439; x_wconf 91' lang='lat' dir='ltr'><strong>quod</strong></span> <span class='ocrx_word' id='word_1_224' title='bbox 742 1408 806 1429; x_wconf 91' lang='lat' dir='ltr'><strong>rem</strong></span> <span class='ocrx_word' id='word_1_225' title='bbox 822 1399 898 1429; x_wconf 90' lang='lat' dir='ltr'><strong>hanc</strong></span> <span class='ocrx_word' id='word_1_226' title='bbox 910 1401 1048 1437; x_wconf 85' lang='lat' dir='ltr'><strong>tanquam</strong></span> 
     </span>
    </p>
   </div>
   <div class='ocr_carea' id='block_1_33' title="bbox 229 1443 1051 1482">
    <p class='ocr_par' dir='ltr' id='par_1_33' title="bbox 229 1443 1051 1482">
     <span class='ocr_line' id='line_1_33' title="bbox 229 1443 1051 1482; baseline -0.004 -8"><span class='ocrx_word' id='word_1_227' title='bbox 229 1443 325 1482; x_wconf 75' lang='lat' dir='ltr'><strong>legem</strong></span> <span class='ocrx_word' id='word_1_228' title='bbox 338 1449 405 1474; x_wconf 68' lang='lat' dir='ltr'><strong>eSSe</strong></span> <span class='ocrx_word' id='word_1_229' title='bbox 418 1444 489 1475; x_wconf 90' lang='lat' dir='ltr'><strong>velit</strong></span> <span class='ocrx_word' id='word_1_230' title='bbox 514 1443 530 1473; x_wconf 73' lang='lat' dir='ltr'><strong>‘I</strong></span> <span class='ocrx_word' id='word_1_231' title='bbox 547 1443 613 1475; x_wconf 88' lang='lat' dir='ltr'><strong>Non</strong></span> <span class='ocrx_word' id='word_1_232' title='bbox 636 1443 714 1474; x_wconf 84' lang='lat' dir='ltr'><strong>enim</strong></span> <span class='ocrx_word' id='word_1_233' title='bbox 737 1444 805 1473; x_wconf 75' lang='grc'><strong>257</strong></span> <span class='ocrx_word' id='word_1_234' title='bbox 832 1443 1004 1473; x_wconf 86' lang='lat' dir='ltr'><strong>adhortatur</strong></span> <span class='ocrx_word' id='word_1_235' title='bbox 1019 1443 1051 1471; x_wconf 83' lang='lat' dir='ltr'><strong>ut</strong></span> 
     </span>
    </p>
   </div>
   <div class='ocr_carea' id='block_1_34' title="bbox 229 1487 1048 1528">
    <p class='ocr_par' dir='ltr' id='par_1_34' title="bbox 229 1487 1048 1528">
     <span class='ocr_line' id='line_1_34' title="bbox 229 1487 1048 1528; baseline -0.002 -10"><span class='ocrx_word' id='word_1_236' title='bbox 229 1487 339 1527; x_wconf 85' lang='lat' dir='ltr'><strong>eligant</strong></span> <span class='ocrx_word' id='word_1_237' title='bbox 352 1495 412 1519; x_wconf 87' lang='lat' dir='ltr'><strong>non</strong></span> <span class='ocrx_word' id='word_1_238' title='bbox 428 1496 534 1520; x_wconf 87' lang='lat' dir='ltr'><strong>vacare</strong></span> <span class='ocrx_word' id='word_1_239' title='bbox 549 1488 665 1519; x_wconf 90' lang='lat' dir='ltr'><strong>deliciis</strong></span> <span class='ocrx_word' id='word_1_240' title='bbox 675 1488 727 1519; x_wconf 91' lang='lat' dir='ltr'><strong>sed</strong></span> <span class='ocrx_word' id='word_1_241' title='bbox 743 1492 881 1528; x_wconf 90' lang='lat' dir='ltr'><strong>tanquam</strong></span> <span class='ocrx_word' id='word_1_242' title='bbox 895 1489 1048 1528; x_wconf 86' lang='lat' dir='ltr'><strong>peecatum</strong></span> 
     </span>
    </p>
   </div>
   <div class='ocr_carea' id='block_1_35' title="bbox 230 1532 1050 1574">
    <p class='ocr_par' dir='ltr' id='par_1_35' title="bbox 230 1532 1050 1574">
     <span class='ocr_line' id='line_1_35' title="bbox 230 1532 1050 1574; baseline -0.002 -12"><span class='ocrx_word' id='word_1_243' title='bbox 230 1536 318 1564; x_wconf 87' lang='lat' dir='ltr'><strong>vetat.</strong></span> <span class='ocrx_word' id='word_1_244' title='bbox 337 1533 453 1570; x_wconf 73' lang='lat' dir='ltr'><strong>«Quod</strong></span> <span class='ocrx_word' id='word_1_245' title='bbox 467 1532 492 1564; x_wconf 89' lang='lat' dir='ltr'><strong>si</strong></span> <span class='ocrx_word' id='word_1_246' title='bbox 503 1542 560 1574; x_wconf 89' lang='lat' dir='ltr'><strong>qna</strong></span> <span class='ocrx_word' id='word_1_247' title='bbox 582 1532 655 1564; x_wconf 88' lang='lat' dir='ltr'><strong>suis.</strong></span> <span class='ocrx_word' id='word_1_248' title='bbox 672 1545 686 1561; x_wconf 76' lang='grc' dir='ltr'><strong>ι</strong></span> <span class='ocrx_word' id='word_1_249' title='bbox 711 1532 776 1563; x_wconf 91' lang='lat' dir='ltr'><strong>Non</strong></span> <span class='ocrx_word' id='word_1_250' title='bbox 799 1532 907 1563; x_wconf 84' lang='lat' dir='ltr'><strong>sufﬁcit</strong></span> <span class='ocrx_word' id='word_1_251' title='bbox 922 1539 1050 1571; x_wconf 87' lang='lat' dir='ltr'><strong>namque</strong></span> 
     </span>
    </p>
   </div>
   <div class='ocr_carea' id='block_1_36' title="bbox 230 1575 1051 1618">
    <p class='ocr_par' dir='ltr' id='par_1_36' title="bbox 230 1575 1051 1618">
     <span class='ocr_line' id='line_1_36' title="bbox 230 1575 1051 1618; baseline -0.004 -10"><span class='ocrx_word' id='word_1_252' title='bbox 230 1577 268 1608; x_wconf 88' lang='lat' dir='ltr'><strong>ad</strong></span> <span class='ocrx_word' id='word_1_253' title='bbox 293 1577 419 1609; x_wconf 88' lang='lat' dir='ltr'><strong>salutem</strong></span> <span class='ocrx_word' id='word_1_254' title='bbox 444 1577 564 1618; x_wconf 90' lang='lat' dir='ltr'><strong>propria</strong></span> <span class='ocrx_word' id='word_1_255' title='bbox 591 1581 703 1608; x_wconf 86' lang='lat' dir='ltr'><strong>tantum</strong></span> <span class='ocrx_word' id='word_1_256' title='bbox 732 1577 834 1613; x_wconf 85' lang='lat' dir='ltr'><strong>virtus,</strong></span> <span class='ocrx_word' id='word_1_257' title='bbox 861 1576 918 1607; x_wconf 91' lang='lat' dir='ltr'><strong>nisi</strong></span> <span class='ocrx_word' id='word_1_258' title='bbox 933 1576 970 1606; x_wconf 93' lang='lat' dir='ltr'><strong>de</strong></span> <span class='ocrx_word' id='word_1_259' title='bbox 984 1575 1051 1606; x_wconf 91' lang='lat' dir='ltr'><strong>aliis</strong></span> 
     </span>
    </p>
   </div>
   <div class='ocr_carea' id='block_1_37' title="bbox 231 1619 1049 1654">
    <p class='ocr_par' dir='ltr' id='par_1_37' title="bbox 231 1619 1049 1654">
     <span class='ocr_line' id='line_1_37' title="bbox 231 1619 1049 1654; baseline -0.004 -2"><span class='ocrx_word' id='word_1_260' title='bbox 231 1622 319 1652; x_wconf 90' lang='lat' dir='ltr'><strong>etiam</strong></span> <span class='ocrx_word' id='word_1_261' title='bbox 335 1631 436 1653; x_wconf 86' lang='lat' dir='ltr'><strong>curam</strong></span> <span class='ocrx_word' id='word_1_262' title='bbox 453 1622 571 1654; x_wconf 86' lang='lat' dir='ltr'><strong>habeat.</strong></span> <span class='ocrx_word' id='word_1_263' title='bbox 588 1621 631 1653; x_wconf 91' lang='lat' dir='ltr'><strong>De</strong></span> <span class='ocrx_word' id='word_1_264' title='bbox 647 1621 734 1653; x_wconf 88' lang='lat' dir='ltr'><strong>vidua</strong></span> <span class='ocrx_word' id='word_1_265' title='bbox 761 1625 858 1652; x_wconf 91' lang='lat' dir='ltr'><strong>autem</strong></span> <span class='ocrx_word' id='word_1_266' title='bbox 873 1621 936 1652; x_wconf 72' lang='lat' dir='ltr'><strong>haec</strong></span> <span class='ocrx_word' id='word_1_267' title='bbox 953 1619 1025 1650; x_wconf 91' lang='lat' dir='ltr'><strong>dicit</strong></span> <span class='ocrx_word' id='word_1_268' title='bbox 1043 1630 1049 1648; x_wconf 93' lang='lat'>:</span> 
     </span>
    </p>
   </div>
   <div class='ocr_carea' id='block_1_38' title="bbox 231 1665 1049 1712">
    <p class='ocr_par' dir='ltr' id='par_1_38' title="bbox 231 1665 1049 1712">
     <span class='ocr_line' id='line_1_38' title="bbox 231 1665 1049 1712; baseline -0.002 -15"><span class='ocrx_word' id='word_1_269' title='bbox 231 1675 382 1712; x_wconf 61' lang='lat' dir='ltr'><strong>suosvero</strong></span> <span class='ocrx_word' id='word_1_270' title='bbox 409 1667 539 1712; x_wconf 84' lang='lat' dir='ltr'><strong>appellat</strong></span> <span class='ocrx_word' id='word_1_271' title='bbox 567 1666 617 1707; x_wconf 87' lang='lat' dir='ltr'><strong>qui</strong></span> <span class='ocrx_word' id='word_1_272' title='bbox 646 1675 758 1704; x_wconf 73' lang='lat' dir='ltr'><strong>genere</strong></span> <span class='ocrx_word' id='word_1_273' title='bbox 775 1675 840 1696; x_wconf 89' lang='lat' dir='ltr'><strong>eam</strong></span> <span class='ocrx_word' id='word_1_274' title='bbox 864 1665 1049 1712; x_wconf 82' lang='lat' dir='ltr'><strong>contingunt.</strong></span> 
     </span>
    </p>
   </div>
   <div class='ocr_carea' id='block_1_39' title="bbox 231 1709 1051 1752">
    <p class='ocr_par' dir='ltr' id='par_1_39' title="bbox 231 1709 1051 1752">
     <span class='ocr_line' id='line_1_39' title="bbox 231 1709 1051 1752; baseline -0.002 -11"><span class='ocrx_word' id='word_1_275' title='bbox 231 1709 386 1752; x_wconf 89' lang='lat' dir='ltr'><strong>Siquidem</strong></span> <span class='ocrx_word' id='word_1_276' title='bbox 403 1709 549 1751; x_wconf 76' lang='lat' dir='ltr'><strong>contingit</strong></span> <span class='ocrx_word' id='word_1_277' title='bbox 569 1719 640 1742; x_wconf 84' lang='lat' dir='ltr'><strong>suos</strong></span> <span class='ocrx_word' id='word_1_278' title='bbox 667 1720 733 1742; x_wconf 90' lang='lat' dir='ltr'><strong>esse</strong></span> <span class='ocrx_word' id='word_1_279' title='bbox 755 1715 825 1751; x_wconf 89' lang='lat' dir='ltr'><strong>puta</strong></span> <span class='ocrx_word' id='word_1_280' title='bbox 850 1710 973 1747; x_wconf 88' lang='lat' dir='ltr'><strong>amicos,</strong></span> <span class='ocrx_word' id='word_1_281' title='bbox 992 1717 1051 1739; x_wconf 92' lang='lat' dir='ltr'><strong>non</strong></span> 
     </span>
    </p>
   </div>
   <div class='ocr_carea' id='block_1_40' title="bbox 224 1753 1051 1795">
    <p class='ocr_par' dir='ltr' id='par_1_40' title="bbox 224 1753 1051 1795">
     <span class='ocr_line' id='line_1_40' title="bbox 224 1753 1051 1795; baseline -0.002 -9"><span class='ocrx_word' id='word_1_282' title='bbox 224 1757 329 1787; x_wconf 80' lang='lat' dir='ltr'><strong>&#39;autem</strong></span> <span class='ocrx_word' id='word_1_283' title='bbox 346 1756 436 1788; x_wconf 88' lang='lat' dir='ltr'><strong>etiam</strong></span> <span class='ocrx_word' id='word_1_284' title='bbox 448 1755 637 1794; x_wconf 88' lang='lat' dir='ltr'><strong>domesticos,</strong></span> <span class='ocrx_word' id='word_1_285' title='bbox 650 1755 743 1786; x_wconf 86' lang='lat' dir='ltr'><strong>Debet</strong></span> <span class='ocrx_word' id='word_1_286' title='bbox 761 1756 861 1795; x_wconf 87' lang='lat' dir='ltr'><strong>itaque</strong></span> <span class='ocrx_word' id='word_1_287' title='bbox 875 1754 935 1785; x_wconf 91' lang='lat' dir='ltr'><strong>suis</strong></span> <span class='ocrx_word' id='word_1_288' title='bbox 947 1753 1051 1794; x_wconf 84' lang='lat' dir='ltr'><strong>provi-</strong></span> 
     </span>
    </p>
   </div>
   <div class='ocr_carea' id='block_1_41' title="bbox 231 1798 1052 1840">
    <p class='ocr_par' dir='ltr' id='par_1_41' title="bbox 231 1798 1052 1840">
     <span class='ocr_line' id='line_1_41' title="bbox 231 1798 1052 1840; baseline -0.005 -8"><span class='ocrx_word' id='word_1_289' title='bbox 231 1800 315 1840; x_wconf 84' lang='lat' dir='ltr'><strong>dere,</strong></span> <span class='ocrx_word' id='word_1_290' title='bbox 333 1801 459 1832; x_wconf 81' lang='lat' dir='ltr'><strong>maxime</strong></span> <span class='ocrx_word' id='word_1_291' title='bbox 469 1804 568 1831; x_wconf 90' lang='lat' dir='ltr'><strong>autem</strong></span> <span class='ocrx_word' id='word_1_292' title='bbox 580 1799 751 1831; x_wconf 86' lang='lat' dir='ltr'><strong>domesticis</strong></span> <span class='ocrx_word' id='word_1_293' title='bbox 764 1799 852 1840; x_wconf 89' lang='lat' dir='ltr'><strong>:quod</strong></span> <span class='ocrx_word' id='word_1_294' title='bbox 866 1808 925 1830; x_wconf 89' lang='lat' dir='ltr'><strong>non</strong></span> <span class='ocrx_word' id='word_1_295' title='bbox 935 1798 1006 1830; x_wconf 87' lang='lat' dir='ltr'><strong>facit</strong></span> <span class='ocrx_word' id='word_1_296' title='bbox 1017 1807 1052 1828; x_wconf 90' lang='lat' dir='ltr'><strong>ea</strong></span> 
     </span>
    </p>
   </div>
   <div class='ocr_carea' id='block_1_42' title="bbox 234 1842 1052 1886">
    <p class='ocr_par' dir='ltr' id='par_1_42' title="bbox 234 1842 1052 1886">
     <span class='ocr_line' id='line_1_42' title="bbox 234 1842 1052 1886; baseline -0.002 -10"><span class='ocrx_word' id='word_1_297' title='bbox 234 1855 300 1886; x_wconf 65' lang='lat' dir='ltr'><strong>quae</strong></span> <span class='ocrx_word' id='word_1_298' title='bbox 313 1842 473 1877; x_wconf 38' lang='lat' dir='ltr'><strong>in&#39;deliciis</strong></span> <span class='ocrx_word' id='word_1_299' title='bbox 484 1849 628 1884; x_wconf 84' lang='lat' dir='ltr'><strong>versatur,</strong></span> <span class='ocrx_word' id='word_1_300' title='bbox 642 1845 714 1876; x_wconf 90' lang='lat' dir='ltr'><strong>solis</strong></span> <span class='ocrx_word' id='word_1_301' title='bbox 726 1845 842 1876; x_wconf 89' lang='lat' dir='ltr'><strong>deliciis</strong></span> <span class='ocrx_word' id='word_1_302' title='bbox 856 1844 989 1876; x_wconf 84' lang='lat' dir='ltr'><strong>animum</strong></span> <span class='ocrx_word' id='word_1_303' title='bbox 1002 1844 1052 1874; x_wconf 85' lang='lat' dir='ltr'><strong>ad-</strong></span> 
     </span>
    </p>
   </div>
   <div class='ocr_carea' id='block_1_43' title="bbox 232 1888 1050 1923">
    <p class='ocr_par' dir='ltr' id='par_1_43' title="bbox 232 1888 1050 1923">
     <span class='ocr_line' id='line_1_43' title="bbox 232 1888 1050 1923; baseline -0.001 -3"><span class='ocrx_word' id='word_1_304' title='bbox 232 1889 351 1922; x_wconf 87' lang='lat' dir='ltr'><strong>hibens.</strong></span> <span class='ocrx_word' id='word_1_305' title='bbox 371 1889 440 1921; x_wconf 64' lang='lat' dir='ltr'><strong>(Et</strong></span> <span class='ocrx_word' id='word_1_306' title='bbox 451 1889 578 1920; x_wconf 90' lang='lat' dir='ltr'><strong>maxime</strong></span> <span class='ocrx_word' id='word_1_307' title='bbox 593 1889 796 1923; x_wconf 75' lang='lat' dir='ltr'><strong>domesticis.)</strong></span> <span class='ocrx_word' id='word_1_308' title='bbox 821 1888 887 1920; x_wconf 87' lang='lat' dir='ltr'><strong>Suis</strong></span> <span class='ocrx_word' id='word_1_309' title='bbox 900 1893 928 1920; x_wconf 91' lang='lat' dir='ltr'><strong>et</strong></span> <span class='ocrx_word' id='word_1_310' title='bbox 945 1889 1050 1920; x_wconf 89' lang='lat' dir='ltr'><strong>dome-</strong></span> 
     </span>
    </p>
   </div>
   <div class='ocr_carea' id='block_1_44' title="bbox 232 1933 1051 1975">
    <p class='ocr_par' dir='ltr' id='par_1_44' title="bbox 232 1933 1051 1975">
     <span class='ocr_line' id='line_1_44' title="bbox 232 1933 1051 1975; baseline -0.004 -9"><span class='ocrx_word' id='word_1_311' title='bbox 232 1935 314 1966; x_wconf 89' lang='lat' dir='ltr'><strong>sticis</strong></span> <span class='ocrx_word' id='word_1_312' title='bbox 326 1933 470 1975; x_wconf 86' lang='lat' dir='ltr'><strong>providet,</strong></span> <span class='ocrx_word' id='word_1_313' title='bbox 487 1934 538 1975; x_wconf 89' lang='lat' dir='ltr'><strong>qui</strong></span> <span class='ocrx_word' id='word_1_314' title='bbox 552 1944 611 1965; x_wconf 90' lang='lat' dir='ltr'><strong>non</strong></span> <span class='ocrx_word' id='word_1_315' title='bbox 623 1934 717 1965; x_wconf 90' lang='lat' dir='ltr'><strong>solum</strong></span> <span class='ocrx_word' id='word_1_316' title='bbox 732 1943 832 1965; x_wconf 89' lang='lat' dir='ltr'><strong>curam</strong></span> <span class='ocrx_word' id='word_1_317' title='bbox 845 1933 935 1965; x_wconf 88' lang='lat' dir='ltr'><strong>habet</strong></span> <span class='ocrx_word' id='word_1_318' title='bbox 949 1942 1051 1964; x_wconf 87' lang='lat' dir='ltr'><strong>eorum</strong></span> 
     </span>
    </p>
   </div>
   <div class='ocr_carea' id='block_1_45' title="bbox 231 1977 1051 2021">
    <p class='ocr_par' dir='ltr' id='par_1_45' title="bbox 231 1977 1051 2021">
     <span class='ocr_line' id='line_1_45' title="bbox 231 1977 1051 2021; baseline -0.004 -10"><span class='ocrx_word' id='word_1_319' title='bbox 231 1979 281 2021; x_wconf 91' lang='lat' dir='ltr'><strong>qui</strong></span> <span class='ocrx_word' id='word_1_320' title='bbox 293 1977 496 2021; x_wconf 50' lang='lat' dir='ltr'><strong>aliquo‘modo</strong></span> <span class='ocrx_word' id='word_1_321' title='bbox 508 1980 693 2019; x_wconf 83' lang='lat' dir='ltr'><strong>contingunt,</strong></span> <span class='ocrx_word' id='word_1_322' title='bbox 707 1979 759 2010; x_wconf 92' lang='lat' dir='ltr'><strong>sed</strong></span> <span class='ocrx_word' id='word_1_323' title='bbox 768 1983 797 2010; x_wconf 88' lang='lat' dir='ltr'><strong>et</strong></span> <span class='ocrx_word' id='word_1_324' title='bbox 812 1978 859 2009; x_wconf 88' lang='lat' dir='ltr'><strong>sui</strong></span> <span class='ocrx_word' id='word_1_325' title='bbox 869 1978 974 2019; x_wconf 80' lang='lat' dir='ltr'><strong>ipsius,</strong></span> <span class='ocrx_word' id='word_1_326' title='bbox 986 1987 1051 2018; x_wconf 91' lang='lat' dir='ltr'><strong>pro-</strong></span> 
     </span>
    </p>
   </div>
   <div class='ocr_carea' id='block_1_46' title="bbox 232 2022 1054 2064">
    <p class='ocr_par' dir='ltr' id='par_1_46' title="bbox 232 2022 1054 2064">
     <span class='ocr_line' id='line_1_46' title="bbox 232 2022 1054 2064; baseline -0.002 -9"><span class='ocrx_word' id='word_1_327' title='bbox 232 2022 366 2064; x_wconf 67' lang='lat' dir='ltr'><strong>prios‘am</strong></span> <span class='ocrx_word' id='word_1_328' title='bbox 372 2022 501 2064; x_wconf 86' lang='lat' dir='ltr'><strong>putando</strong></span> <span class='ocrx_word' id='word_1_329' title='bbox 510 2023 645 2055; x_wconf 78' lang='lat' dir='ltr'><strong>affectus.</strong></span> <span class='ocrx_word' id='word_1_330' title='bbox 656 2023 701 2054; x_wconf 87' lang='lat' dir='ltr'><strong>Ita</strong></span> <span class='ocrx_word' id='word_1_331' title='bbox 707 2023 845 2054; x_wconf 88' lang='lat' dir='ltr'><strong>Clemens</strong></span> <span class='ocrx_word' id='word_1_332' title='bbox 852 2023 978 2063; x_wconf 82' lang='lat' dir='ltr'><strong>Septimo</strong></span> <span class='ocrx_word' id='word_1_333' title='bbox 1004 2023 1054 2054; x_wconf 83' lang='lat' dir='ltr'><strong>In-</strong></span> 
     </span>
    </p>
   </div>
   <div class='ocr_carea' id='block_1_47' title="bbox 231 2067 1054 2108">
    <p class='ocr_par' dir='ltr' id='par_1_47' title="bbox 231 2067 1054 2108">
     <span class='ocr_line' id='line_1_47' title="bbox 231 2067 1054 2108; baseline -0.002 -8"><span class='ocrx_word' id='word_1_334' title='bbox 231 2067 679 2108; x_wconf 71' lang='lat' dir='ltr'><strong>]ormationum:Providentiam</strong></span> <span class='ocrx_word' id='word_1_335' title='bbox 686 2067 850 2099; x_wconf 87' lang='lat' dir='ltr'><strong>sivecuram</strong></span> <span class='ocrx_word' id='word_1_336' title='bbox 858 2067 927 2098; x_wconf 82' lang='lat' dir='ltr'><strong>dicit</strong></span> <span class='ocrx_word' id='word_1_337' title='bbox 937 2071 965 2098; x_wconf 90' lang='lat' dir='ltr'><strong>et</strong></span> <span class='ocrx_word' id='word_1_338' title='bbox 973 2067 1054 2098; x_wconf 88' lang='lat' dir='ltr'><strong>illam</strong></span> 
     </span>
    </p>
   </div>
   <div class='ocr_carea' id='block_1_48' title="bbox 232 2111 1052 2153">
    <p class='ocr_par' dir='ltr' id='par_1_48' title="bbox 232 2111 1052 2153">
     <span class='ocr_line' id='line_1_48' title="bbox 232 2111 1052 2153; baseline -0.002 -9"><span class='ocrx_word' id='word_1_339' title='bbox 232 2122 298 2153; x_wconf 80' lang='lat' dir='ltr'><strong>quae</strong></span> <span class='ocrx_word' id='word_1_340' title='bbox 304 2112 516 2145; x_wconf 66' lang='lat' dir='ltr'><strong>circaani‘mam</strong></span> <span class='ocrx_word' id='word_1_341' title='bbox 524 2117 569 2144; x_wconf 77' lang='lat' dir='ltr'><strong>est</strong></span> <span class='ocrx_word' id='word_1_342' title='bbox 579 2116 677 2153; x_wconf 81' lang='lat' dir='ltr'><strong>etquae</strong></span> <span class='ocrx_word' id='word_1_343' title='bbox 688 2112 767 2143; x_wconf 89' lang='lat' dir='ltr'><strong>circa</strong></span> <span class='ocrx_word' id='word_1_344' title='bbox 778 2122 888 2152; x_wconf 90' lang='lat' dir='ltr'><strong>corpus</strong></span> <span class='ocrx_word' id='word_1_345' title='bbox 920 2125 933 2140; x_wconf 77' lang='grc' dir='ltr'>(ι</span> <span class='ocrx_word' id='word_1_346' title='bbox 950 2111 1052 2143; x_wconf 90' lang='lat' dir='ltr'><strong>Fidem</strong></span> 
     </span>
    </p>
   </div>
   <div class='ocr_carea' id='block_1_49' title="bbox 234 2157 1054 2198">
    <p class='ocr_par' dir='ltr' id='par_1_49' title="bbox 234 2157 1054 2198">
     <span class='ocr_line' id='line_1_49' title="bbox 234 2157 1054 2198; baseline -0.001 -10"><span class='ocrx_word' id='word_1_347' title='bbox 234 2158 380 2198; x_wconf 69' lang='lat' dir='ltr'><strong>negavit.»</strong></span> <span class='ocrx_word' id='word_1_348' title='bbox 391 2157 426 2188; x_wconf 91' lang='lat' dir='ltr'><strong>Et</strong></span> <span class='ocrx_word' id='word_1_349' title='bbox 435 2157 584 2198; x_wconf 90' lang='lat' dir='ltr'><strong>quomodo</strong></span> <span class='ocrx_word' id='word_1_350' title='bbox 594 2166 628 2188; x_wconf 87' lang='lat' dir='ltr'><strong>ea</strong></span> <span class='ocrx_word' id='word_1_351' title='bbox 638 2167 705 2197; x_wconf 77' lang='lat' dir='ltr'><strong>quae</strong></span> <span class='ocrx_word' id='word_1_352' title='bbox 713 2157 743 2188; x_wconf 89' lang='lat' dir='ltr'><strong>in</strong></span> <span class='ocrx_word' id='word_1_353' title='bbox 753 2157 869 2188; x_wconf 90' lang='lat' dir='ltr'><strong>deliciis</strong></span> <span class='ocrx_word' id='word_1_354' title='bbox 876 2160 1054 2194; x_wconf 87' lang='lat' dir='ltr'><strong>versatur,et</strong></span> 
     </span>
    </p>
   </div>
   <div class='ocr_carea' id='block_1_50' title="bbox 233 2201 1054 2242">
    <p class='ocr_par' dir='ltr' id='par_1_50' title="bbox 233 2201 1054 2242">
     <span class='ocr_line' id='line_1_50' title="bbox 233 2201 1054 2242; baseline -0.002 -9"><span class='ocrx_word' id='word_1_355' title='bbox 233 2202 296 2233; x_wconf 82' lang='lat' dir='ltr'><strong>suis</strong></span> <span class='ocrx_word' id='word_1_356' title='bbox 306 2212 340 2234; x_wconf 91' lang='lat' dir='ltr'><strong>ac</strong></span> <span class='ocrx_word' id='word_1_357' title='bbox 348 2201 518 2234; x_wconf 90' lang='lat' dir='ltr'><strong>domesticis</strong></span> <span class='ocrx_word' id='word_1_358' title='bbox 525 2211 584 2233; x_wconf 91' lang='lat' dir='ltr'><strong>non</strong></span> <span class='ocrx_word' id='word_1_359' title='bbox 594 2201 832 2242; x_wconf 83' lang='lat' dir='ltr'><strong>providet,ﬁdem</strong></span> <span class='ocrx_word' id='word_1_360' title='bbox 841 2201 970 2241; x_wconf 83' lang='lat' dir='ltr'><strong>negavit?</strong></span> <span class='ocrx_word' id='word_1_361' title='bbox 980 2201 1054 2237; x_wconf 88' lang='lat' dir='ltr'><strong>Quia</strong></span> 
     </span>
    </p>
   </div>
   <div class='ocr_carea' id='block_1_51' title="bbox 232 2245 1053 2287">
    <p class='ocr_par' dir='ltr' id='par_1_51' title="bbox 232 2245 1053 2287">
     <span class='ocr_line' id='line_1_51' title="bbox 232 2245 1053 2287; baseline -0.002 -9"><span class='ocrx_word' id='word_1_362' title='bbox 232 2248 344 2278; x_wconf 83' lang='lat' dir='ltr'><strong>dictum</strong></span> <span class='ocrx_word' id='word_1_363' title='bbox 353 2249 398 2278; x_wconf 83' lang='lat' dir='ltr'><strong>est</strong></span> <span class='ocrx_word' id='word_1_364' title='bbox 406 2247 502 2287; x_wconf 89' lang='lat' dir='ltr'><strong>inquit</strong></span> <span class='ocrx_word' id='word_1_365' title='bbox 516 2257 522 2278; x_wconf 92' lang='lat'><strong>:</strong></span> <span class='ocrx_word' id='word_1_366' title='bbox 535 2246 571 2277; x_wconf 90' lang='lat' dir='ltr'><strong>Et</strong></span> <span class='ocrx_word' id='word_1_367' title='bbox 583 2246 761 2277; x_wconf 88' lang='lat' dir='ltr'><strong>domesticos</strong></span> <span class='ocrx_word' id='word_1_368' title='bbox 774 2246 823 2287; x_wconf 89' lang='lat' dir='ltr'><strong>qui</strong></span> <span class='ocrx_word' id='word_1_369' title='bbox 832 2246 868 2277; x_wconf 90' lang='lat' dir='ltr'><strong>de</strong></span> <span class='ocrx_word' id='word_1_370' title='bbox 877 2245 991 2277; x_wconf 89' lang='lat' dir='ltr'><strong>semine</strong></span> <span class='ocrx_word' id='word_1_371' title='bbox 1005 2249 1053 2276; x_wconf 91' lang='lat' dir='ltr'><strong>tuo</strong></span> 
     </span>
    </p>
   </div>
   <div class='ocr_carea' id='block_1_52' title="bbox 234 2290 1054 2332">
    <p class='ocr_par' dir='ltr' id='par_1_52' title="bbox 234 2290 1054 2332">
     <span class='ocr_line' id='line_1_52' title="bbox 234 2290 1054 2332; baseline -0.004 -9"><span class='ocrx_word' id='word_1_372' title='bbox 234 2292 306 2323; x_wconf 81' lang='lat' dir='ltr'><strong>sunt</strong></span> <span class='ocrx_word' id='word_1_373' title='bbox 318 2301 355 2323; x_wconf 89' lang='lat' dir='ltr'><strong>ne</strong></span> <span class='ocrx_word' id='word_1_374' title='bbox 365 2291 525 2332; x_wconf 82' lang='lat' dir='ltr'><strong>despicias.</strong></span> <span class='ocrx_word' id='word_1_375' title='bbox 537 2290 620 2327; x_wconf 82' lang='lat' dir='ltr'><strong>Quod</strong></span> <span class='ocrx_word' id='word_1_376' title='bbox 641 2291 666 2321; x_wconf 91' lang='lat' dir='ltr'><strong>si</strong></span> <span class='ocrx_word' id='word_1_377' title='bbox 683 2292 776 2322; x_wconf 90' lang='lat' dir='ltr'><strong>Deum</strong></span> <span class='ocrx_word' id='word_1_378' title='bbox 798 2290 909 2321; x_wconf 85' lang='lat' dir='ltr'><strong>videris</strong></span> <span class='ocrx_word' id='word_1_379' title='bbox 929 2300 987 2321; x_wconf 89' lang='lat' dir='ltr'><strong>non</strong></span> <span class='ocrx_word' id='word_1_380' title='bbox 1001 2299 1054 2320; x_wconf 79' lang='lat' dir='ltr'><strong>ne-</strong></span> 
     </span>
    </p>
   </div>
   <div class='ocr_carea' id='block_1_53' title="bbox 234 2334 1053 2376">
    <p class='ocr_par' dir='ltr' id='par_1_53' title="bbox 234 2334 1053 2376">
     <span class='ocr_line' id='line_1_53' title="bbox 234 2334 1053 2376; baseline -0.001 -10"><span class='ocrx_word' id='word_1_381' title='bbox 234 2336 344 2375; x_wconf 77' lang='lat' dir='ltr'><strong>gare.si</strong></span> <span class='ocrx_word' id='word_1_382' title='bbox 350 2338 450 2367; x_wconf 86' lang='lat' dir='ltr'><strong>tamen</strong></span> <span class='ocrx_word' id='word_1_383' title='bbox 458 2335 541 2376; x_wconf 79' lang='lat' dir='ltr'><strong>leges</strong></span> <span class='ocrx_word' id='word_1_384' title='bbox 550 2336 614 2376; x_wconf 85' lang='lat' dir='ltr'><strong>ejus</strong></span> <span class='ocrx_word' id='word_1_385' title='bbox 623 2334 953 2376; x_wconf 78' lang='lat' dir='ltr'><strong>transgrederis,ipsum</strong></span> <span class='ocrx_word' id='word_1_386' title='bbox 963 2336 1053 2365; x_wconf 88' lang='lat' dir='ltr'><strong>Deum</strong></span> 
     </span>
    </p>
   </div>
   <div class='ocr_carea' id='block_1_54' title="bbox 234 2380 1056 2421">
    <p class='ocr_par' dir='ltr' id='par_1_54' title="bbox 234 2380 1056 2421">
     <span class='ocr_line' id='line_1_54' title="bbox 234 2380 1056 2421; baseline -0.001 -10"><span class='ocrx_word' id='word_1_387' title='bbox 234 2381 358 2421; x_wconf 80' lang='lat' dir='ltr'><strong>negasti.</strong></span> <span class='ocrx_word' id='word_1_388' title='bbox 375 2380 490 2411; x_wconf 90' lang='lat' dir='ltr'><strong>Dictum</strong></span> <span class='ocrx_word' id='word_1_389' title='bbox 507 2384 551 2411; x_wconf 88' lang='lat' dir='ltr'><strong>est</strong></span> <span class='ocrx_word' id='word_1_390' title='bbox 575 2380 654 2410; x_wconf 84' lang='lat' dir='ltr'><strong>enim</strong></span> <span class='ocrx_word' id='word_1_391' title='bbox 672 2389 679 2411; x_wconf 91' lang='lat'>:</span> <span class='ocrx_word' id='word_1_392' title='bbox 712 2381 804 2411; x_wconf 86' lang='lat' dir='ltr'><strong>Deum</strong></span> <span class='ocrx_word' id='word_1_393' title='bbox 835 2380 1010 2420; x_wconf 83' lang='lat' dir='ltr'><strong>proﬁtentur</strong></span> <span class='ocrx_word' id='word_1_394' title='bbox 1024 2389 1056 2410; x_wconf 89' lang='lat' dir='ltr'><strong>se</strong></span> 
     </span>
    </p>
   </div>
   <div class='ocr_carea' id='block_1_55' title="bbox 233 2424 1055 2464">
    <p class='ocr_par' dir='ltr' id='par_1_55' title="bbox 233 2424 1055 2464">
     <span class='ocr_line' id='line_1_55' title="bbox 233 2424 1055 2464; baseline -0.001 -8"><span class='ocrx_word' id='word_1_395' title='bbox 233 2429 333 2464; x_wconf 75' lang='lat' dir='ltr'><strong>nasse,</strong></span> <span class='ocrx_word' id='word_1_396' title='bbox 351 2429 490 2456; x_wconf 63' lang='lat' dir='ltr'><strong>ceterum</strong></span> <span class='ocrx_word' id='word_1_397' title='bbox 507 2424 591 2455; x_wconf 86' lang='lat' dir='ltr'><strong>factis</strong></span> <span class='ocrx_word' id='word_1_398' title='bbox 606 2429 724 2464; x_wconf 81' lang='lat' dir='ltr'><strong>negant.</strong></span> <span class='ocrx_word' id='word_1_399' title='bbox 757 2424 819 2460; x_wconf 85' lang='lat' dir='ltr'><strong>Quo</strong></span> <span class='ocrx_word' id='word_1_400' title='bbox 844 2424 932 2455; x_wconf 91' lang='lat' dir='ltr'><strong>modo</strong></span> <span class='ocrx_word' id='word_1_401' title='bbox 957 2428 1055 2455; x_wconf 89' lang='lat' dir='ltr'><strong>autem</strong></span> 
     </span>
    </p>
   </div>
   <div class='ocr_carea' id='block_1_56' title="bbox 234 2468 1055 2509">
    <p class='ocr_par' dir='ltr' id='par_1_56' title="bbox 234 2468 1055 2509">
     <span class='ocr_line' id='line_1_56' title="bbox 234 2468 1055 2509; baseline -0.004 -8"><span class='ocrx_word' id='word_1_402' title='bbox 234 2470 372 2501; x_wconf 86' lang='lat' dir='ltr'><strong>estetiam</strong></span> <span class='ocrx_word' id='word_1_403' title='bbox 385 2468 646 2501; x_wconf 85' lang='lat' dir='ltr'><strong>inﬁdelideterior.</strong></span> <span class='ocrx_word' id='word_1_404' title='bbox 654 2469 727 2506; x_wconf 85' lang='lat' dir='ltr'><strong>Quia</strong></span> <span class='ocrx_word' id='word_1_405' title='bbox 737 2469 873 2502; x_wconf 87' lang='lat' dir='ltr'><strong>inﬁdeles</strong></span> <span class='ocrx_word' id='word_1_406' title='bbox 886 2478 1055 2509; x_wconf 90' lang='lat' dir='ltr'><strong>quanquam</strong></span> 
     </span>
    </p>
   </div>
   <div class='ocr_carea' id='block_1_57' title="bbox 233 2513 1055 2554">
    <p class='ocr_par' dir='ltr' id='par_1_57' title="bbox 233 2513 1055 2554">
     <span class='ocr_line' id='line_1_57' title="bbox 233 2513 1055 2554; baseline -0.001 -9"><span class='ocrx_word' id='word_1_407' title='bbox 233 2523 293 2546; x_wconf 88' lang='lat' dir='ltr'><strong>non</strong></span> <span class='ocrx_word' id='word_1_408' title='bbox 305 2513 454 2552; x_wconf 88' lang='lat' dir='ltr'><strong>omnibus,</strong></span> <span class='ocrx_word' id='word_1_409' title='bbox 477 2513 513 2545; x_wconf 88' lang='lat' dir='ltr'><strong>ad</strong></span> <span class='ocrx_word' id='word_1_410' title='bbox 539 2514 643 2546; x_wconf 87' lang='lat' dir='ltr'><strong>saltem</strong></span> <span class='ocrx_word' id='word_1_411' title='bbox 667 2514 800 2554; x_wconf 85' lang='lat' dir='ltr'><strong>cognatis</strong></span> <span class='ocrx_word' id='word_1_412' title='bbox 815 2514 983 2554; x_wconf 88' lang='lat' dir='ltr'><strong>provident,</strong></span> <span class='ocrx_word' id='word_1_413' title='bbox 1001 2522 1055 2544; x_wconf 88' lang='lat' dir='ltr'><strong>na-</strong></span> 
     </span>
    </p>
   </div>
   <div class='ocr_carea' id='block_1_58' title="bbox 234 2558 526 2599">
    <p class='ocr_par' dir='ltr' id='par_1_58' title="bbox 234 2558 526 2599">
     <span class='ocr_line' id='line_1_58' title="bbox 234 2558 526 2599; baseline -0.003 -9"><span class='ocrx_word' id='word_1_414' title='bbox 234 2563 309 2590; x_wconf 66' lang='lat' dir='ltr'><strong>turae</strong></span> <span class='ocrx_word' id='word_1_415' title='bbox 321 2559 387 2599; x_wconf 80' lang='lat' dir='ltr'><strong>lege</strong></span> <span class='ocrx_word' id='word_1_416' title='bbox 402 2558 526 2590; x_wconf 88' lang='lat' dir='ltr'><strong>inducti.</strong></span> 
     </span>
    </p>
   </div>
   <div class='ocr_carea' id='block_1_59' title="bbox 274 2603 1058 2645">
    <p class='ocr_par' dir='ltr' id='par_1_59' title="bbox 274 2603 1058 2645">
     <span class='ocr_line' id='line_1_59' title="bbox 274 2603 1058 2645; baseline -0.001 -10"><span class='ocrx_word' id='word_1_417' title='bbox 274 2603 310 2641; x_wconf 82' lang='lat' dir='ltr'><strong>V,</strong></span> <span class='ocrx_word' id='word_1_418' title='bbox 337 2603 426 2635; x_wconf 70' lang='lat'><strong>9-13.</strong></span> <span class='ocrx_word' id='word_1_419' title='bbox 466 2603 563 2635; x_wconf 77' lang='lat' dir='ltr'><strong>Vidua</strong></span> <span class='ocrx_word' id='word_1_420' title='bbox 598 2603 731 2645; x_wconf 80' lang='lat' dir='ltr'><strong>eligatur</strong></span> <span class='ocrx_word' id='word_1_421' title='bbox 742 2612 804 2635; x_wconf 83' lang='lat' dir='ltr'><strong>non</strong></span> <span class='ocrx_word' id='word_1_422' title='bbox 838 2604 940 2635; x_wconf 77' lang='lat' dir='ltr'><strong>minor</strong></span> <span class='ocrx_word' id='word_1_423' title='bbox 967 2603 1058 2634; x_wconf 77' lang='lat' dir='ltr'><strong>annis</strong></span> 
     </span>
    </p>
   </div>
   <div class='ocr_carea' id='block_1_60' title="bbox 233 2648 1056 2689">
    <p class='ocr_par' dir='ltr' id='par_1_60' title="bbox 233 2648 1056 2689">
     <span class='ocr_line' id='line_1_60' title="bbox 233 2648 1056 2689; baseline -0.002 -9"><span class='ocrx_word' id='word_1_424' title='bbox 233 2648 408 2689; x_wconf 76' lang='lat' dir='ltr'><strong>sexaginta,</strong></span> <span class='ocrx_word' id='word_1_425' title='bbox 424 2657 490 2688; x_wconf 64' lang='lat' dir='ltr'><strong>qua</strong></span> <span class='ocrx_word' id='word_1_426' title='bbox 506 2649 601 2688; x_wconf 81' lang='lat' dir='ltr'><strong>fuerit</strong></span> <span class='ocrx_word' id='word_1_427' title='bbox 627 2648 718 2679; x_wconf 81' lang='lat' dir='ltr'><strong>unius</strong></span> <span class='ocrx_word' id='word_1_428' title='bbox 741 2649 805 2679; x_wconf 75' lang='grc' dir='ltr'><strong><em>υίγί</em></strong></span> <span class='ocrx_word' id='word_1_429' title='bbox 831 2657 919 2685; x_wconf 72' lang='lat' dir='ltr'><strong>uxor,</strong></span> <span class='ocrx_word' id='word_1_430' title='bbox 936 2651 970 2679; x_wconf 74' lang='lat' dir='ltr'><strong>in</strong></span> <span class='ocrx_word' id='word_1_431' title='bbox 987 2657 1056 2687; x_wconf 69' lang='lat' dir='ltr'><strong>ope-</strong></span> 
     </span>
    </p>
   </div>
   <div class='ocr_carea' id='block_1_61' title="bbox 233 2692 1059 2733">
    <p class='ocr_par' dir='ltr' id='par_1_61' title="bbox 233 2692 1059 2733">
     <span class='ocr_line' id='line_1_61' title="bbox 233 2692 1059 2733; baseline -0.001 -9"><span class='ocrx_word' id='word_1_432' title='bbox 233 2693 318 2724; x_wconf 78' lang='lat' dir='ltr'><strong>ribus</strong></span> <span class='ocrx_word' id='word_1_433' title='bbox 331 2692 420 2724; x_wconf 78' lang='lat' dir='ltr'><strong>bonis</strong></span> <span class='ocrx_word' id='word_1_434' title='bbox 432 2692 588 2724; x_wconf 81' lang='lat' dir='ltr'><strong>hominum</strong></span> <span class='ocrx_word' id='word_1_435' title='bbox 602 2693 773 2724; x_wconf 81' lang='lat' dir='ltr'><strong>testimonio</strong></span> <span class='ocrx_word' id='word_1_436' title='bbox 795 2692 986 2733; x_wconf 75' lang='lat' dir='ltr'><strong>comprobata</strong></span> <span class='ocrx_word' id='word_1_437' title='bbox 1002 2703 1008 2723; x_wconf 88' lang='lat'><strong>:</strong></span> <span class='ocrx_word' id='word_1_438' title='bbox 1033 2693 1059 2723; x_wconf 76' lang='lat' dir='ltr'><strong>si</strong></span> 
     </span>
    </p>
   </div>
   <div class='ocr_carea' id='block_1_62' title="bbox 236 2737 1059 2778">
    <p class='ocr_par' dir='ltr' id='par_1_62' title="bbox 236 2737 1059 2778">
     <span class='ocr_line' id='line_1_62' title="bbox 236 2737 1059 2778; baseline -0.002 -9"><span class='ocrx_word' id='word_1_439' title='bbox 236 2737 349 2770; x_wconf 81' lang='lat' dir='ltr'><strong>liberos</strong></span> <span class='ocrx_word' id='word_1_440' title='bbox 363 2737 515 2776; x_wconf 73' lang='lat' dir='ltr'><strong>educavit,</strong></span> <span class='ocrx_word' id='word_1_441' title='bbox 531 2738 560 2769; x_wconf 85' lang='lat' dir='ltr'><strong>si</strong></span> <span class='ocrx_word' id='word_1_442' title='bbox 572 2739 632 2777; x_wconf 82' lang='lat' dir='ltr'><strong>fuit</strong></span> <span class='ocrx_word' id='word_1_443' title='bbox 647 2737 816 2778; x_wconf 78' lang='lat' dir='ltr'><strong>hospitalis.</strong></span> <span class='ocrx_word' id='word_1_444' title='bbox 832 2738 859 2768; x_wconf 79' lang='lat' dir='ltr'><strong>si</strong></span> <span class='ocrx_word' id='word_1_445' title='bbox 886 2741 1059 2769; x_wconf 80' lang='lat' dir='ltr'><strong>sanctorum</strong></span> 
     </span>
    </p>
   </div>
   <div class='ocr_carea' id='block_1_63' title="bbox 237 2782 1060 2824">
    <p class='ocr_par' dir='ltr' id='par_1_63' title="bbox 237 2782 1060 2824">
     <span class='ocr_line' id='line_1_63' title="bbox 237 2782 1060 2824; baseline -0.002 -10"><span class='ocrx_word' id='word_1_446' title='bbox 237 2784 329 2824; x_wconf 83' lang='lat' dir='ltr'><strong>pedes</strong></span> <span class='ocrx_word' id='word_1_447' title='bbox 344 2782 430 2823; x_wconf 79' lang='lat' dir='ltr'><strong>lavit,</strong></span> <span class='ocrx_word' id='word_1_448' title='bbox 445 2783 472 2814; x_wconf 83' lang='lat' dir='ltr'><strong>si</strong></span> <span class='ocrx_word' id='word_1_449' title='bbox 500 2782 624 2823; x_wconf 81' lang='lat' dir='ltr'><strong>afﬂictis</strong></span> <span class='ocrx_word' id='word_1_450' title='bbox 648 2783 906 2819; x_wconf 76' lang='lat' dir='ltr'><strong>subministravit,</strong></span> <span class='ocrx_word' id='word_1_451' title='bbox 928 2782 954 2813; x_wconf 76' lang='lat' dir='ltr'><strong>si</strong></span> <span class='ocrx_word' id='word_1_452' title='bbox 973 2790 1060 2813; x_wconf 85' lang='lat' dir='ltr'><strong>omne</strong></span> 
     </span>
    </p>
   </div>
   <div class='ocr_carea' id='block_1_64' title="bbox 1084 237 1914 278">
    <p class='ocr_par' dir='ltr' id='par_1_64' title="bbox 1084 237 1914 278">
     <span class='ocr_line' id='line_1_64' title="bbox 1084 237 1914 278; baseline -0.002 -12"><span class='ocrx_word' id='word_1_453' title='bbox 1084 249 1156 278; x_wconf 84' lang='grc' dir='ltr'>γονοι</span> <span class='ocrx_word' id='word_1_454' title='bbox 1185 237 1281 272; x_wconf 81' lang='grc' dir='ltr'>ἆνῆξάν</span> <span class='ocrx_word' id='word_1_455' title='bbox 1316 249 1345 267; x_wconf 91' lang='grc' dir='ltr'><strong>σε</strong></span> <span class='ocrx_word' id='word_1_456' title='bbox 1380 239 1424 267; x_wconf 85' lang='grc' dir='ltr'><strong>καὶ</strong></span> <span class='ocrx_word' id='word_1_457' title='bbox 1459 237 1612 276; x_wconf 75' lang='grc' dir='ltr'><strong>ἐπιμελείας</strong></span> <span class='ocrx_word' id='word_1_458' title='bbox 1647 237 1774 274; x_wconf 80' lang='grc' dir='ltr'>ἠξίωσαν,</span> <span class='ocrx_word' id='word_1_459' title='bbox 1811 238 1842 265; x_wconf 83' lang='grc' dir='ltr'>σὺ</span> <span class='ocrx_word' id='word_1_460' title='bbox 1887 237 1914 264; x_wconf 77' lang='grc' dir='ltr'><strong>δὲ</strong></span> 
     </span>
    </p>
   </div>
   <div class='ocr_carea' id='block_1_65' title="bbox 1085 281 1917 322">
    <p class='ocr_par' dir='ltr' id='par_1_65' title="bbox 1085 281 1917 322">
     <span class='ocr_line' id='line_1_65' title="bbox 1085 281 1917 322; baseline 0 -12"><span class='ocrx_word' id='word_1_461' title='bbox 1085 282 1193 315; x_wconf 80' lang='grc' dir='ltr'>ἐκείνοις</span> <span class='ocrx_word' id='word_1_462' title='bbox 1221 283 1269 315; x_wconf 77' lang='grc' dir='ltr'><strong>τὰς</strong></span> <span class='ocrx_word' id='word_1_463' title='bbox 1296 282 1410 320; x_wconf 77' lang='grc' dir='ltr'>ἀμοιϐὰς</span> <span class='ocrx_word' id='word_1_464' title='bbox 1441 285 1489 312; x_wconf 70' lang='grc' dir='ltr'><strong>οὒκ</strong></span> <span class='ocrx_word' id='word_1_465' title='bbox 1522 281 1642 322; x_wconf 73' lang='grc' dir='ltr'>ἴσχυσας</span> <span class='ocrx_word' id='word_1_466' title='bbox 1668 281 1815 310; x_wconf 75' lang='grc' dir='ltr'>ἆντιδούναὶ</span> <span class='ocrx_word' id='word_1_467' title='bbox 1854 281 1917 321; x_wconf 76' lang='grc' dir='ltr'><strong>(ἀπ-</strong></span> 
     </span>
    </p>
   </div>
   <div class='ocr_carea' id='block_1_66' title="bbox 1085 326 1918 367">
    <p class='ocr_par' dir='ltr' id='par_1_66' title="bbox 1085 326 1918 367">
     <span class='ocr_line' id='line_1_66' title="bbox 1085 326 1918 367; baseline 0 -13"><span class='ocrx_word' id='word_1_468' title='bbox 1085 326 1174 356; x_wconf 85' lang='grc' dir='ltr'>έθανον</span> <span class='ocrx_word' id='word_1_469' title='bbox 1196 328 1268 367; x_wconf 81' lang='grc' dir='ltr'>γὰρ),</span> <span class='ocrx_word' id='word_1_470' title='bbox 1291 326 1334 355; x_wconf 75' lang='grc' dir='ltr'><strong>διὰ</strong></span> <span class='ocrx_word' id='word_1_471' title='bbox 1352 330 1405 356; x_wconf 82' lang='grc' dir='ltr'><strong>τῶν</strong></span> <span class='ocrx_word' id='word_1_472' title='bbox 1436 327 1551 367; x_wconf 79' lang='grc' dir='ltr'>ἐκγόνων</span> <span class='ocrx_word' id='word_1_473' title='bbox 1581 331 1633 355; x_wconf 85' lang='grc' dir='ltr'><strong>τῶν</strong></span> <span class='ocrx_word' id='word_1_474' title='bbox 1662 327 1780 364; x_wconf 72' lang='grc' dir='ltr'>ἐκείνων,</span> <span class='ocrx_word' id='word_1_475' title='bbox 1811 327 1918 355; x_wconf 78' lang='grc' dir='ltr'>τέκνων</span> 
     </span>
    </p>
   </div>
   <div class='ocr_carea' id='block_1_67' title="bbox 1085 370 1917 412">
    <p class='ocr_par' dir='ltr' id='par_1_67' title="bbox 1085 370 1917 412">
     <span class='ocr_line' id='line_1_67' title="bbox 1085 370 1917 412; baseline -0.004 -12"><span class='ocrx_word' id='word_1_476' title='bbox 1085 370 1113 399; x_wconf 74' lang='grc' dir='ltr'><strong>δὲ</strong></span> <span class='ocrx_word' id='word_1_477' title='bbox 1134 375 1198 412; x_wconf 90' lang='grc' dir='ltr'>σῶν,</span> <span class='ocrx_word' id='word_1_478' title='bbox 1229 372 1340 410; x_wconf 78' lang='grc' dir='ltr'>ἄμειψαι</span> <span class='ocrx_word' id='word_1_479' title='bbox 1369 373 1472 412; x_wconf 71' lang='grc' dir='ltr'>αὖτοὺς,</span> <span class='ocrx_word' id='word_1_480' title='bbox 1497 372 1528 404; x_wconf 87' lang='grc' dir='ltr'><strong>ἃς</strong></span> <span class='ocrx_word' id='word_1_481' title='bbox 1557 371 1670 412; x_wconf 75' lang='grc' dir='ltr'>ὥφειλες</span> <span class='ocrx_word' id='word_1_482' title='bbox 1699 371 1809 402; x_wconf 78' lang='grc' dir='ltr'>ἐκείνοις</span> <span class='ocrx_word' id='word_1_483' title='bbox 1826 371 1917 411; x_wconf 71' lang='grc' dir='ltr'>χάρι-</span> 
     </span>
    </p>
   </div>
   <div class='ocr_carea' id='block_1_68' title="bbox 1085 415 1916 451">
    <p class='ocr_par' dir='ltr' id='par_1_68' title="bbox 1085 415 1916 451">
     <span class='ocr_line' id='line_1_68' title="bbox 1085 415 1916 451; baseline -0.001 -7"><span class='ocrx_word' id='word_1_484' title='bbox 1085 426 1132 448; x_wconf 82' lang='grc' dir='ltr'><strong>τας</strong></span> <span class='ocrx_word' id='word_1_485' title='bbox 1160 416 1262 448; x_wconf 77' lang='grc' dir='ltr'><strong>τούτοις</strong></span> <span class='ocrx_word' id='word_1_486' title='bbox 1297 415 1464 448; x_wconf 66' lang='grc' dir='ltr'>ἀποδιδοῦσα,</span> <span class='ocrx_word' id='word_1_487' title='bbox 1503 432 1543 439; x_wconf 87' lang='lat'><strong>-—</strong></span> <span class='ocrx_word' id='word_1_488' title='bbox 1584 419 1633 445; x_wconf 83' lang='grc' dir='ltr'><strong>Καὶ</strong></span> <span class='ocrx_word' id='word_1_489' title='bbox 1660 416 1760 448; x_wconf 77' lang='grc' dir='ltr'>ἄλλως,</span> <span class='ocrx_word' id='word_1_490' title='bbox 1788 417 1835 448; x_wconf 82' lang='grc' dir='ltr'><strong>Εἰς</strong></span> <span class='ocrx_word' id='word_1_491' title='bbox 1867 416 1916 451; x_wconf 72' lang='grc' dir='ltr'>τὸ,</span> 
     </span>
    </p>
   </div>
   <div class='ocr_carea' id='block_1_69' title="bbox 1086 461 1919 501">
    <p class='ocr_par' dir='ltr' id='par_1_69' title="bbox 1086 461 1919 501">
     <span class='ocr_line' id='line_1_69' title="bbox 1086 461 1919 501; baseline -0.004 -12"><span class='ocrx_word' id='word_1_492' title='bbox 1086 461 1293 489; x_wconf 75' lang='grc' dir='ltr'><strong>Μανθανέτωσαν</strong></span> <span class='ocrx_word' id='word_1_493' title='bbox 1309 462 1342 489; x_wconf 76' lang='grc' dir='ltr'><strong>τὰ</strong></span> <span class='ocrx_word' id='word_1_494' title='bbox 1370 461 1447 490; x_wconf 82' lang='grc' dir='ltr'>τέκνα</span> <span class='ocrx_word' id='word_1_495' title='bbox 1482 462 1525 490; x_wconf 89' lang='grc' dir='ltr'><strong>καὶ</strong></span> <span class='ocrx_word' id='word_1_496' title='bbox 1552 462 1585 490; x_wconf 76' lang='grc' dir='ltr'><strong>τὰ</strong></span> <span class='ocrx_word' id='word_1_497' title='bbox 1614 461 1708 500; x_wconf 74' lang='grc' dir='ltr'>ἔκγονα</span> <span class='ocrx_word' id='word_1_498' title='bbox 1738 465 1846 501; x_wconf 85' lang='grc' dir='ltr'>πρῶτον</span> <span class='ocrx_word' id='word_1_499' title='bbox 1870 462 1919 488; x_wconf 74' lang='grc' dir='ltr'><strong>τὸν</strong></span> 
     </span>
    </p>
   </div>
   <div class='ocr_carea' id='block_1_70' title="bbox 1086 504 1919 543">
    <p class='ocr_par' dir='ltr' id='par_1_70' title="bbox 1086 504 1919 543">
     <span class='ocr_line' id='line_1_70' title="bbox 1086 504 1919 543; baseline -0.001 -10"><span class='ocrx_word' id='word_1_500' title='bbox 1086 504 1155 534; x_wconf 78' lang='grc' dir='ltr'>ἴδιον</span> <span class='ocrx_word' id='word_1_501' title='bbox 1190 506 1266 534; x_wconf 80' lang='grc' dir='ltr'>οἶκον</span> <span class='ocrx_word' id='word_1_502' title='bbox 1309 505 1448 534; x_wconf 70' lang='grc' dir='ltr'>εὐσεϐεῖν·</span> <span class='ocrx_word' id='word_1_503' title='bbox 1479 506 1608 543; x_wconf 77' lang='grc' dir='ltr'>τουτέστι,</span> <span class='ocrx_word' id='word_1_504' title='bbox 1637 506 1849 534; x_wconf 68' lang='grc' dir='ltr'><strong>Μανθανέτωσαν</strong></span> <span class='ocrx_word' id='word_1_505' title='bbox 1886 506 1919 532; x_wconf 71' lang='grc' dir='ltr'><strong>τὰ</strong></span> 
     </span>
    </p>
   </div>
   <div class='ocr_carea' id='block_1_71' title="bbox 1085 550 1918 590">
    <p class='ocr_par' dir='ltr' id='par_1_71' title="bbox 1085 550 1918 590">
     <span class='ocr_line' id='line_1_71' title="bbox 1085 550 1918 590; baseline 0 -13"><span class='ocrx_word' id='word_1_506' title='bbox 1085 550 1163 578; x_wconf 87' lang='grc' dir='ltr'>τέκνα</span> <span class='ocrx_word' id='word_1_507' title='bbox 1177 551 1220 578; x_wconf 74' lang='grc' dir='ltr'>καὶ</span> <span class='ocrx_word' id='word_1_508' title='bbox 1234 551 1267 578; x_wconf 84' lang='grc' dir='ltr'><strong>τὰ</strong></span> <span class='ocrx_word' id='word_1_509' title='bbox 1299 550 1404 590; x_wconf 72' lang='grc' dir='ltr'>ἔκγονα,</span> <span class='ocrx_word' id='word_1_510' title='bbox 1441 553 1520 588; x_wconf 83' lang='grc' dir='ltr'>τιμᾷν</span> <span class='ocrx_word' id='word_1_511' title='bbox 1547 551 1597 584; x_wconf 79' lang='grc' dir='ltr'><strong>τὴν</strong></span> <span class='ocrx_word' id='word_1_512' title='bbox 1625 551 1720 579; x_wconf 81' lang='grc' dir='ltr'>οἰκείαν</span> <span class='ocrx_word' id='word_1_513' title='bbox 1747 550 1854 589; x_wconf 85' lang='grc' dir='ltr'>μητέρα</span> <span class='ocrx_word' id='word_1_514' title='bbox 1871 551 1918 578; x_wconf 79' lang='grc' dir='ltr'><strong>καὶ</strong></span> 
     </span>
    </p>
   </div>
   <div class='ocr_carea' id='block_1_72' title="bbox 1085 593 1916 635">
    <p class='ocr_par' dir='ltr' id='par_1_72' title="bbox 1085 593 1916 635">
     <span class='ocr_line' id='line_1_72' title="bbox 1085 593 1916 635; baseline -0.001 -13"><span class='ocrx_word' id='word_1_515' title='bbox 1085 593 1187 634; x_wconf 73' lang='grc' dir='ltr'>τρέφειν</span> <span class='ocrx_word' id='word_1_516' title='bbox 1212 595 1256 622; x_wconf 86' lang='grc' dir='ltr'><strong>καὶ</strong></span> <span class='ocrx_word' id='word_1_517' title='bbox 1283 595 1312 623; x_wconf 75' lang='grc' dir='ltr'>εὖ</span> <span class='ocrx_word' id='word_1_518' title='bbox 1339 602 1427 625; x_wconf 76' lang='grc' dir='ltr'>ποεῖν,</span> <span class='ocrx_word' id='word_1_519' title='bbox 1465 598 1548 624; x_wconf 78' lang='grc' dir='ltr'>Τοῦτο</span> <span class='ocrx_word' id='word_1_520' title='bbox 1576 595 1625 635; x_wconf 84' lang='grc' dir='ltr'><strong>γὰρ</strong></span> <span class='ocrx_word' id='word_1_521' title='bbox 1652 594 1735 634; x_wconf 85' lang='grc' dir='ltr'>λέγει,</span> <span class='ocrx_word' id='word_1_522' title='bbox 1767 593 1916 624; x_wconf 73' lang='grc' dir='ltr'>Εὖσεϐεῖν,</span> 
     </span>
    </p>
   </div>
   <div class='ocr_carea' id='block_1_73' title="bbox 1088 639 1918 679">
    <p class='ocr_par' dir='ltr' id='par_1_73' title="bbox 1088 639 1918 679">
     <span class='ocr_line' id='line_1_73' title="bbox 1088 639 1918 679; baseline 0 -13"><span class='ocrx_word' id='word_1_523' title='bbox 1088 639 1136 666; x_wconf 85' lang='grc' dir='ltr'>Καὶ</span> <span class='ocrx_word' id='word_1_524' title='bbox 1157 645 1215 670; x_wconf 75' lang='grc' dir='ltr'>τοῖς</span> <span class='ocrx_word' id='word_1_525' title='bbox 1244 639 1396 678; x_wconf 85' lang='grc' dir='ltr'>προγόνοις,</span> <span class='ocrx_word' id='word_1_526' title='bbox 1421 639 1551 679; x_wconf 81' lang='grc' dir='ltr'>τουτέστι,</span> <span class='ocrx_word' id='word_1_527' title='bbox 1587 642 1620 677; x_wconf 82' lang='grc' dir='ltr'><strong>τῇ</strong></span> <span class='ocrx_word' id='word_1_528' title='bbox 1642 640 1753 677; x_wconf 80' lang='grc' dir='ltr'>μάμμῃ.</span> <span class='ocrx_word' id='word_1_529' title='bbox 1791 639 1918 678; x_wconf 76' lang='grc' dir='ltr'>Προστί-</span> 
     </span>
    </p>
   </div>
   <div class='ocr_carea' id='block_1_74' title="bbox 1085 682 1916 722">
    <p class='ocr_par' dir='ltr' id='par_1_74' title="bbox 1085 682 1916 722">
     <span class='ocr_line' id='line_1_74' title="bbox 1085 682 1916 722; baseline 0.002 -12"><span class='ocrx_word' id='word_1_530' title='bbox 1085 684 1146 716; x_wconf 83' lang='grc' dir='ltr'>Θησι</span> <span class='ocrx_word' id='word_1_531' title='bbox 1160 684 1202 711; x_wconf 84' lang='grc' dir='ltr'>καὶ</span> <span class='ocrx_word' id='word_1_532' title='bbox 1218 682 1351 722; x_wconf 76' lang='grc' dir='ltr'>λογισμῷ,</span> <span class='ocrx_word' id='word_1_533' title='bbox 1373 683 1412 712; x_wconf 78' lang='grc' dir='ltr'><strong>ὅτι</strong></span> <span class='ocrx_word' id='word_1_534' title='bbox 1434 685 1478 712; x_wconf 87' lang='grc' dir='ltr'><strong>καὶ</strong></span> <span class='ocrx_word' id='word_1_535' title='bbox 1502 687 1540 722; x_wconf 69' lang='grc' dir='ltr'>τῷ</span> <span class='ocrx_word' id='word_1_536' title='bbox 1569 687 1627 722; x_wconf 85' lang='grc' dir='ltr'><strong>Θεῷ</strong></span> <span class='ocrx_word' id='word_1_537' title='bbox 1655 688 1732 712; x_wconf 80' lang='grc' dir='ltr'>τοῦτο</span> <span class='ocrx_word' id='word_1_538' title='bbox 1748 683 1916 714; x_wconf 78' lang='grc' dir='ltr'>ἀπόδεκτον.</span> 
     </span>
    </p>
   </div>
   <div class='ocr_carea' id='block_1_75' title="bbox 1089 723 1920 768">
    <p class='ocr_par' dir='ltr' id='par_1_75' title="bbox 1089 723 1920 768">
     <span class='ocr_line' id='line_1_75' title="bbox 1089 723 1920 768; baseline 0.001 -13"><span class='ocrx_word' id='word_1_539' title='bbox 1089 738 1103 754; x_wconf 77' lang='grc' dir='ltr'><strong>ιι</strong></span> <span class='ocrx_word' id='word_1_540' title='bbox 1121 723 1152 755; x_wconf 55' lang='grc' dir='ltr'><strong>(Η</strong></span> <span class='ocrx_word' id='word_1_541' title='bbox 1175 727 1202 755; x_wconf 73' lang='grc' dir='ltr'>δὲ</span> <span class='ocrx_word' id='word_1_542' title='bbox 1233 727 1316 760; x_wconf 77' lang='grc' dir='ltr'>ὅντως</span> <span class='ocrx_word' id='word_1_543' title='bbox 1339 729 1424 768; x_wconf 82' lang='grc' dir='ltr'>χήρα.</span> <span class='ocrx_word' id='word_1_544' title='bbox 1445 741 1456 756; x_wconf 79' lang='lat' dir='ltr'><strong>n</strong></span> <span class='ocrx_word' id='word_1_545' title='bbox 1489 728 1603 763; x_wconf 80' lang='grc' dir='ltr'>Ἐπειδὴ</span> <span class='ocrx_word' id='word_1_546' title='bbox 1632 729 1679 762; x_wconf 82' lang='grc' dir='ltr'><strong>τὰς</strong></span> <span class='ocrx_word' id='word_1_547' title='bbox 1710 728 1792 760; x_wconf 77' lang='grc' dir='ltr'>ὅντως</span> <span class='ocrx_word' id='word_1_548' title='bbox 1824 730 1920 768; x_wconf 72' lang='grc' dir='ltr'>χήρας</span> 
     </span>
    </p>
   </div>
   <div class='ocr_carea' id='block_1_76' title="bbox 1085 772 1919 812">
    <p class='ocr_par' dir='ltr' id='par_1_76' title="bbox 1085 772 1919 812">
     <span class='ocr_line' id='line_1_76' title="bbox 1085 772 1919 812; baseline 0.004 -14"><span class='ocrx_word' id='word_1_549' title='bbox 1085 773 1210 808; x_wconf 81' lang='grc' dir='ltr'>τιμᾶσθα.</span> <span class='ocrx_word' id='word_1_550' title='bbox 1227 772 1378 811; x_wconf 76' lang='grc' dir='ltr'>προσέταξε,</span> <span class='ocrx_word' id='word_1_551' title='bbox 1411 773 1454 801; x_wconf 79' lang='grc' dir='ltr'>νῦν</span> <span class='ocrx_word' id='word_1_552' title='bbox 1483 773 1555 812; x_wconf 81' lang='grc' dir='ltr'>λέγει</span> <span class='ocrx_word' id='word_1_553' title='bbox 1584 773 1661 801; x_wconf 81' lang='grc' dir='ltr'>ποῖαί</span> <span class='ocrx_word' id='word_1_554' title='bbox 1686 774 1749 801; x_wconf 75' lang='grc' dir='ltr'>εἰσιν</span> <span class='ocrx_word' id='word_1_555' title='bbox 1771 775 1797 801; x_wconf 86' lang='grc' dir='ltr'>αἱ</span> <span class='ocrx_word' id='word_1_556' title='bbox 1814 773 1919 808; x_wconf 78' lang='grc' dir='ltr'>ὅντως,</span> 
     </span>
    </p>
   </div>
   <div class='ocr_carea' id='block_1_77' title="bbox 1087 815 1920 857">
    <p class='ocr_par' dir='ltr' id='par_1_77' title="bbox 1087 815 1920 857">
     <span class='ocr_line' id='line_1_77' title="bbox 1087 815 1920 857; baseline 0 -14"><span class='ocrx_word' id='word_1_557' title='bbox 1087 816 1123 847; x_wconf 85' lang='grc' dir='ltr'>ὡς</span> <span class='ocrx_word' id='word_1_558' title='bbox 1145 815 1172 843; x_wconf 81' lang='grc' dir='ltr'>ἐν</span> <span class='ocrx_word' id='word_1_559' title='bbox 1194 815 1317 856; x_wconf 75' lang='grc' dir='ltr'>ἐξηγήσει</span> <span class='ocrx_word' id='word_1_560' title='bbox 1351 818 1553 857; x_wconf 77' lang='grc' dir='ltr'>χαρακτηρίζων</span> <span class='ocrx_word' id='word_1_561' title='bbox 1579 818 1670 849; x_wconf 74' lang='grc' dir='ltr'>αὐτὰς.</span> <span class='ocrx_word' id='word_1_562' title='bbox 1709 818 1920 855; x_wconf 72' lang='grc' dir='ltr'>Μομονωμέντ,ν</span> 
     </span>
    </p>
   </div>
   <div class='ocr_carea' id='block_1_78' title="bbox 1087 858 1920 901">
    <p class='ocr_par' dir='ltr' id='par_1_78' title="bbox 1087 858 1920 901">
     <span class='ocr_line' id='line_1_78' title="bbox 1087 858 1920 901; baseline 0.002 -14"><span class='ocrx_word' id='word_1_563' title='bbox 1087 858 1114 888; x_wconf 83' lang='grc' dir='ltr'><strong>δέ</strong></span> <span class='ocrx_word' id='word_1_564' title='bbox 1130 871 1206 900; x_wconf 76' lang='grc' dir='ltr'>φησι,</span> <span class='ocrx_word' id='word_1_565' title='bbox 1229 861 1273 888; x_wconf 86' lang='grc' dir='ltr'><strong>καὶ</strong></span> <span class='ocrx_word' id='word_1_566' title='bbox 1288 861 1340 889; x_wconf 79' lang='grc' dir='ltr'><strong>ἀπὸ</strong></span> <span class='ocrx_word' id='word_1_567' title='bbox 1368 861 1478 890; x_wconf 86' lang='grc' dir='ltr'>τέκνων.</span> <span class='ocrx_word' id='word_1_568' title='bbox 1508 862 1552 890; x_wconf 82' lang='grc' dir='ltr'><strong>καὶ</strong></span> <span class='ocrx_word' id='word_1_569' title='bbox 1582 862 1635 890; x_wconf 82' lang='grc' dir='ltr'><strong>ἀπὸ</strong></span> <span class='ocrx_word' id='word_1_570' title='bbox 1671 861 1798 901; x_wconf 76' lang='grc' dir='ltr'>ἐκγόνων.</span> <span class='ocrx_word' id='word_1_571' title='bbox 1836 872 1851 891; x_wconf 69' lang='grc' dir='ltr'>ι</span> <span class='ocrx_word' id='word_1_572' title='bbox 1870 863 1920 891; x_wconf 75' lang='grc' dir='ltr'><strong>Καὶ</strong></span> 
     </span>
    </p>
   </div>
   <div class='ocr_carea' id='block_1_79' title="bbox 1087 905 1919 946">
    <p class='ocr_par' dir='ltr' id='par_1_79' title="bbox 1087 905 1919 946">
     <span class='ocr_line' id='line_1_79' title="bbox 1087 905 1919 946; baseline 0.002 -14"><span class='ocrx_word' id='word_1_573' title='bbox 1087 905 1228 944; x_wconf 79' lang='grc' dir='ltr'>προσμένει</span> <span class='ocrx_word' id='word_1_574' title='bbox 1244 912 1305 938; x_wconf 76' lang='grc' dir='ltr'>ταῖς</span> <span class='ocrx_word' id='word_1_575' title='bbox 1327 905 1443 943; x_wconf 76' lang='grc' dir='ltr'>δεήσεσι,</span> <span class='ocrx_word' id='word_1_576' title='bbox 1465 918 1475 934; x_wconf 73' lang='grc' dir='ltr'><strong>ι</strong></span> <span class='ocrx_word' id='word_1_577' title='bbox 1513 906 1585 940; x_wconf 69' lang='grc' dir='ltr'>Αὕτη</span> <span class='ocrx_word' id='word_1_578' title='bbox 1619 911 1759 946; x_wconf 78' lang='grc' dir='ltr'>τοιγαροῦν</span> <span class='ocrx_word' id='word_1_579' title='bbox 1780 908 1797 941; x_wconf 83' lang='grc' dir='ltr'><strong>ἡ</strong></span> <span class='ocrx_word' id='word_1_580' title='bbox 1830 907 1919 938; x_wconf 77' lang='grc' dir='ltr'>ὅντως</span> 
     </span>
    </p>
   </div>
   <div class='ocr_carea' id='block_1_80' title="bbox 1088 949 1921 992">
    <p class='ocr_par' dir='ltr' id='par_1_80' title="bbox 1088 949 1921 992">
     <span class='ocr_line' id='line_1_80' title="bbox 1088 949 1921 992; baseline 0.002 -15"><span class='ocrx_word' id='word_1_581' title='bbox 1088 949 1175 988; x_wconf 83' lang='grc' dir='ltr'>χήρα,</span> <span class='ocrx_word' id='word_1_582' title='bbox 1204 950 1223 983; x_wconf 76' lang='grc' dir='ltr'>ἡ</span> <span class='ocrx_word' id='word_1_583' title='bbox 1244 949 1382 986; x_wconf 80' lang='grc' dir='ltr'>ἐλπίζουσα</span> <span class='ocrx_word' id='word_1_584' title='bbox 1409 950 1451 979; x_wconf 77' lang='grc' dir='ltr'><strong>ἐπὶ</strong></span> <span class='ocrx_word' id='word_1_585' title='bbox 1479 952 1523 980; x_wconf 86' lang='grc' dir='ltr'><strong>τὸν</strong></span> <span class='ocrx_word' id='word_1_586' title='bbox 1554 952 1630 992; x_wconf 83' lang='grc' dir='ltr'>Θεὸν,</span> <span class='ocrx_word' id='word_1_587' title='bbox 1653 952 1697 979; x_wconf 87' lang='grc' dir='ltr'><strong>καὶ</strong></span> <span class='ocrx_word' id='word_1_588' title='bbox 1725 952 1921 991; x_wconf 75' lang='grc' dir='ltr'>προσμένουσα</span> 
     </span>
    </p>
   </div>
   <div class='ocr_carea' id='block_1_81' title="bbox 1086 993 1918 1035">
    <p class='ocr_par' dir='ltr' id='par_1_81' title="bbox 1086 993 1918 1035">
     <span class='ocr_line' id='line_1_81' title="bbox 1086 993 1918 1035; baseline 0.004 -14"><span class='ocrx_word' id='word_1_589' title='bbox 1086 999 1147 1026; x_wconf 79' lang='grc' dir='ltr'>ταῖς</span> <span class='ocrx_word' id='word_1_590' title='bbox 1199 993 1317 1029; x_wconf 83' lang='grc' dir='ltr'>δεήσεσι.</span> <span class='ocrx_word' id='word_1_591' title='bbox 1363 994 1471 1029; x_wconf 81' lang='grc' dir='ltr'>Ἐπειδὴ</span> <span class='ocrx_word' id='word_1_592' title='bbox 1511 996 1561 1035; x_wconf 73' lang='grc' dir='ltr'><strong>γὰρ</strong></span> <span class='ocrx_word' id='word_1_593' title='bbox 1603 996 1701 1035; x_wconf 82' lang='grc' dir='ltr'>ἕρημος</span> <span class='ocrx_word' id='word_1_594' title='bbox 1744 996 1918 1034; x_wconf 70' lang='grc' dir='ltr'>ἀνθρωπίνης</span> 
     </span>
    </p>
   </div>
   <div class='ocr_carea' id='block_1_82' title="bbox 1086 1038 1918 1082">
    <p class='ocr_par' dir='ltr' id='par_1_82' title="bbox 1086 1038 1918 1082">
     <span class='ocr_line' id='line_1_82' title="bbox 1086 1038 1918 1082; baseline 0.005 -17"><span class='ocrx_word' id='word_1_595' title='bbox 1086 1038 1360 1082; x_wconf 44' lang='grc' dir='ltr'>ὑπάρχει-βοηθείας,</span> <span class='ocrx_word' id='word_1_596' title='bbox 1391 1040 1499 1072; x_wconf 75' lang='grc' dir='ltr'>εἰκότως</span> <span class='ocrx_word' id='word_1_597' title='bbox 1525 1040 1567 1068; x_wconf 81' lang='grc' dir='ltr'>ἐπὶ</span> <span class='ocrx_word' id='word_1_598' title='bbox 1595 1044 1647 1069; x_wconf 88' lang='grc' dir='ltr'><strong>τῶν</strong></span> <span class='ocrx_word' id='word_1_599' title='bbox 1677 1042 1741 1069; x_wconf 80' lang='grc' dir='ltr'>Θεὸν</span> <span class='ocrx_word' id='word_1_600' title='bbox 1773 1043 1918 1082; x_wconf 70' lang='grc' dir='ltr'>καταφεύ-</span> 
     </span>
    </p>
   </div>
   <div class='ocr_carea' id='block_1_83' title="bbox 1087 1079 1918 1122">
    <p class='ocr_par' dir='ltr' id='par_1_83' title="bbox 1087 1079 1918 1122">
     <span class='ocr_line' id='line_1_83' title="bbox 1087 1079 1918 1122; baseline 0.006 -13"><span class='ocrx_word' id='word_1_601' title='bbox 1087 1093 1139 1121; x_wconf 87' lang='grc' dir='ltr'>γει,</span> <span class='ocrx_word' id='word_1_602' title='bbox 1173 1094 1187 1110; x_wconf 70' lang='grc' dir='ltr'>ι</span> <span class='ocrx_word' id='word_1_603' title='bbox 1213 1079 1243 1111; x_wconf 69' lang='grc' dir='ltr'>Ἠ</span> <span class='ocrx_word' id='word_1_604' title='bbox 1278 1083 1305 1112; x_wconf 78' lang='grc' dir='ltr'><strong>δὲ</strong></span> <span class='ocrx_word' id='word_1_605' title='bbox 1327 1084 1499 1122; x_wconf 77' lang='grc' dir='ltr'>σπαταλῶσα,</span> <span class='ocrx_word' id='word_1_606' title='bbox 1525 1088 1597 1120; x_wconf 85' lang='grc' dir='ltr'>ζῶσα</span> <span class='ocrx_word' id='word_1_607' title='bbox 1619 1085 1740 1119; x_wconf 85' lang='grc' dir='ltr'>τέθνηκε,</span> <span class='ocrx_word' id='word_1_608' title='bbox 1761 1097 1773 1113; x_wconf 71' lang='grc' dir='ltr'><strong>ι</strong></span> <span class='ocrx_word' id='word_1_609' title='bbox 1798 1079 1918 1119; x_wconf 72' lang='grc' dir='ltr'>Ἐπειδή</span> 
     </span>
    </p>
   </div>
   <div class='ocr_carea' id='block_1_84' title="bbox 1088 1126 1919 1169">
    <p class='ocr_par' dir='ltr' id='par_1_84' title="bbox 1088 1126 1919 1169">
     <span class='ocr_line' id='line_1_84' title="bbox 1088 1126 1919 1169; baseline 0.005 -15"><span class='ocrx_word' id='word_1_610' title='bbox 1088 1126 1138 1165; x_wconf 79' lang='grc' dir='ltr'>γὰρ</span> <span class='ocrx_word' id='word_1_611' title='bbox 1152 1126 1248 1155; x_wconf 84' lang='grc' dir='ltr'>πολλαὶ</span> <span class='ocrx_word' id='word_1_612' title='bbox 1268 1128 1318 1161; x_wconf 74' lang='grc' dir='ltr'>τὴν</span> <span class='ocrx_word' id='word_1_613' title='bbox 1331 1130 1442 1168; x_wconf 80' lang='grc' dir='ltr'>χηρείαν</span> <span class='ocrx_word' id='word_1_614' title='bbox 1467 1130 1608 1169; x_wconf 78' lang='grc' dir='ltr'>αἱροῦνται,</span> <span class='ocrx_word' id='word_1_615' title='bbox 1639 1129 1685 1158; x_wconf 74' lang='grc' dir='ltr'><strong>ἵνα</strong></span> <span class='ocrx_word' id='word_1_616' title='bbox 1707 1130 1775 1167; x_wconf 76' lang='grc' dir='ltr'>μετὰ</span> <span class='ocrx_word' id='word_1_617' title='bbox 1789 1129 1919 1162; x_wconf 75' lang='grc' dir='ltr'>πλείονος</span> 
     </span>
    </p>
   </div>
   <div class='ocr_carea' id='block_1_85' title="bbox 1088 1169 1919 1215">
    <p class='ocr_par' dir='ltr' id='par_1_85' title="bbox 1088 1169 1919 1215">
     <span class='ocr_line' id='line_1_85' title="bbox 1088 1169 1919 1215; baseline 0.006 -17"><span class='ocrx_word' id='word_1_618' title='bbox 1088 1169 1202 1204; x_wconf 73' lang='grc' dir='ltr'>ἐξουσίας</span> <span class='ocrx_word' id='word_1_619' title='bbox 1217 1172 1365 1212; x_wconf 80' lang='grc' dir='ltr'>πράττωσιν</span> <span class='ocrx_word' id='word_1_620' title='bbox 1393 1173 1460 1212; x_wconf 73' lang='grc' dir='ltr'>ἅπερ</span> <span class='ocrx_word' id='word_1_621' title='bbox 1489 1174 1519 1202; x_wconf 83' lang='grc' dir='ltr'>οὺ</span> <span class='ocrx_word' id='word_1_622' title='bbox 1534 1174 1602 1214; x_wconf 74' lang='grc' dir='ltr'>χρὴ,</span> <span class='ocrx_word' id='word_1_623' title='bbox 1614 1175 1692 1215; x_wconf 73' lang='grc' dir='ltr'>φησίν</span> <span class='ocrx_word' id='word_1_624' title='bbox 1704 1184 1712 1192; x_wconf 91' lang='grc'>·</span> <span class='ocrx_word' id='word_1_625' title='bbox 1727 1186 1737 1202; x_wconf 76' lang='grc' dir='ltr'><strong>ι</strong></span> <span class='ocrx_word' id='word_1_626' title='bbox 1755 1171 1786 1203; x_wconf 70' lang='grc' dir='ltr'><em>Ἠ</em></span> <span class='ocrx_word' id='word_1_627' title='bbox 1801 1174 1831 1202; x_wconf 77' lang='grc' dir='ltr'><strong>δὲ</strong></span> <span class='ocrx_word' id='word_1_628' title='bbox 1846 1187 1919 1203; x_wconf 84' lang='grc' dir='ltr'>σπα-</span> 
     </span>
    </p>
   </div>
   <div class='ocr_carea' id='block_1_86' title="bbox 1089 1214 1916 1259">
    <p class='ocr_par' dir='ltr' id='par_1_86' title="bbox 1089 1214 1916 1259">
     <span class='ocr_line' id='line_1_86' title="bbox 1089 1214 1916 1259; baseline 0.007 -17"><span class='ocrx_word' id='word_1_629' title='bbox 1089 1214 1209 1256; x_wconf 84' lang='grc' dir='ltr'>ταλῶσα,</span> <span class='ocrx_word' id='word_1_630' title='bbox 1234 1229 1248 1245; x_wconf 82' lang='lat' dir='ltr'><strong>n</strong></span> <span class='ocrx_word' id='word_1_631' title='bbox 1265 1217 1409 1256; x_wconf 79' lang='grc' dir='ltr'>τουτέστιν,</span> <span class='ocrx_word' id='word_1_632' title='bbox 1431 1219 1447 1252; x_wconf 83' lang='grc' dir='ltr'>ἠ</span> <span class='ocrx_word' id='word_1_633' title='bbox 1470 1222 1604 1259; x_wconf 64' lang='grc' dir='ltr'>τρδφὼσα,</span> <span class='ocrx_word' id='word_1_634' title='bbox 1622 1214 1642 1246; x_wconf 19' lang='grc' dir='ltr'><strong>να</strong></span> <span class='ocrx_word' id='word_1_635' title='bbox 1659 1223 1732 1255; x_wconf 79' lang='grc' dir='ltr'>ζῶσα</span> <span class='ocrx_word' id='word_1_636' title='bbox 1746 1220 1874 1253; x_wconf 84' lang='grc' dir='ltr'>τέθνηκε.</span> <span class='ocrx_word' id='word_1_637' title='bbox 1904 1233 1916 1248; x_wconf 77' lang='grc' dir='ltr'><strong>ι</strong></span> 
     </span>
    </p>
   </div>
   <div class='ocr_carea' id='block_1_87' title="bbox 1090 1261 1919 1302">
    <p class='ocr_par' dir='ltr' id='par_1_87' title="bbox 1090 1261 1919 1302">
     <span class='ocr_line' id='line_1_87' title="bbox 1090 1261 1919 1302; baseline 0 -11"><span class='ocrx_word' id='word_1_638' title='bbox 1090 1262 1170 1300; x_wconf 81' lang='grc' dir='ltr'><strong>Πῶς;</strong></span> <span class='ocrx_word' id='word_1_639' title='bbox 1187 1265 1240 1300; x_wconf 78' lang='grc' dir='ltr'><strong>Ζῇν</strong></span> <span class='ocrx_word' id='word_1_640' title='bbox 1260 1263 1310 1302; x_wconf 78' lang='grc' dir='ltr'><strong>γὰρ</strong></span> <span class='ocrx_word' id='word_1_641' title='bbox 1342 1261 1452 1292; x_wconf 80' lang='grc' dir='ltr'>δοκοῦσα</span> <span class='ocrx_word' id='word_1_642' title='bbox 1476 1264 1526 1296; x_wconf 76' lang='grc' dir='ltr'><strong>τὴν</strong></span> <span class='ocrx_word' id='word_1_643' title='bbox 1554 1268 1597 1293; x_wconf 69' lang='grc' dir='ltr'>νῦν</span> <span class='ocrx_word' id='word_1_644' title='bbox 1625 1264 1706 1298; x_wconf 80' lang='grc' dir='ltr'>ζωήν.</span> <span class='ocrx_word' id='word_1_645' title='bbox 1741 1265 1791 1298; x_wconf 77' lang='grc' dir='ltr'>τὴν</span> <span class='ocrx_word' id='word_1_646' title='bbox 1806 1265 1919 1293; x_wconf 79' lang='grc' dir='ltr'>αἰώνιον</span> 
     </span>
    </p>
   </div>
   <div class='ocr_carea' id='block_1_88' title="bbox 1089 1305 1916 1348">
    <p class='ocr_par' dir='ltr' id='par_1_88' title="bbox 1089 1305 1916 1348">
     <span class='ocr_line' id='line_1_88' title="bbox 1089 1305 1916 1348; baseline 0.006 -15"><span class='ocrx_word' id='word_1_647' title='bbox 1089 1305 1160 1348; x_wconf 76' lang='grc' dir='ltr'>ζωὴν</span> <span class='ocrx_word' id='word_1_648' title='bbox 1189 1306 1320 1336; x_wconf 80' lang='grc' dir='ltr'>ἀπώλεσε.</span> <span class='ocrx_word' id='word_1_649' title='bbox 1358 1308 1486 1342; x_wconf 77' lang='grc' dir='ltr'>Τέθνηκεν</span> <span class='ocrx_word' id='word_1_650' title='bbox 1523 1308 1567 1336; x_wconf 73' lang='grc' dir='ltr'>οὖν</span> <span class='ocrx_word' id='word_1_651' title='bbox 1603 1307 1645 1337; x_wconf 82' lang='grc' dir='ltr'><strong>διὰ</strong></span> <span class='ocrx_word' id='word_1_652' title='bbox 1681 1312 1731 1342; x_wconf 78' lang='grc' dir='ltr'>τῆς</span> <span class='ocrx_word' id='word_1_653' title='bbox 1767 1310 1916 1348; x_wconf 75' lang='grc' dir='ltr'>ἁμαρτίας,</span> 
     </span>
    </p>
   </div>
   <div class='ocr_carea' id='block_1_89' title="bbox 1089 1347 1917 1394">
    <p class='ocr_par' dir='ltr' id='par_1_89' title="bbox 1089 1347 1917 1394">
     <span class='ocr_line' id='line_1_89' title="bbox 1089 1347 1917 1394; baseline 0.008 -18"><span class='ocrx_word' id='word_1_654' title='bbox 1089 1347 1150 1377; x_wconf 78' lang='grc' dir='ltr'>ὅσον</span> <span class='ocrx_word' id='word_1_655' title='bbox 1172 1352 1237 1394; x_wconf 74' lang='grc' dir='ltr'>πρὸς</span> <span class='ocrx_word' id='word_1_656' title='bbox 1252 1352 1354 1385; x_wconf 86' lang='grc' dir='ltr'>ἐκείνην</span> <span class='ocrx_word' id='word_1_657' title='bbox 1378 1353 1427 1386; x_wconf 77' lang='grc' dir='ltr'><strong>τὴν</strong></span> <span class='ocrx_word' id='word_1_658' title='bbox 1456 1353 1537 1388; x_wconf 89' lang='grc' dir='ltr'>ζωήν.</span> <span class='ocrx_word' id='word_1_659' title='bbox 1572 1364 1583 1380; x_wconf 76' lang='grc' dir='ltr'><strong>ι</strong></span> <span class='ocrx_word' id='word_1_660' title='bbox 1609 1354 1657 1382; x_wconf 82' lang='grc' dir='ltr'>Καὶ</span> <span class='ocrx_word' id='word_1_661' title='bbox 1684 1358 1766 1382; x_wconf 72' lang='grc' dir='ltr'>ταῦτα</span> <span class='ocrx_word' id='word_1_662' title='bbox 1800 1347 1917 1394; x_wconf 72' lang='grc' dir='ltr'>παράγ-</span> 
     </span>
    </p>
   </div>
   <div class='ocr_carea' id='block_1_90' title="bbox 1091 1392 1917 1440">
    <p class='ocr_par' dir='ltr' id='par_1_90' title="bbox 1091 1392 1917 1440">
     <span class='ocr_line' id='line_1_90' title="bbox 1091 1392 1917 1440; baseline 0.007 -18"><span class='ocrx_word' id='word_1_663' title='bbox 1091 1393 1179 1432; x_wconf 86' lang='grc' dir='ltr'>γελλε,</span> <span class='ocrx_word' id='word_1_664' title='bbox 1198 1407 1211 1423; x_wconf 78' lang='grc' dir='ltr'><strong>ι</strong></span> <span class='ocrx_word' id='word_1_665' title='bbox 1231 1392 1307 1435; x_wconf 77' lang='grc' dir='ltr'>Ὀρᾷς</span> <span class='ocrx_word' id='word_1_666' title='bbox 1322 1397 1362 1425; x_wconf 83' lang='grc' dir='ltr'><strong>ὅτι</strong></span> <span class='ocrx_word' id='word_1_667' title='bbox 1377 1398 1413 1429; x_wconf 87' lang='grc' dir='ltr'>ὼς</span> <span class='ocrx_word' id='word_1_668' title='bbox 1438 1398 1518 1435; x_wconf 78' lang='grc' dir='ltr'>νόμον</span> <span class='ocrx_word' id='word_1_669' title='bbox 1538 1397 1569 1425; x_wconf 82' lang='grc' dir='ltr'><strong>τὸ</strong></span> <span class='ocrx_word' id='word_1_670' title='bbox 1595 1401 1702 1437; x_wconf 84' lang='grc' dir='ltr'>πρᾶγμα</span> <span class='ocrx_word' id='word_1_671' title='bbox 1732 1399 1802 1427; x_wconf 81' lang='grc' dir='ltr'>εἶναι</span> <span class='ocrx_word' id='word_1_672' title='bbox 1819 1392 1917 1440; x_wconf 70' lang='grc' dir='ltr'>θέλει,</span> 
     </span>
    </p>
   </div>
   <div class='ocr_carea' id='block_1_91' title="bbox 1092 1440 1916 1483">
    <p class='ocr_par' dir='ltr' id='par_1_91' title="bbox 1092 1440 1916 1483">
     <span class='ocr_line' id='line_1_91' title="bbox 1092 1440 1916 1483; baseline 0.006 -15"><span class='ocrx_word' id='word_1_673' title='bbox 1092 1441 1128 1468; x_wconf 74' lang='grc' dir='ltr'>Οὐ</span> <span class='ocrx_word' id='word_1_674' title='bbox 1162 1440 1211 1480; x_wconf 78' lang='grc' dir='ltr'><strong>γὰρ</strong></span> <span class='ocrx_word' id='word_1_675' title='bbox 1239 1444 1272 1479; x_wconf 81' lang='grc' dir='ltr'><strong>τῇ</strong></span> <span class='ocrx_word' id='word_1_676' title='bbox 1307 1441 1461 1481; x_wconf 86' lang='grc' dir='ltr'>πμοαιρέσει</span> <span class='ocrx_word' id='word_1_677' title='bbox 1502 1443 1533 1470; x_wconf 82' lang='grc' dir='ltr'>τὸ</span> <span class='ocrx_word' id='word_1_678' title='bbox 1568 1442 1608 1480; x_wconf 80' lang='grc' dir='ltr'>μὴ</span> <span class='ocrx_word' id='word_1_679' title='bbox 1639 1446 1737 1483; x_wconf 79' lang='grc' dir='ltr'>τρυφᾷν</span> <span class='ocrx_word' id='word_1_680' title='bbox 1763 1443 1916 1483; x_wconf 71' lang='grc' dir='ltr'>ἐπιτρέπει,</span> 
     </span>
    </p>
   </div>
   <div class='ocr_carea' id='block_1_92' title="bbox 1091 1483 1918 1528">
    <p class='ocr_par' dir='ltr' id='par_1_92' title="bbox 1091 1483 1918 1528">
     <span class='ocr_line' id='line_1_92' title="bbox 1091 1483 1918 1528; baseline 0.007 -16"><span class='ocrx_word' id='word_1_681' title='bbox 1091 1483 1180 1524; x_wconf 81' lang='grc' dir='ltr'>ὥσπερ</span> <span class='ocrx_word' id='word_1_682' title='bbox 1204 1486 1236 1515; x_wconf 74' lang='grc' dir='ltr'><strong>τὰ</strong></span> <span class='ocrx_word' id='word_1_683' title='bbox 1263 1486 1465 1526; x_wconf 71' lang='grc' dir='ltr'>κατορθώματα,</span> <span class='ocrx_word' id='word_1_684' title='bbox 1493 1485 1552 1515; x_wconf 79' lang='grc' dir='ltr'>ἀλλ’</span> <span class='ocrx_word' id='word_1_685' title='bbox 1588 1488 1624 1519; x_wconf 83' lang='grc' dir='ltr'>ὡς</span> <span class='ocrx_word' id='word_1_686' title='bbox 1647 1488 1776 1526; x_wconf 79' lang='grc' dir='ltr'>ἁμαρτίαν</span> <span class='ocrx_word' id='word_1_687' title='bbox 1804 1489 1918 1528; x_wconf 79' lang='grc' dir='ltr'>ἀπαγο-</span> 
     </span>
    </p>
   </div>
   <div class='ocr_carea' id='block_1_93' title="bbox 1092 1529 1919 1573">
    <p class='ocr_par' dir='ltr' id='par_1_93' title="bbox 1092 1529 1919 1573">
     <span class='ocr_line' id='line_1_93' title="bbox 1092 1529 1919 1573; baseline 0.01 -17"><span class='ocrx_word' id='word_1_688' title='bbox 1092 1529 1169 1567; x_wconf 79' lang='grc' dir='ltr'>ρεύει.</span> <span class='ocrx_word' id='word_1_689' title='bbox 1192 1541 1205 1557; x_wconf 74' lang='grc' dir='ltr'><strong>ι</strong></span> <span class='ocrx_word' id='word_1_690' title='bbox 1225 1531 1254 1558; x_wconf 83' lang='grc' dir='ltr'>Εἰ</span> <span class='ocrx_word' id='word_1_691' title='bbox 1269 1529 1296 1558; x_wconf 84' lang='grc' dir='ltr'>δέ</span> <span class='ocrx_word' id='word_1_692' title='bbox 1316 1542 1357 1562; x_wconf 85' lang='grc' dir='ltr'><strong>τις</strong></span> <span class='ocrx_word' id='word_1_693' title='bbox 1380 1534 1433 1559; x_wconf 87' lang='grc' dir='ltr'><strong>τῶν</strong></span> <span class='ocrx_word' id='word_1_694' title='bbox 1460 1531 1541 1561; x_wconf 78' lang='grc' dir='ltr'>ἰδίων.</span> <span class='ocrx_word' id='word_1_695' title='bbox 1566 1540 1580 1562; x_wconf 72' lang='grc' dir='ltr'><strong>ι</strong></span> <span class='ocrx_word' id='word_1_696' title='bbox 1600 1534 1635 1561; x_wconf 78' lang='grc' dir='ltr'>Οὒ</span> <span class='ocrx_word' id='word_1_697' title='bbox 1668 1533 1718 1572; x_wconf 78' lang='grc' dir='ltr'><strong>γὰρ</strong></span> <span class='ocrx_word' id='word_1_698' title='bbox 1740 1533 1818 1572; x_wconf 73' lang='grc' dir='ltr'>ἀρκεῖ</span> <span class='ocrx_word' id='word_1_699' title='bbox 1847 1535 1919 1573; x_wconf 76' lang='grc' dir='ltr'>πρὸς</span> 
     </span>
    </p>
   </div>
   <div class='ocr_carea' id='block_1_94' title="bbox 1092 1573 1918 1615">
    <p class='ocr_par' dir='ltr' id='par_1_94' title="bbox 1092 1573 1918 1615">
     <span class='ocr_line' id='line_1_94' title="bbox 1092 1573 1918 1615; baseline 0.007 -15"><span class='ocrx_word' id='word_1_700' title='bbox 1092 1573 1222 1613; x_wconf 85' lang='grc' dir='ltr'>σωτηρίαν</span> <span class='ocrx_word' id='word_1_701' title='bbox 1237 1575 1254 1608; x_wconf 84' lang='grc' dir='ltr'>ἡ</span> <span class='ocrx_word' id='word_1_702' title='bbox 1278 1576 1361 1604; x_wconf 85' lang='grc' dir='ltr'>οἰκεία</span> <span class='ocrx_word' id='word_1_703' title='bbox 1390 1575 1471 1613; x_wconf 87' lang='grc' dir='ltr'>μόνσν</span> <span class='ocrx_word' id='word_1_704' title='bbox 1499 1575 1592 1615; x_wconf 72' lang='grc' dir='ltr'>ἀρετὴ,</span> <span class='ocrx_word' id='word_1_705' title='bbox 1622 1577 1653 1604; x_wconf 85' lang='grc' dir='ltr'><strong>ἃν</strong></span> <span class='ocrx_word' id='word_1_706' title='bbox 1682 1578 1722 1614; x_wconf 82' lang='grc' dir='ltr'>μὴ</span> <span class='ocrx_word' id='word_1_707' title='bbox 1751 1578 1795 1605; x_wconf 86' lang='grc' dir='ltr'><strong>καὶ</strong></span> <span class='ocrx_word' id='word_1_708' title='bbox 1823 1577 1918 1606; x_wconf 79' lang='grc' dir='ltr'>ἄλλων</span> 
     </span>
    </p>
   </div>
   <div class='ocr_carea' id='block_1_95' title="bbox 1091 1619 1917 1662">
    <p class='ocr_par' dir='ltr' id='par_1_95' title="bbox 1091 1619 1917 1662">
     <span class='ocr_line' id='line_1_95' title="bbox 1091 1619 1917 1662; baseline 0.007 -17"><span class='ocrx_word' id='word_1_709' title='bbox 1091 1629 1190 1657; x_wconf 81' lang='grc' dir='ltr'>προνοῃ</span> <span class='ocrx_word' id='word_1_710' title='bbox 1207 1630 1260 1651; x_wconf 88' lang='grc' dir='ltr'>τις.</span> <span class='ocrx_word' id='word_1_711' title='bbox 1290 1621 1351 1660; x_wconf 85' lang='grc' dir='ltr'>Περὶ</span> <span class='ocrx_word' id='word_1_712' title='bbox 1379 1619 1406 1648; x_wconf 82' lang='grc' dir='ltr'><strong>δὲ</strong></span> <span class='ocrx_word' id='word_1_713' title='bbox 1434 1623 1482 1654; x_wconf 80' lang='grc' dir='ltr'>τῆς</span> <span class='ocrx_word' id='word_1_714' title='bbox 1506 1622 1595 1661; x_wconf 79' lang='grc' dir='ltr'>χήρας</span> <span class='ocrx_word' id='word_1_715' title='bbox 1622 1622 1705 1649; x_wconf 82' lang='grc' dir='ltr'>ταῦτά</span> <span class='ocrx_word' id='word_1_716' title='bbox 1739 1633 1833 1662; x_wconf 77' lang='grc' dir='ltr'>φησιν,</span> <span class='ocrx_word' id='word_1_717' title='bbox 1864 1624 1917 1651; x_wconf 83' lang='grc' dir='ltr'><strong>Οἰ-</strong></span> 
     </span>
    </p>
   </div>
   <div class='ocr_carea' id='block_1_96' title="bbox 1092 1662 1917 1707">
    <p class='ocr_par' dir='ltr' id='par_1_96' title="bbox 1092 1662 1917 1707">
     <span class='ocr_line' id='line_1_96' title="bbox 1092 1662 1917 1707; baseline 0.007 -17"><span class='ocrx_word' id='word_1_718' title='bbox 1092 1662 1177 1695; x_wconf 85' lang='grc' dir='ltr'>κείους</span> <span class='ocrx_word' id='word_1_719' title='bbox 1193 1663 1220 1691; x_wconf 77' lang='grc' dir='ltr'><strong>δὲ</strong></span> <span class='ocrx_word' id='word_1_720' title='bbox 1236 1663 1319 1704; x_wconf 84' lang='grc' dir='ltr'>λέγει,</span> <span class='ocrx_word' id='word_1_721' title='bbox 1335 1665 1396 1697; x_wconf 78' lang='grc' dir='ltr'>τοὺς</span> <span class='ocrx_word' id='word_1_722' title='bbox 1410 1668 1449 1702; x_wconf 85' lang='grc' dir='ltr'>τῷ</span> <span class='ocrx_word' id='word_1_723' title='bbox 1464 1665 1532 1704; x_wconf 82' lang='grc' dir='ltr'>γένει</span> <span class='ocrx_word' id='word_1_724' title='bbox 1559 1667 1753 1705; x_wconf 84' lang='grc' dir='ltr'>προσήκοντας.</span> <span class='ocrx_word' id='word_1_725' title='bbox 1792 1671 1837 1696; x_wconf 84' lang='grc' dir='ltr'>Ενι</span> <span class='ocrx_word' id='word_1_726' title='bbox 1863 1668 1917 1707; x_wconf 61' lang='grc' dir='ltr'>γὰρ</span> 
     </span>
    </p>
   </div>
   <div class='ocr_carea' id='block_1_97' title="bbox 1093 1707 1919 1751">
    <p class='ocr_par' dir='ltr' id='par_1_97' title="bbox 1093 1707 1919 1751">
     <span class='ocr_line' id='line_1_97' title="bbox 1093 1707 1919 1751; baseline 0.007 -16"><span class='ocrx_word' id='word_1_727' title='bbox 1093 1708 1163 1735; x_wconf 79' lang='grc' dir='ltr'>εἶναι</span> <span class='ocrx_word' id='word_1_728' title='bbox 1177 1707 1266 1746; x_wconf 83' lang='grc' dir='ltr'>ἰδίους,</span> <span class='ocrx_word' id='word_1_729' title='bbox 1283 1711 1342 1737; x_wconf 79' lang='grc' dir='ltr'>οἷον</span> <span class='ocrx_word' id='word_1_730' title='bbox 1365 1709 1467 1750; x_wconf 73' lang='grc' dir='ltr'>φίλους,</span> <span class='ocrx_word' id='word_1_731' title='bbox 1497 1711 1526 1738; x_wconf 76' lang='grc' dir='ltr'>οὑ</span> <span class='ocrx_word' id='word_1_732' title='bbox 1553 1711 1607 1748; x_wconf 81' lang='grc' dir='ltr'>μὴν</span> <span class='ocrx_word' id='word_1_733' title='bbox 1632 1712 1676 1740; x_wconf 75' lang='grc' dir='ltr'><strong>καὶ</strong></span> <span class='ocrx_word' id='word_1_734' title='bbox 1703 1712 1827 1743; x_wconf 77' lang='grc' dir='ltr'>οἰκείους,</span> <span class='ocrx_word' id='word_1_735' title='bbox 1845 1715 1919 1751; x_wconf 82' lang='grc' dir='ltr'>Προ-</span> 
     </span>
    </p>
   </div>
   <div class='ocr_carea' id='block_1_98' title="bbox 1093 1753 1918 1795">
    <p class='ocr_par' dir='ltr' id='par_1_98' title="bbox 1093 1753 1918 1795">
     <span class='ocr_line' id='line_1_98' title="bbox 1093 1753 1918 1795; baseline 0.006 -15"><span class='ocrx_word' id='word_1_736' title='bbox 1093 1753 1200 1795; x_wconf 78' lang='grc' dir='ltr'>νοητέον</span> <span class='ocrx_word' id='word_1_737' title='bbox 1222 1753 1265 1781; x_wconf 72' lang='grc' dir='ltr'>οὖν</span> <span class='ocrx_word' id='word_1_738' title='bbox 1286 1755 1352 1792; x_wconf 73' lang='grc' dir='ltr'>αὐτῇ</span> <span class='ocrx_word' id='word_1_739' title='bbox 1366 1757 1417 1782; x_wconf 87' lang='grc' dir='ltr'><strong>τῶν</strong></span> <span class='ocrx_word' id='word_1_740' title='bbox 1438 1754 1519 1795; x_wconf 76' lang='grc' dir='ltr'>ἰδίων,</span> <span class='ocrx_word' id='word_1_741' title='bbox 1537 1754 1652 1792; x_wconf 77' lang='grc' dir='ltr'>μάλιστα</span> <span class='ocrx_word' id='word_1_742' title='bbox 1679 1754 1706 1784; x_wconf 79' lang='grc' dir='ltr'><strong>δὲ</strong></span> <span class='ocrx_word' id='word_1_743' title='bbox 1742 1757 1794 1784; x_wconf 85' lang='grc' dir='ltr'><strong>τῶν</strong></span> <span class='ocrx_word' id='word_1_744' title='bbox 1810 1757 1918 1785; x_wconf 76' lang='grc' dir='ltr'>οἰκείων</span> 
     </span>
    </p>
   </div>
   <div class='ocr_carea' id='block_1_99' title="bbox 1094 1792 1919 1841">
    <p class='ocr_par' dir='ltr' id='par_1_99' title="bbox 1094 1792 1919 1841">
     <span class='ocr_line' id='line_1_99' title="bbox 1094 1792 1919 1841; baseline 0.006 -16"><span class='ocrx_word' id='word_1_745' title='bbox 1094 1792 1182 1836; x_wconf 72' lang='grc' dir='ltr'><strong>ιὈπερ</strong></span> <span class='ocrx_word' id='word_1_746' title='bbox 1203 1797 1221 1831; x_wconf 76' lang='grc' dir='ltr'><strong>ἡ</strong></span> <span class='ocrx_word' id='word_1_747' title='bbox 1236 1798 1397 1827; x_wconf 77' lang='grc' dir='ltr'>σπαταλῶσα</span> <span class='ocrx_word' id='word_1_748' title='bbox 1413 1800 1442 1827; x_wconf 69' lang='grc' dir='ltr'>οὐ</span> <span class='ocrx_word' id='word_1_749' title='bbox 1455 1792 1539 1830; x_wconf 75' lang='grc' dir='ltr'>ποιεῖ.</span> <span class='ocrx_word' id='word_1_750' title='bbox 1566 1802 1600 1838; x_wconf 84' lang='grc' dir='ltr'><strong>τῇ</strong></span> <span class='ocrx_word' id='word_1_751' title='bbox 1627 1804 1712 1840; x_wconf 77' lang='grc' dir='ltr'>τρυφῇ</span> <span class='ocrx_word' id='word_1_752' title='bbox 1742 1801 1812 1839; x_wconf 82' lang='grc' dir='ltr'>μόνῃ</span> <span class='ocrx_word' id='word_1_753' title='bbox 1827 1813 1919 1841; x_wconf 78' lang='grc' dir='ltr'>προσ-</span> 
     </span>
    </p>
   </div>
   <div class='ocr_carea' id='block_1_100' title="bbox 1094 1841 1921 1882">
    <p class='ocr_par' dir='ltr' id='par_1_100' title="bbox 1094 1841 1921 1882">
     <span class='ocr_line' id='line_1_100' title="bbox 1094 1841 1921 1882; baseline 0.006 -12"><span class='ocrx_word' id='word_1_754' title='bbox 1094 1841 1205 1882; x_wconf 80' lang='grc' dir='ltr'>έχουσα.</span> <span class='ocrx_word' id='word_1_755' title='bbox 1225 1852 1236 1870; x_wconf 71' lang='grc' dir='ltr'><strong>ε</strong></span> <span class='ocrx_word' id='word_1_756' title='bbox 1251 1843 1299 1871; x_wconf 84' lang='grc' dir='ltr'><strong>Καὶ</strong></span> <span class='ocrx_word' id='word_1_757' title='bbox 1313 1843 1428 1880; x_wconf 82' lang='grc' dir='ltr'>μάλιστα</span> <span class='ocrx_word' id='word_1_758' title='bbox 1461 1847 1513 1872; x_wconf 88' lang='grc' dir='ltr'><strong>τῶν</strong></span> <span class='ocrx_word' id='word_1_759' title='bbox 1537 1845 1650 1874; x_wconf 86' lang='grc' dir='ltr'>οἰκείων.</span> <span class='ocrx_word' id='word_1_760' title='bbox 1669 1856 1683 1872; x_wconf 69' lang='grc' dir='ltr'><strong><em>ι</em></strong></span> <span class='ocrx_word' id='word_1_761' title='bbox 1712 1848 1769 1874; x_wconf 87' lang='grc' dir='ltr'>Τῶν</span> <span class='ocrx_word' id='word_1_762' title='bbox 1783 1845 1857 1874; x_wconf 82' lang='grc' dir='ltr'>ἰδίων</span> <span class='ocrx_word' id='word_1_763' title='bbox 1874 1849 1921 1875; x_wconf 81' lang='grc' dir='ltr'><strong>καὶ</strong></span> 
     </span>
    </p>
   </div>
   <div class='ocr_carea' id='block_1_101' title="bbox 1093 1887 1921 1930">
    <p class='ocr_par' dir='ltr' id='par_1_101' title="bbox 1093 1887 1921 1930">
     <span class='ocr_line' id='line_1_101' title="bbox 1093 1887 1921 1930; baseline 0.007 -16"><span class='ocrx_word' id='word_1_764' title='bbox 1093 1890 1146 1914; x_wconf 86' lang='grc' dir='ltr'><strong>τῶν</strong></span> <span class='ocrx_word' id='word_1_765' title='bbox 1169 1887 1270 1915; x_wconf 77' lang='grc' dir='ltr'>οἰκείων</span> <span class='ocrx_word' id='word_1_766' title='bbox 1288 1888 1409 1927; x_wconf 78' lang='grc' dir='ltr'>προνοεῖ,</span> <span class='ocrx_word' id='word_1_767' title='bbox 1436 1889 1450 1916; x_wconf 84' lang='grc' dir='ltr'>ὁ</span> <span class='ocrx_word' id='word_1_768' title='bbox 1475 1889 1514 1926; x_wconf 72' lang='grc' dir='ltr'>μὴ</span> <span class='ocrx_word' id='word_1_769' title='bbox 1540 1889 1619 1927; x_wconf 70' lang='grc' dir='ltr'>μόνον</span> <span class='ocrx_word' id='word_1_770' title='bbox 1648 1893 1701 1918; x_wconf 87' lang='grc' dir='ltr'><strong>τῶν</strong></span> <span class='ocrx_word' id='word_1_771' title='bbox 1722 1892 1921 1930; x_wconf 81' lang='grc' dir='ltr'>προσηκόντων</span> 
     </span>
    </p>
   </div>
   <div class='ocr_carea' id='block_1_102' title="bbox 1093 1932 1923 1974">
    <p class='ocr_par' dir='ltr' id='par_1_102' title="bbox 1093 1932 1923 1974">
     <span class='ocr_line' id='line_1_102' title="bbox 1093 1932 1923 1974; baseline 0.005 -15"><span class='ocrx_word' id='word_1_772' title='bbox 1093 1933 1223 1971; x_wconf 82' lang='grc' dir='ltr'>προνοῶν,</span> <span class='ocrx_word' id='word_1_773' title='bbox 1246 1932 1315 1961; x_wconf 83' lang='grc' dir='ltr'>ἀλλὰ</span> <span class='ocrx_word' id='word_1_774' title='bbox 1336 1933 1379 1960; x_wconf 82' lang='grc' dir='ltr'><strong>καὶ</strong></span> <span class='ocrx_word' id='word_1_775' title='bbox 1400 1933 1477 1965; x_wconf 71' lang='grc' dir='ltr'>αὐτὸς</span> <span class='ocrx_word' id='word_1_776' title='bbox 1500 1934 1599 1974; x_wconf 78' lang='grc' dir='ltr'>ἑευτοῦ,</span> <span class='ocrx_word' id='word_1_777' title='bbox 1638 1933 1681 1962; x_wconf 74' lang='grc' dir='ltr'>διὰ</span> <span class='ocrx_word' id='word_1_778' title='bbox 1707 1939 1753 1963; x_wconf 80' lang='grc' dir='ltr'>τοῦ</span> <span class='ocrx_word' id='word_1_779' title='bbox 1776 1935 1923 1965; x_wconf 77' lang='grc' dir='ltr'>ἐκκόπτειν</span> 
     </span>
    </p>
   </div>
   <div class='ocr_carea' id='block_1_103' title="bbox 1093 1976 1921 2017">
    <p class='ocr_par' dir='ltr' id='par_1_103' title="bbox 1093 1976 1921 2017">
     <span class='ocr_line' id='line_1_103' title="bbox 1093 1976 1921 2017; baseline 0.005 -12"><span class='ocrx_word' id='word_1_780' title='bbox 1093 1977 1125 2005; x_wconf 79' lang='grc' dir='ltr'>τὰ</span> <span class='ocrx_word' id='word_1_781' title='bbox 1147 1977 1229 2011; x_wconf 81' lang='grc' dir='ltr'>πάθη.</span> <span class='ocrx_word' id='word_1_782' title='bbox 1260 1977 1349 2010; x_wconf 71' lang='grc' dir='ltr'>Οὕτως</span> <span class='ocrx_word' id='word_1_783' title='bbox 1379 1978 1393 2006; x_wconf 79' lang='grc' dir='ltr'><strong>ὁ</strong></span> <span class='ocrx_word' id='word_1_784' title='bbox 1415 1977 1528 2016; x_wconf 82' lang='grc' dir='ltr'>Κλήμης</span> <span class='ocrx_word' id='word_1_785' title='bbox 1565 1978 1592 2006; x_wconf 77' lang='grc' dir='ltr'>ἐν</span> <span class='ocrx_word' id='word_1_786' title='bbox 1620 1977 1725 2017; x_wconf 79' lang='grc' dir='ltr'>ἑϐδόμῳ</span> <span class='ocrx_word' id='word_1_787' title='bbox 1756 1976 1921 2010; x_wconf 69' lang='grc' dir='ltr'><strong>ιΓιτοτυττώ-</strong></span> 
     </span>
    </p>
   </div>
   <div class='ocr_carea' id='block_1_104' title="bbox 1096 2022 1924 2063">
    <p class='ocr_par' dir='ltr' id='par_1_104' title="bbox 1096 2022 1924 2063">
     <span class='ocr_line' id='line_1_104' title="bbox 1096 2022 1924 2063; baseline 0.006 -14"><span class='ocrx_word' id='word_1_788' title='bbox 1096 2031 1162 2050; x_wconf 83' lang='grc' dir='ltr'>σεων</span> <span class='ocrx_word' id='word_1_789' title='bbox 1181 2031 1188 2039; x_wconf 87' lang='grc'><strong>·</strong></span> <span class='ocrx_word' id='word_1_790' title='bbox 1206 2022 1333 2061; x_wconf 84' lang='grc' dir='ltr'>Πρόνοιαν</span> <span class='ocrx_word' id='word_1_791' title='bbox 1348 2023 1397 2058; x_wconf 86' lang='grc' dir='ltr'><strong>τήν</strong></span> <span class='ocrx_word' id='word_1_792' title='bbox 1411 2033 1440 2050; x_wconf 83' lang='grc' dir='ltr'><strong>τε</strong></span> <span class='ocrx_word' id='word_1_793' title='bbox 1454 2023 1522 2051; x_wconf 78' lang='grc' dir='ltr'>κατὰ</span> <span class='ocrx_word' id='word_1_794' title='bbox 1542 2024 1646 2063; x_wconf 79' lang='grc' dir='ltr'>ψυχὴν,</span> <span class='ocrx_word' id='word_1_795' title='bbox 1670 2025 1719 2059; x_wconf 76' lang='grc' dir='ltr'><strong>τήν</strong></span> <span class='ocrx_word' id='word_1_796' title='bbox 1747 2036 1776 2053; x_wconf 85' lang='grc' dir='ltr'><strong>τε</strong></span> <span class='ocrx_word' id='word_1_797' title='bbox 1801 2027 1875 2056; x_wconf 75' lang='grc' dir='ltr'>κατὰ</span> <span class='ocrx_word' id='word_1_798' title='bbox 1893 2029 1924 2055; x_wconf 55' lang='grc' dir='ltr'><strong>τε</strong></span> 
     </span>
    </p>
   </div>
   <div class='ocr_carea' id='block_1_105' title="bbox 1096 2065 1923 2108">
    <p class='ocr_par' dir='ltr' id='par_1_105' title="bbox 1096 2065 1923 2108">
     <span class='ocr_line' id='line_1_105' title="bbox 1096 2065 1923 2108; baseline 0.005 -14"><span class='ocrx_word' id='word_1_799' title='bbox 1096 2069 1173 2104; x_wconf 84' lang='grc' dir='ltr'>σῶμα</span> <span class='ocrx_word' id='word_1_800' title='bbox 1206 2065 1290 2105; x_wconf 86' lang='grc' dir='ltr'>λέγει,</span> <span class='ocrx_word' id='word_1_801' title='bbox 1323 2078 1336 2094; x_wconf 70' lang='grc' dir='ltr'>τι</span> <span class='ocrx_word' id='word_1_802' title='bbox 1353 2067 1407 2100; x_wconf 78' lang='grc' dir='ltr'>Τὴν</span> <span class='ocrx_word' id='word_1_803' title='bbox 1435 2067 1521 2096; x_wconf 87' lang='grc' dir='ltr'>πίστιν</span> <span class='ocrx_word' id='word_1_804' title='bbox 1550 2067 1673 2108; x_wconf 69' lang='grc' dir='ltr'>ἤρνηται.</span> <span class='ocrx_word' id='word_1_805' title='bbox 1694 2080 1706 2097; x_wconf 72' lang='grc' dir='ltr'><strong>ι</strong></span> <span class='ocrx_word' id='word_1_806' title='bbox 1738 2069 1787 2098; x_wconf 86' lang='grc' dir='ltr'><strong>Καὶ</strong></span> <span class='ocrx_word' id='word_1_807' title='bbox 1810 2073 1872 2102; x_wconf 84' lang='grc' dir='ltr'><strong>πῶς</strong></span> <span class='ocrx_word' id='word_1_808' title='bbox 1906 2072 1923 2105; x_wconf 74' lang='grc' dir='ltr'>ἡ</span> 
     </span>
    </p>
   </div>
   <div class='ocr_carea' id='block_1_106' title="bbox 1098 2110 1923 2155">
    <p class='ocr_par' dir='ltr' id='par_1_106' title="bbox 1098 2110 1923 2155">
     <span class='ocr_line' id='line_1_106' title="bbox 1098 2110 1923 2155; baseline 0.006 -17"><span class='ocrx_word' id='word_1_809' title='bbox 1098 2110 1271 2147; x_wconf 81' lang='grc' dir='ltr'>σπαταλῶσα,</span> <span class='ocrx_word' id='word_1_810' title='bbox 1286 2111 1330 2140; x_wconf 82' lang='grc' dir='ltr'>καὶ</span> <span class='ocrx_word' id='word_1_811' title='bbox 1343 2111 1394 2140; x_wconf 85' lang='grc' dir='ltr'><strong>τῶν</strong></span> <span class='ocrx_word' id='word_1_812' title='bbox 1410 2111 1480 2140; x_wconf 83' lang='grc' dir='ltr'>ἰδίων</span> <span class='ocrx_word' id='word_1_813' title='bbox 1506 2113 1550 2140; x_wconf 83' lang='grc' dir='ltr'><strong>καὶ</strong></span> <span class='ocrx_word' id='word_1_814' title='bbox 1571 2115 1624 2141; x_wconf 85' lang='grc' dir='ltr'><strong>τῶν</strong></span> <span class='ocrx_word' id='word_1_815' title='bbox 1653 2114 1755 2142; x_wconf 89' lang='grc' dir='ltr'>οἰκείων</span> <span class='ocrx_word' id='word_1_816' title='bbox 1788 2115 1820 2142; x_wconf 70' lang='grc' dir='ltr'>οὗ</span> <span class='ocrx_word' id='word_1_817' title='bbox 1849 2126 1923 2155; x_wconf 33' lang='lat' dir='ltr'><strong>ripa-1</strong></span> 
     </span>
    </p>
   </div>
   <div class='ocr_carea' id='block_1_107' title="bbox 1097 2148 1925 2198">
    <p class='ocr_par' dir='ltr' id='par_1_107' title="bbox 1097 2148 1925 2198">
     <span class='ocr_line' id='line_1_107' title="bbox 1097 2148 1925 2198; baseline 0.007 -16"><span class='ocrx_word' id='word_1_818' title='bbox 1097 2159 1203 2194; x_wconf 77' lang='grc' dir='ltr'>νοοῦσα,</span> <span class='ocrx_word' id='word_1_819' title='bbox 1219 2156 1269 2189; x_wconf 72' lang='grc' dir='ltr'><strong>τὴν</strong></span> <span class='ocrx_word' id='word_1_820' title='bbox 1289 2156 1376 2184; x_wconf 83' lang='grc' dir='ltr'>πίστιν</span> <span class='ocrx_word' id='word_1_821' title='bbox 1393 2155 1523 2196; x_wconf 73' lang='grc' dir='ltr'>ἤρνηταιε</span> <span class='ocrx_word' id='word_1_822' title='bbox 1554 2152 1631 2194; x_wconf 73' lang='grc' dir='ltr'><strong>1Ὀιτι,</strong></span> <span class='ocrx_word' id='word_1_823' title='bbox 1661 2159 1752 2198; x_wconf 75' lang='grc' dir='ltr'>φησὶν,</span> <span class='ocrx_word' id='word_1_824' title='bbox 1782 2148 1895 2198; x_wconf 74' lang='grc' dir='ltr'>εἴρηται</span> <span class='ocrx_word' id='word_1_825' title='bbox 1913 2148 1925 2175; x_wconf 41' lang='grc'><strong>⁸,</strong></span> 
     </span>
    </p>
   </div>
   <div class='ocr_carea' id='block_1_108' title="bbox 1097 2200 1924 2245">
    <p class='ocr_par' dir='ltr' id='par_1_108' title="bbox 1097 2200 1924 2245">
     <span class='ocr_line' id='line_1_108' title="bbox 1097 2200 1924 2245; baseline 0.01 -19"><span class='ocrx_word' id='word_1_826' title='bbox 1097 2200 1145 2228; x_wconf 82' lang='grc' dir='ltr'>Καὶ</span> <span class='ocrx_word' id='word_1_827' title='bbox 1180 2200 1210 2227; x_wconf 75' lang='grc' dir='ltr'>ἐκ</span> <span class='ocrx_word' id='word_1_828' title='bbox 1240 2202 1289 2227; x_wconf 76' lang='grc' dir='ltr'><strong>τῶν</strong></span> <span class='ocrx_word' id='word_1_829' title='bbox 1317 2201 1418 2228; x_wconf 85' lang='grc' dir='ltr'>οἰκείων</span> <span class='ocrx_word' id='word_1_830' title='bbox 1444 2205 1491 2229; x_wconf 78' lang='grc' dir='ltr'>τοῦ</span> <span class='ocrx_word' id='word_1_831' title='bbox 1517 2201 1668 2241; x_wconf 79' lang='grc' dir='ltr'>σπέρματός</span> <span class='ocrx_word' id='word_1_832' title='bbox 1688 2214 1734 2231; x_wconf 89' lang='grc' dir='ltr'><strong>σου</strong></span> <span class='ocrx_word' id='word_1_833' title='bbox 1762 2206 1814 2244; x_wconf 77' lang='grc' dir='ltr'>οὐχ</span> <span class='ocrx_word' id='word_1_834' title='bbox 1837 2205 1924 2245; x_wconf 76' lang='grc' dir='ltr'>ὑπερ-</span> 
     </span>
    </p>
   </div>
   <div class='ocr_carea' id='block_1_109' title="bbox 1096 2243 1924 2289">
    <p class='ocr_par' dir='ltr' id='par_1_109' title="bbox 1096 2243 1924 2289">
     <span class='ocr_line' id='line_1_109' title="bbox 1096 2243 1924 2289; baseline 0.007 -17"><span class='ocrx_word' id='word_1_835' title='bbox 1096 2244 1168 2283; x_wconf 80' lang='grc' dir='ltr'>όψει.</span> <span class='ocrx_word' id='word_1_836' title='bbox 1191 2246 1220 2274; x_wconf 86' lang='grc' dir='ltr'>Εἰ</span> <span class='ocrx_word' id='word_1_837' title='bbox 1234 2244 1262 2272; x_wconf 81' lang='grc' dir='ltr'><strong>δὲ</strong></span> <span class='ocrx_word' id='word_1_838' title='bbox 1276 2243 1433 2283; x_wconf 76' lang='grc' dir='ltr'>δοκεῐς¹μὲν</span> <span class='ocrx_word' id='word_1_839' title='bbox 1462 2247 1505 2274; x_wconf 80' lang='grc' dir='ltr'>τὸν</span> <span class='ocrx_word' id='word_1_840' title='bbox 1535 2248 1600 2275; x_wconf 80' lang='grc' dir='ltr'>Θεὸν</span> <span class='ocrx_word' id='word_1_841' title='bbox 1629 2248 1662 2285; x_wconf 78' lang='grc' dir='ltr'>μὲ</span> <span class='ocrx_word' id='word_1_842' title='bbox 1690 2248 1838 2289; x_wconf 77' lang='grc' dir='ltr'>ἀρνεῖσθαι,</span> <span class='ocrx_word' id='word_1_843' title='bbox 1859 2243 1924 2282; x_wconf 58' lang='lat' dir='ltr'><strong>toi):</strong></span> 
     </span>
    </p>
   </div>
   <div class='ocr_carea' id='block_1_110' title="bbox 1097 2289 1923 2334">
    <p class='ocr_par' dir='ltr' id='par_1_110' title="bbox 1097 2289 1923 2334">
     <span class='ocr_line' id='line_1_110' title="bbox 1097 2289 1923 2334; baseline 0.004 -16"><span class='ocrx_word' id='word_1_844' title='bbox 1097 2289 1124 2318; x_wconf 78' lang='grc' dir='ltr'><strong>δὲ</strong></span> <span class='ocrx_word' id='word_1_845' title='bbox 1141 2290 1235 2328; x_wconf 79' lang='grc' dir='ltr'>νόμους</span> <span class='ocrx_word' id='word_1_846' title='bbox 1263 2291 1341 2318; x_wconf 72' lang='grc' dir='ltr'><strong>αὖτοῦ</strong></span> <span class='ocrx_word' id='word_1_847' title='bbox 1366 2289 1546 2332; x_wconf 80' lang='grc' dir='ltr'>παραϐαίνεις,</span> <span class='ocrx_word' id='word_1_848' title='bbox 1575 2292 1620 2320; x_wconf 82' lang='grc' dir='ltr'><strong>τὸν</strong></span> <span class='ocrx_word' id='word_1_849' title='bbox 1642 2293 1707 2320; x_wconf 82' lang='grc' dir='ltr'>Θεὸν</span> <span class='ocrx_word' id='word_1_850' title='bbox 1733 2293 1811 2333; x_wconf 80' lang='grc' dir='ltr'>ἀρνῇ.</span> <span class='ocrx_word' id='word_1_851' title='bbox 1830 2294 1923 2334; x_wconf 80' lang='grc' dir='ltr'>Εἴρη-</span> 
     </span>
    </p>
   </div>
   <div class='ocr_carea' id='block_1_111' title="bbox 1097 2334 1923 2378">
    <p class='ocr_par' dir='ltr' id='par_1_111' title="bbox 1097 2334 1923 2378">
     <span class='ocr_line' id='line_1_111' title="bbox 1097 2334 1923 2378; baseline 0.006 -16"><span class='ocrx_word' id='word_1_852' title='bbox 1097 2346 1139 2363; x_wconf 87' lang='grc' dir='ltr'><strong>ται</strong></span> <span class='ocrx_word' id='word_1_853' title='bbox 1166 2335 1227 2374; x_wconf 81' lang='grc' dir='ltr'>γὰρ,</span> <span class='ocrx_word' id='word_1_854' title='bbox 1257 2335 1321 2362; x_wconf 81' lang='grc' dir='ltr'>Θεὸν</span> <span class='ocrx_word' id='word_1_855' title='bbox 1348 2334 1522 2374; x_wconf 79' lang='grc' dir='ltr'>ὁμολογοῦσιν</span> <span class='ocrx_word' id='word_1_856' title='bbox 1550 2335 1655 2374; x_wconf 84' lang='grc' dir='ltr'>εἰδέναι,</span> <span class='ocrx_word' id='word_1_857' title='bbox 1690 2344 1750 2369; x_wconf 73' lang='grc' dir='ltr'>τοῖς</span> <span class='ocrx_word' id='word_1_858' title='bbox 1773 2337 1801 2365; x_wconf 77' lang='grc' dir='ltr'><strong>δὲ</strong></span> <span class='ocrx_word' id='word_1_859' title='bbox 1831 2338 1923 2378; x_wconf 77' lang='grc' dir='ltr'>ἔργοις</span> 
     </span>
    </p>
   </div>
   <div class='ocr_carea' id='block_1_112' title="bbox 1097 2378 1924 2423">
    <p class='ocr_par' dir='ltr' id='par_1_112' title="bbox 1097 2378 1924 2423">
     <span class='ocr_line' id='line_1_112' title="bbox 1097 2378 1924 2423; baseline 0.005 -15"><span class='ocrx_word' id='word_1_860' title='bbox 1097 2379 1245 2420; x_wconf 76' lang='grc' dir='ltr'>ἀρνοῦνται.</span> <span class='ocrx_word' id='word_1_861' title='bbox 1268 2381 1328 2411; x_wconf 75' lang='grc' dir='ltr'>Πῶς</span> <span class='ocrx_word' id='word_1_862' title='bbox 1343 2378 1371 2407; x_wconf 81' lang='grc' dir='ltr'><strong>δέ</strong></span> <span class='ocrx_word' id='word_1_863' title='bbox 1389 2379 1442 2408; x_wconf 79' lang='grc' dir='ltr'>ἐστι</span> <span class='ocrx_word' id='word_1_864' title='bbox 1471 2381 1515 2408; x_wconf 83' lang='grc' dir='ltr'><strong>καὶ</strong></span> <span class='ocrx_word' id='word_1_865' title='bbox 1529 2380 1639 2409; x_wconf 80' lang='grc' dir='ltr'>ἀπίστου</span> <span class='ocrx_word' id='word_1_866' title='bbox 1668 2382 1789 2423; x_wconf 87' lang='grc' dir='ltr'>χείρων;</span> <span class='ocrx_word' id='word_1_867' title='bbox 1815 2378 1885 2412; x_wconf 56' lang='grc' dir='ltr'>υΟτι</span> <span class='ocrx_word' id='word_1_868' title='bbox 1902 2386 1924 2412; x_wconf 85' lang='grc' dir='ltr'>οἷ</span> 
     </span>
    </p>
   </div>
   <div class='ocr_carea' id='block_1_113' title="bbox 1098 2423 1923 2466">
    <p class='ocr_par' dir='ltr' id='par_1_113' title="bbox 1098 2423 1923 2466">
     <span class='ocr_line' id='line_1_113' title="bbox 1098 2423 1923 2466; baseline 0.006 -14"><span class='ocrx_word' id='word_1_869' title='bbox 1098 2423 1214 2462; x_wconf 73' lang='grc' dir='ltr'>ἄπιστοι,</span> <span class='ocrx_word' id='word_1_870' title='bbox 1246 2425 1268 2452; x_wconf 89' lang='grc' dir='ltr'><strong>εἰ</strong></span> <span class='ocrx_word' id='word_1_871' title='bbox 1297 2425 1340 2452; x_wconf 83' lang='grc' dir='ltr'><strong>καὶ</strong></span> <span class='ocrx_word' id='word_1_872' title='bbox 1375 2425 1413 2462; x_wconf 79' lang='grc' dir='ltr'>μὴ</span> <span class='ocrx_word' id='word_1_873' title='bbox 1436 2425 1554 2466; x_wconf 75' lang='grc' dir='ltr'>πάντων,</span> <span class='ocrx_word' id='word_1_874' title='bbox 1589 2428 1642 2454; x_wconf 84' lang='grc' dir='ltr'><strong>τῶν</strong></span> <span class='ocrx_word' id='word_1_875' title='bbox 1676 2430 1810 2466; x_wconf 79' lang='grc' dir='ltr'>συγγενῶν</span> <span class='ocrx_word' id='word_1_876' title='bbox 1829 2428 1923 2466; x_wconf 73' lang='grc' dir='ltr'>μέντοι</span> 
     </span>
    </p>
   </div>
   <div class='ocr_carea' id='block_1_114' title="bbox 1098 2467 1648 2510">
    <p class='ocr_par' dir='ltr' id='par_1_114' title="bbox 1098 2467 1648 2510">
     <span class='ocr_line' id='line_1_114' title="bbox 1098 2467 1648 2510; baseline 0.004 -13"><span class='ocrx_word' id='word_1_877' title='bbox 1098 2468 1236 2509; x_wconf 69' lang='grc' dir='ltr'>προνοοῦσι</span> <span class='ocrx_word' id='word_1_878' title='bbox 1252 2467 1293 2496; x_wconf 82' lang='grc' dir='ltr'>διὰ</span> <span class='ocrx_word' id='word_1_879' title='bbox 1313 2469 1456 2507; x_wconf 44' lang='grc' dir='ltr'>τὸν-νόμον</span> <span class='ocrx_word' id='word_1_880' title='bbox 1470 2472 1519 2504; x_wconf 81' lang='grc' dir='ltr'>τῆς</span> <span class='ocrx_word' id='word_1_881' title='bbox 1535 2471 1648 2510; x_wconf 80' lang='grc' dir='ltr'>φύσεως.</span> 
     </span>
    </p>
   </div>
   <div class='ocr_carea' id='block_1_115' title="bbox 1142 2601 1927 2643">
    <p class='ocr_par' dir='ltr' id='par_1_115' title="bbox 1142 2601 1927 2643">
     <span class='ocr_line' id='line_1_115' title="bbox 1142 2601 1927 2643; baseline 0.006 -13"><span class='ocrx_word' id='word_1_882' title='bbox 1142 2614 1155 2630; x_wconf 74' lang='grc' dir='ltr'>ι(</span> <span class='ocrx_word' id='word_1_883' title='bbox 1186 2603 1262 2642; x_wconf 80' lang='grc' dir='ltr'>Χήρα</span> <span class='ocrx_word' id='word_1_884' title='bbox 1304 2601 1499 2643; x_wconf 82' lang='grc' dir='ltr'>καταλεγέσθω,</span> <span class='ocrx_word' id='word_1_885' title='bbox 1543 2604 1582 2642; x_wconf 82' lang='grc' dir='ltr'><strong>μὴ</strong></span> <span class='ocrx_word' id='word_1_886' title='bbox 1625 2603 1734 2634; x_wconf 79' lang='grc' dir='ltr'>ἔλαττον</span> <span class='ocrx_word' id='word_1_887' title='bbox 1768 2606 1836 2635; x_wconf 79' lang='grc' dir='ltr'><strong>έτῶν</strong></span> <span class='ocrx_word' id='word_1_888' title='bbox 1863 2607 1927 2643; x_wconf 75' lang='grc' dir='ltr'><strong>ἑξή-</strong></span> 
     </span>
    </p>
   </div>
   <div class='ocr_carea' id='block_1_116' title="bbox 1099 2647 1927 2691">
    <p class='ocr_par' dir='ltr' id='par_1_116' title="bbox 1099 2647 1927 2691">
     <span class='ocr_line' id='line_1_116' title="bbox 1099 2647 1927 2691; baseline 0.007 -17"><span class='ocrx_word' id='word_1_889' title='bbox 1099 2658 1192 2685; x_wconf 86' lang='grc' dir='ltr'>κοντα,</span> <span class='ocrx_word' id='word_1_890' title='bbox 1235 2653 1360 2686; x_wconf 84' lang='grc' dir='ltr'>γεγονυῖα</span> <span class='ocrx_word' id='word_1_891' title='bbox 1403 2648 1460 2679; x_wconf 77' lang='grc' dir='ltr'>ἑνὸς</span> <span class='ocrx_word' id='word_1_892' title='bbox 1502 2647 1593 2688; x_wconf 78' lang='grc' dir='ltr'>ἀνδρὸς</span> <span class='ocrx_word' id='word_1_893' title='bbox 1635 2650 1714 2689; x_wconf 76' lang='grc' dir='ltr'>γυνὴ,</span> <span class='ocrx_word' id='word_1_894' title='bbox 1765 2651 1792 2678; x_wconf 78' lang='grc' dir='ltr'>ἐν</span> <span class='ocrx_word' id='word_1_895' title='bbox 1836 2651 1927 2691; x_wconf 73' lang='grc' dir='ltr'>ἔργοις</span> 
     </span>
    </p>
   </div>
   <div class='ocr_carea' id='block_1_117' title="bbox 1100 2691 1926 2735">
    <p class='ocr_par' dir='ltr' id='par_1_117' title="bbox 1100 2691 1926 2735">
     <span class='ocr_line' id='line_1_117' title="bbox 1100 2691 1926 2735; baseline 0.007 -16"><span class='ocrx_word' id='word_1_896' title='bbox 1100 2691 1194 2724; x_wconf 66' lang='grc' dir='ltr'>καλοῖς</span> <span class='ocrx_word' id='word_1_897' title='bbox 1251 2692 1461 2732; x_wconf 76' lang='grc' dir='ltr'>μαρτ›ρουμένη,</span> <span class='ocrx_word' id='word_1_898' title='bbox 1531 2694 1553 2721; x_wconf 87' lang='grc' dir='ltr'><strong>εἰ</strong></span> <span class='ocrx_word' id='word_1_899' title='bbox 1608 2693 1845 2735; x_wconf 61' lang='grc' dir='ltr'>ἐτεκνοτρόφησεν,</span> <span class='ocrx_word' id='word_1_900' title='bbox 1905 2699 1926 2725; x_wconf 81' lang='grc' dir='ltr'><strong>εἰ</strong></span> 
     </span>
    </p>
   </div>
   <div class='ocr_carea' id='block_1_118' title="bbox 1101 2735 1926 2780">
    <p class='ocr_par' dir='ltr' id='par_1_118' title="bbox 1101 2735 1926 2780">
     <span class='ocr_line' id='line_1_118' title="bbox 1101 2735 1926 2780; baseline 0.008 -17"><span class='ocrx_word' id='word_1_901' title='bbox 1101 2735 1301 2776; x_wconf 74' lang='grc' dir='ltr'>ἐξενοδόχησεν,</span> <span class='ocrx_word' id='word_1_902' title='bbox 1338 2738 1358 2764; x_wconf 80' lang='grc' dir='ltr'><strong>εἰ</strong></span> <span class='ocrx_word' id='word_1_903' title='bbox 1394 2737 1474 2776; x_wconf 70' lang='grc' dir='ltr'>ἁγίων</span> <span class='ocrx_word' id='word_1_904' title='bbox 1506 2737 1589 2770; x_wconf 80' lang='grc' dir='ltr'>πόδας</span> <span class='ocrx_word' id='word_1_905' title='bbox 1632 2739 1731 2780; x_wconf 71' lang='grc' dir='ltr'>ἔνιψεν,</span> <span class='ocrx_word' id='word_1_906' title='bbox 1770 2741 1792 2769; x_wconf 76' lang='grc' dir='ltr'><strong>εἰ</strong></span> <span class='ocrx_word' id='word_1_907' title='bbox 1831 2740 1926 2770; x_wconf 75' lang='grc' dir='ltr'>θλιϐο-</span> 
     </span>
    </p>
   </div>
   <div class='ocr_carea' id='block_1_119' title="bbox 1102 2780 1927 2823">
    <p class='ocr_par' dir='ltr' id='par_1_119' title="bbox 1102 2780 1927 2823">
     <span class='ocr_line' id='line_1_119' title="bbox 1102 2780 1927 2823; baseline 0.008 -15"><span class='ocrx_word' id='word_1_908' title='bbox 1102 2780 1192 2819; x_wconf 79' lang='grc' dir='ltr'>μένοις</span> <span class='ocrx_word' id='word_1_909' title='bbox 1228 2782 1385 2822; x_wconf 75' lang='grc' dir='ltr'>ἐπήρκεσεν,</span> <span class='ocrx_word' id='word_1_910' title='bbox 1418 2783 1438 2809; x_wconf 82' lang='grc' dir='ltr'><strong>εἰ</strong></span> <span class='ocrx_word' id='word_1_911' title='bbox 1481 2784 1558 2811; x_wconf 85' lang='grc' dir='ltr'>παντὶ</span> <span class='ocrx_word' id='word_1_912' title='bbox 1594 2783 1664 2823; x_wconf 77' lang='grc' dir='ltr'>ἔργῳ</span> <span class='ocrx_word' id='word_1_913' title='bbox 1702 2784 1793 2823; x_wconf 80' lang='grc' dir='ltr'>ἀγαθῷ</span> <span class='ocrx_word' id='word_1_914' title='bbox 1819 2785 1927 2819; x_wconf 74' lang='grc' dir='ltr'>ἐπηκο-</span> 
     </span>
    </p>
   </div>
  </div>
