1947 3079
215 143 272 176 179

780 147 983 180 (EGUMENII
1005 147 1152 178 TRICGIE
1173 148 1339 180 EPISCOPI

1847 143 1908 176 180

213 211 342 252 operari,
356 212 426 244 9'69
437 212 490 244 sed
501 217 530 245 et
542 213 697 245 mulieres.
709 213 804 245 Omne
817 215 896 244 enim
923 213 1032 244 malum

1116 213 1194 245 ιτοὺς
1224 213 1392 246 ἐπεισάκτους
1428 213 1521 253 ἄνδρας
1544 214 1726 254 λορηγοῦντας
1763 214 1860 243 αὖταῖς
1876 213 1910 240 τὰ

212 265 249 287 ex
264 256 324 287 otio
334 257 476 298 gignitur.
490 257 607 289 (Simul
627 261 657 288 et
677 258 778 289 otiosae
789 258 918 290 discunt.
932 271 945 287 ι
960 258 1036 295 Quo-

215 301 304 332 modo
320 306 419 334 autem
436 302 538 333 otiosae
561 302 679 333 discunt
693 302 708 332 ‘2
729 302 878 334 Habentes
892 303 1037 334 ascititios

212 345 292 377 viros
301 346 352 387 qui
363 348 405 378 eis
415 347 583 378 necessaria
595 347 905 387 suppeditenl,segnes
917 348 1037 388 quidem

212 394 281 421 sunt
288 391 325 421 ad
337 399 546 430 opera,curam
556 395 656 423 tamen
665 391 776 422 habent
783 393 888 424 utviris
897 393 1039 433 speciosae

213 435 468 467 videanturalmo
478 445 537 467 non
548 436 644 467 solum
654 436 820 474 otiosae,sed
830 436 1005 476 etgarrulaa.
1022 448 1034 466 ι

210 479 292 510 Mens
309 480 389 511 enim
403 480 490 511 nobis
505 481 542 511 ad
559 480 743 521 operandum
760 490 777 512 a
789 483 927 513 Creatore
942 481 1036 512 fabri-

216 527 280 555 cata
296 528 351 554 est.
362 524 420 556 Ubi
431 534 500 565 ergo
513 524 622 557 bonum
634 535 708 566 opus
717 526 745 557 ei
757 535 816 556 non
829 526 1036 557 subministra-

213 569 356 609 verimus,
370 569 434 610 ipsa
444 569 570 600 assumit
585 579 677 610 opera
691 570 832 602 absurda.

252 613 289 649 V,
306 613 405 645 14-16.
424 613 495 646 Volo
506 615 603 655 igitur
625 616 761 653 iuniores
785 615 905 653 nubere,
925 615 1036 647 liberos

210 666 313 698 gnere,
332 657 452 690 domum
471 659 703 700 administrare,
714 659 835 691 nullam
849 661 1035 691 occasionem

210 701 284 733 dare
308 702 483 734 adversario
502 707 535 734 ut
547 703 657 735 habeat
684 704 1033 736 maledicendicausam.

213 746 286 777 Jam
297 749 377 778 enim
390 747 541 779 nonnulla:
565 748 760 787 deﬂexerunt
785 753 852 789 post
873 749 1035 782 Satanam.

214 790 297 828 Quod
311 792 338 822 si
352 792 421 832 quis
434 792 544 832 ﬁdelis,
559 796 708 832 autsiqua
716 793 1036 833 ﬁdelishabetviduas,

1077 257 1142 296 πρὸς
1160 258 1265 297 χρείαν,
1300 261 1353 286 τῶν
1383 258 1432 296 μὲν
1460 258 1543 298 ἔργων
1574 258 1740 298 ρᾳθυμοῦσιν,
1768 257 1843 288 ὅπως
1883 256 1910 283 δὲ

1078 301 1244 342 εὖπρόσωποι
1282 309 1341 334 τοῖς
1383 302 1488 342 ἀνδράσι
1528 302 1648 341 δόξωσιν,
1700 302 1909 341 ἐπιμελοῦνται.

1081 355 1096 375 (
1111 347 1147 375 Οὐ
1168 347 1249 384 μόνον
1264 346 1290 375 δὲ
1313 347 1401 387 ἀργαὶ,
1431 347 1498 376 ἀλλᾶ
1526 349 1570 376 καὶ
1599 347 1719 388 φλύαροι.
1739 360 1752 376 »
1778 347 1909 386 Ἐνεργὺς

1079 391 1128 430 γὰρ
1143 392 1157 419 ὁ
1173 395 1231 432 νοῦς
1266 392 1335 429 ἡμῖν
1360 393 1431 431 παρὰ
1465 397 1511 422 τοῦ
1548 398 1716 432 Δημιουργοῦ
1743 391 1911 421 κατεσκεύα-

1080 447 1151 467 σται.
1177 431 1264 465 ιὈτιιιν
1278 436 1323 465 οὗν
1338 436 1409 474 αὖτῷ
1435 449 1473 475 μη
1501 436 1587 476 δῶμεν
1615 431 1737 477 ἐργασίαν
1765 436 1907 477 χρηστὴν,

1080 481 1158 512 αὐτὸς
1177 479 1384 518 ἐπιλαμϐάνεται
1399 481 1522 521 ἐργασίας
1538 481 1697 522 ἀτόπου[ς].

1121 624 1134 642 α
1165 613 1296 651 Βούλομαι
1333 614 1377 643 οὖν
1413 615 1540 655 νεωτέρας
1579 622 1689 655 γαμεῖν,
1720 623 1907 655 τεκιογονεῖν,

1077 657 1277 687 οἰκοδεσποτεῖν
1280 682 1289 696 ,
1349 659 1480 697 μηδεμίαν
1547 660 1671 700 ἆφορμςῆν
1724 659 1823 689 διδόναι
1869 664 1910 697 τῷ

1077 703 1251 741 ἀντικειμένῳ
1280 695 1427 743 λοιδορίας
1480 695 1578 744 χάριν..
1602 695 1693 739 ""1131,
1740 706 1790 745 γὰρ
1834 695 1907 736 τινες

1078 747 1258 787 ἐξετράπησαν
1282 749 1367 777 ὀπίσω
1397 754 1444 779 τοῦ
1479 753 1595 780 Σατανᾶ.
1627 750 1660 778 Εἴ
1695 761 1739 782 πις
1761 751 1862 782 πιστὸς
1885 751 1903 784 ἢ

1078 793 1159 826 πιστὴ
1187 792 1247 833 ἔχει
1296 794 1395 834 χήρας,
1450 794 1596 834 ἐπαρκείτω
1644 794 1750 835 αὐταῖς,
1786 796 1831 822 καὶ
1863 796 1905 832 μὴ

212 836 377 876 oeppeditet
391 835 467 877 illis,
484 840 513 868 et
527 845 590 868 non
617 840 759 868 oneretur
782 837 933 875 Ecclesia,
949 842 982 869 ut
999 838 1032 869 iis

1116 837 1205 876 ρείσθω
1235 838 1252 872 ἡ
1294 837 1451 878 Ἐκκλησία,
1490 838 1536 867 ἵνα
1575 845 1634 871 ταῖς
1677 838 1759 870 ὅντως
1795 840 1903 879 χήραις

213 888 281 920 quo:
295 889 366 912 vere
380 885 450 912 sunt
464 881 565 912 viduae
581 884 731 921 suppetat.

253 924 368 956 Bonum
380 925 500 966 quidem
509 926 614 957 fuisset
625 929 658 958 ut
666 936 737 968 quae
748 927 840 958 semel
848 928 923 958 inter
935 927 1036 959 viduas

217 969 330 1001 allectw
342 974 453 1008 essent,
470 980 529 1001 non
544 971 651 1002 lascive
666 976 788 1011 agerent
803 972 942 1003 adversus
955 972 1037 1004 Chri-

216 1017 305 1054 stum,
318 1024 415 1055 neque
424 1015 548 1056 primam
562 1015 650 1047 ﬁdem
662 1016 832 1056 rejicerent.
846 1016 955 1048 Verum
968 1017 1036 1057 quia

214 1058 270 1089 hoc
280 1059 402 1097 faciunt,
415 1059 529 1090 nubant
543 1070 549 1092 :
567 1060 680 1100 seipsas
695 1060 812 1092 Christo
828 1071 886 1092 non
903 1061 1036 1101 deSpon—

214 1103 313 1144 deant,
331 1107 360 1135 et
374 1104 414 1135 ita
441 1103 575 1136 nubant:
598 1105 653 1135 hoc
677 1105 758 1136 enim
789 1109 910 1146 peccato
939 1110 1034 1144 vacat,

212 1146 286 1178 illud
295 1157 364 1179 vero
375 1148 501 1189 impium
514 1153 594 1180 estet
605 1150 897 1182 scelestum.lllarum
907 1160 1036 1191 namque

213 1191 338 1223 inhiatio
355 1197 384 1223 et
398 1193 536 1224 socordia
550 1193 590 1224 ita
603 1199 758 1225 coercetur
772 1195 946 1226 exuberanti
962 1196 1035 1226 afﬂi-

212 1236 311 1268 ctione
326 1241 445 1269 etcura.
464 1250 474 1267 ι
488 1238 606 1269 Nullam
614 1239 801 1270 occasionem
817 1240 887 1270 dare
895 1240 1032 1271 adversa-

211 1280 268 1312 rio.
286 1293 297 1311 ι
315 1282 347 1313 Si
363 1283 442 1314 enim
458 1287 540 1313 recta
560 1283 725 1323 nupserint,
744 1293 803 1314 non
820 1285 902 1324 prius
917 1285 1034 1316 Christo

211 1326 408 1366 desponsatas,
422 1327 458 1358 ad
475 1327 674 1359 maledicendi
705 1328 894 1359 occasionem
921 1329 1035 1370 seipsas

212 1379 274 1401 non
289 1370 450 1403 deducent.
462 1372 528 1403 Non
542 1375 574 1402 ut
599 1371 665 1402 sine
689 1371 797 1403 timore
812 1373 908 1404 vivant
922 1373 1035 1406 nubere

212 1415 363 1456 praecepit,
381 1416 434 1447 sed
450 1421 481 1447 ut
495 1416 575 1448 curis
588 1425 710 1457 pressae,
736 1417 918 1457 prospiciant
933 1422 964 1449 ut
978 1418 1033 1450 de—

213 1463 317 1491 center
330 1461 441 1492 vivant.
462 1474 474 1488 «
487 1462 552 1492 Jam
563 1461 644 1492 enim
657 1461 807 1492 nonnullis
816 1461 1031 1495 deﬂexerunt.»

214 1503 312 1540 Quare
339 1508 440 1536 autem
484 1509 595 1537 tantam
632 1505 848 1537 observantiam
875 1506 954 1537 cirea
982 1501 1064 1538 hasC

211 1548 353 1588 habuisti,
364 1553 394 1580 et
402 1550 546 1590 majorem
561 1550 613 1590 qui
626 1550 704 1580 circa
730 1550 877 1589 virgines?
888 1550 962 1587 Quia
977 1551 1032 1590 Ιιεε,

211 1591 319 1633 inquit,
346 1593 533 1625 occasionem
559 1593 718 1632 dederunt,
749 1594 942 1626 deﬁectentes
969 1600 1034 1636 post

212 1636 360 1669 Satanam.
379 1637 452 1670 Nam
468 1639 531 1670 haec
546 1638 623 1676 dico,
641 1638 747 1679 inquit,
767 1648 825 1669 non
854 1644 958 1671 utnon
975 1640 1034 1672 sint

211 1681 306 1713 vidua;
313 1683 459 1722 juniores,
472 1683 524 1714 sed
536 1683 649 1714 ueritus
661 1693 698 1715 ne
707 1683 855 1714 Christum
864 1684 1029 1724 rejicerem,

213 1739 227 1754 α
245 1726 327 1763 Quod
335 1728 360 1759 si
369 1728 434 1768 quis
447 1728 556 1759 ﬁdelis.
572 1740 586 1756 ι>
600 1729 693 1760 Recte
700 1728 772 1759 dicit
786 1737 793 1759 :
805 1728 834 1760 Si
846 1729 911 1769 quis
924 1729 1030 1768 ﬁdelis,

209 1775 260 1803 aut
274 1771 300 1803 si
311 1781 368 1813 qua
381 1772 489 1805 ﬁdelis.
519 1773 594 1804 Nam
623 1772 649 1803 si
678 1772 816 1804 inﬁdeles
845 1778 956 1814 essent,
974 1784 1033 1805 non

209 1820 363 1857 oporteret
376 1821 408 1848 ut
420 1816 456 1848 ab
470 1817 514 1849 eis
527 1817 689 1854 alerentur,
706 1826 743 1848 ne
751 1817 1034 1850 viderenturﬁdeles

208 1870 297 1901 egere
325 1861 509 1894 inﬁdelibus.
536 1864 684 1894 Praeterea
699 1871 818 1903 quoque
833 1861 1033 1902 legislationes

207 1906 274 1938 illos
284 1911 470 1938 conccrnunt
486 1907 537 1948 qui
548 1907 621 1948 ipsis
636 1911 752 1947 parent,
764 1916 823 1937 non
835 1916 888 1938 eos
899 1907 949 1948 qui
965 1908 1033 1939 sub-

203 1951 276 1991 jecti
292 1961 352 1982 non
380 1956 460 1984 sunt.
493 1965 505 1980 1
522 1951 699 1993 Suppeditet
723 1952 792 1983 illis.
812 1964 823 1981 ο
844 1952 919 1984 Rem
943 1952 1031 1984 faciat

207 2005 273 2036 qua
280 1996 404 2028 minime
415 1996 485 2027 240
496 1997 592 2037 gravis
599 2006 665 2028 esse
680 1996 782 2028 debet.
804 1997 862 2027 Per
874 1996 929 2027 hoc
951 1997 1029 2028 enim

206 2041 285 2080 quod
301 2041 351 2078 ait,
370 2042 528 2082 ἐπαρκείτω,
544 2041 574 2072 id
603 2045 660 2082 est,
686 2040 866 2082 suppeditet,
890 2050 1030 2072 necessa-

209 2085 286 2116 rium
302 2086 478 2126 signiﬁcavit
505 2087 692 2118 alimentum.
723 2098 734 2114 «
753 2085 789 2116 Et
815 2095 873 2115 non
890 2089 1031 2117 oneretur

1077 881 1210 921 ἐπαρκέσῃ
1216 905 1224 913 ,
1242 894 1255 910 ι)

1117 927 1153 955 Τὸ
1167 926 1216 963 μὲν
1230 925 1312 954 καλὸν
1325 926 1370 966 ἧν,
1400 926 1468 959 ἅπαξ
1495 932 1556 958 ταῖς
1582 927 1682 966 χήραις
1710 926 1903 966 καταλεγείσας

1077 970 1115 1007 μὴ
1149 974 1342 1010 καταστρηνιᾷν
1379 976 1426 1001 τοῦ
1459 971 1581 1011 Χριστοῦ,
1621 970 1689 1009 μηδέ
1717 972 1822 1000 ἀθετεῖν
1852 972 1904 1005 τὴν,

1076 1014 1184 1055 πρώτην
1199 1016 1296 1047 πίστιν.
1326 1015 1434 1050 Ἐπειδὴ
1464 1015 1492 1044 δὲ
1522 1020 1599 1045 τοῦτο
1630 1017 1744 1052 ποιοῦσι,
1762 1017 1902 1055 γαμείτω-

1077 1071 1137 1097 σαν,
1151 1060 1195 1088 καὶ
1223 1061 1263 1098 μὴ
1285 1061 1506 1100 κατεγγυάτωσαν
1535 1061 1629 1094 ἑαυτὰς
1657 1064 1696 1098 τῷ
1722 1064 1838 1099 Χριστῷ,
1857 1062 1907 1089 καὶ

1078 1104 1161 1136 οὕτως
1175 1106 1352 1144 γαμείτωσαν.
1383 1106 1419 1134 Τὸ
1447 1106 1496 1144 μὲν
1525 1106 1575 1145 γὰρ
1603 1105 1800 1145 ἀναμάρτητον,
1831 1106 1864 1134 τὸ
1881 1105 1904 1134 δ’

1078 1149 1193 1180 ἀνόσιον.
1216 1151 1251 1179 Τὸ
1273 1151 1322 1189 γὰρ
1350 1151 1467 1190 κεχηνὸς
1489 1151 1575 1178 αὐτῶν
1599 1150 1643 1178 καὶ
1677 1150 1805 1188 ῥῄθδμον,
1830 1151 1904 1179 οὕτω

1077 1198 1139 1233 γοῦν
1168 1194 1386 1234 καταστέλλεται,
1428 1198 1462 1233 τῇ
1511 1194 1683 1234 περισσοτέρᾳ
1725 1194 1811 1232 θλίψει
1855 1196 1903 1223 καὶ

1076 1239 1199 1281 φροντίδι.
1240 1251 1257 1282 ς.
1284 1240 1420 1279 Μηδεμίαν
1448 1241 1569 1282 ἀφορμὴν
1597 1239 1693 1269 διδόναι
1721 1244 1760 1278 τῷ
1785 1241 1903 1269 ἀντικει-

1076 1276 1158 1323 μένῳ,
1199 1296 1211 1314 α
1244 1276 1285 1314 Th
1315 1276 1364 1325 γὰρ
1387 1285 1412 1318 ἐς
1442 1276 1520 1325 ὄρθου
1544 1286 1686 1324 γαμήσωσι
1718 1276 1756 1323 μη
1771 1286 1901 1325 πρότερον

1077 1329 1170 1362 ἑαυτὰς
1200 1333 1306 1369 Χριστῷ
1351 1331 1578 1369 κατεγγυήσασαι,
1620 1330 1666 1357 οὐκ
1701 1330 1737 1361 εὶς
1772 1330 1901 1369 ἆιρορμὴν

1076 1372 1204 1413 λοιδορίας
1235 1374 1349 1407 ἥξουσιν.
1380 1375 1437 1414 Οὐχ
1465 1374 1511 1402 ἵνα
1540 1373 1568 1402 δὲ
1593 1373 1676 1405 ἀδεῶς
1704 1374 1780 1411 ζῶσι,
1798 1382 1903 1413 γαμεῖν

1076 1417 1242 1457 προσέταξεν,
1261 1418 1320 1447 ἀλλ’
1350 1418 1396 1446 ἵνα
1438 1425 1498 1451 ταῖς
1533 1419 1649 1459 φροντίσι
1676 1419 1899 1462 γυῦνυπιεζόμε-

1076 1474 1128 1502 ναι,
1160 1466 1206 1491 τοῦ
1245 1464 1362 1501 κοσμίως
1411 1466 1457 1502 ζῇν
1485 1464 1680 1503 προνοήσωσιν.
1701 1474 1715 1490 ι
1755 1462 1813 1497 Ηδη
1848 1466 1901 1503 γὰρ

1075 1518 1143 1540 τινες
1158 1507 1345 1547 ἐξετράπησαν.
1367 1519 1378 1537 ι
1405 1509 1454 1537 Διὰ
1479 1507 1549 1536 τίδὲ
1577 1508 1707 1541 τοσαύτην
1736 1507 1901 1548 παραφυλα-

1075 1553 1125 1586 κὴν
1141 1553 1200 1592 περὶ
1214 1554 1298 1582 αὐτῶν
1327 1553 1456 1590 ἐποιήσω,
1481 1553 1524 1580 καὶ
1555 1552 1639 1581 πλείω
1668 1552 1735 1591 ⁴ἤπερ
1765 1553 1807 1580 ἐπὶ
1844 1556 1899 1581 τῶν

1075 1596 1232 1637 παρθένωνς
1267 1592 1330 1626 εὈτι
1352 1597 1438 1636 αὐταὶ,
1468 1598 1543 1638 φησὶ,
1568 1597 1618 1630 τὴν
1639 1597 1762 1636 ἀφορμὴν
1777 1596 1899 1626 δεδώκα-

1076 1653 1117 1670 σιν
1149 1641 1313 1681 ἐκτραπῆσαι
1356 1641 1441 1670 ὀπίσω
1483 1645 1528 1669 τοῦ
1568 1644 1684 1672 Σατανᾶ.
1716 1644 1804 1670 Ταῦτα
1833 1643 1898 1681 γὰρ,

1076 1686 1150 1726 φησὶ,
1167 1686 1250 1726 λέγω,
1266 1686 1318 1726 οὔχ
1338 1685 1384 1714 ἵνα
1414 1686 1452 1724 μὴ
1479 1687 1529 1713 ὦσι
1554 1686 1678 1725 νεώτεραι
1708 1689 1806 1726 χῆραι,
1830 1686 1901 1715 ἀλλὰ

1076 1729 1197 1762 δεδοικὼς
1221 1731 1259 1768 μὴ
1288 1732 1333 1758 τὸν
1362 1731 1472 1770 Χριστὸν
1500 1730 1661 1765 ἆθετήσωσι,
1687 1741 1698 1758 ι
1723 1730 1756 1758 Εἴ
1785 1742 1827 1763 τις
1849 1743 1900 1760 πι-

1076 1775 1148 1807 στός,
1169 1786 1180 1804 ι)
1201 1774 1294 1807 Καλῶς
1319 1776 1360 1806 τὸ,
1388 1776 1482 1807 Πιστὸς
1511 1774 1529 1809 ἢ
1558 1775 1651 1808 πιστὴ,
1688 1775 1717 1803 Εἰ
1744 1776 1794 1815 γὰρ
1831 1776 1902 1809 ἦσαν

1075 1820 1192 1856 ἄπιστοι,
1221 1821 1267 1848 οὒκ
1295 1819 1345 1848 ἔδει
1373 1820 1436 1859 παρ’
1464 1820 1549 1848 αὐτῶν
1590 1819 1755 1863 τρέφεσθαικ,
1774 1820 1821 1848 ἵνα
1858 1822 1900 1858 μὴ

1075 1863 1167 1898 δόξωσι
1183 1864 1282 1893 δέεσθαι
1313 1865 1338 1892 αἱ
1365 1865 1455 1892 πισταὶ
1490 1866 1541 1891 τῶν
1578 1864 1706 1893 ἀπίστων.
1753 1863 1847 1897 Λλλως
1872 1865 1901 1894 δΞ

1074 1909 1117 1937 καὶ
1132 1909 1196 1949 πρὸς
1212 1909 1273 1940 τοὺς
1288 1909 1457 1946 πειθομένους
1486 1909 1511 1936 αἶ
1541 1908 1701 1946 νομοθεσίαι,
1733 1909 1763 1936 οὗ
1790 1910 1853 1941 τοὺς
1871 1911 1902 1938 οὗ

1074 1953 1308 1992 πεισθησομένους,
1349 1965 1362 1981 ι
1379 1952 1541 1993 Ἐπαρκείτω
1588 1954 1693 1984 αὐταῖς,
1732 1963 1747 1982 )
1786 1952 1903 1993 Ἀϐαρὲς

1072 1999 1179 2027 ποιείτω
1208 1999 1238 2027 τὸ
1268 2001 1388 2037 πρᾶγμα.
1421 1998 1470 2026 Διὰ
1496 1998 1546 2037 γὰρ
1573 2001 1630 2034 τοῦ,
1660 1997 1818 2038 ἐπαρκείτω,
1848 2000 1903 2032 τὴν

1072 2042 1215 2082 ἀναγκαίαν
1251 2042 1368 2077 ἐδήλωσε
1393 2043 1503 2082 τροφήν.
1540 2052 1551 2070 α
1571 2043 1619 2071 Καὶ
1645 2042 1699 2079 μὴν
1726 2043 1856 2081 βαρείσθω
1883 2045 1901 2077 ἡ

1072 2087 1228 2121 Ἐκκλησία.
1246 2096 1261 2117 )
1296 2082 1383 2115 ιὨστε
1413 2089 1435 2115 οἱ
1461 2088 1549 2115 πιστοὶ
1578 2086 1713 2126 τρέφοντες
1733 2087 1779 2119 τὰς
1795 2087 1902 2117 ἑαυτῶν

203 2128 349 2161 Ecclesia.
366 2141 380 2161 ›
399 2130 500 2172 Itaque
516 2130 611 2162 ﬁdelis
635 2129 687 2172 qui
711 2139 779 2161 suas
805 2129 888 2160 alunt
913 2129 1028 2171 viduas,

1116 2143 1169 2171 ρας,
1202 2133 1244 2160 καὶ
1287 2139 1348 2164 ταῖς
1375 2134 1423 2165 τῆς
1447 2131 1607 2164 Ἐκκλησίας
1649 2132 1748 2171 χήραις
1777 2131 1899 2169 συμϐάλ-

207 2172 295 2204 eliam
311 2174 452 2207 Ecclesiae
462 2175 694 2216 viduasjuvant:
712 2174 954 2216 quandoquidem
970 2184 1030 2206 non

204 2219 464 2257 gravataEcelesia
485 2220 607 2252 uberius
622 2220 680 2251 alet
690 2229 762 2260 quas
772 2219 835 2260 alit,
848 2228 955 2259 nempe
965 2229 1030 2260 quae

202 2272 272 2295 vere
282 2269 352 2297 sunt
362 2265 469 2303 viduae,
484 2266 542 2296 hoc
554 2265 723 2305 est.quibus
733 2264 832 2295 nullus
841 2267 961 2304 praeest,
976 2264 1028 2295 sed

203 2308 343 2341 desolatae
353 2315 433 2343 sunt.
452 2322 462 2337 ι
473 2310 510 2342 Ut
522 2309 559 2340 iis
571 2319 636 2350 quae
647 2318 716 2340 vere
725 2313 795 2341 sunt
805 2308 899 2339 viduae
914 2317 1027 2349 suppe-

203 2357 253 2385 tat.
269 2366 280 2385 o
297 2356 373 2387 Vere
385 2355 480 2387 viduae
489 2364 554 2396 quae
563 2353 697 2395 undique
712 2353 848 2385 dcsertae‘
865 2357 941 2383 sunt.
953 2352 1025 2384 Nam

201 2399 252 2440 qui
268 2400 324 2432 hoc
331 2400 410 2438 facit,
419 2410 480 2432 non
488 2401 584 2431 solum
597 2399 649 2430 alit
663 2408 751 2440 quam
763 2398 827 2436 alit,
851 2398 902 2428 sed
914 2398 1026 2429 etreli-

201 2445 267 2485 quis
291 2445 415 2477 multum
441 2445 569 2485 confert,
600 2444 671 2475 dum
689 2443 805 2475 occasio
837 2446 892 2480 est,
908 2447 940 2473 ut
967 2442 1026 2474 illis

200 2488 403 2522 abundantius
415 2490 634 2531 suppeditetur.

506 2533 629 2566 CAPUT
651 2533 715 2565 X11.

396 2579 441 2612 De
451 2580 695 2621 presbyterorem
711 2578 833 2610 honore.

220 2623 253 2662 V,
261 2624 367 2656 17-21.
373 2625 432 2663 Qui
441 2625 515 2657 bene
520 2623 961 2665 praesuntpresbyteri,duplici
969 2622 1024 2654 ho-

195 2669 720 2710 noredigm‘habeanturmaximeii
727 2668 782 2708 qui
787 2668 924 2699 laborant
931 2668 963 2699 in
972 2676 1027 2699 ser-

194 2722 284 2745 mone
291 2715 475 2746 etdoctrina.
482 2714 565 2746 Dicit
575 2713 829 2753 enimScriptura:
840 2714 903 2744 Non
911 2712 1024 2753 obliga-

196 2758 240 2790 bis
247 2767 280 2790 os
287 2759 356 2793 bovi
363 2759 718 2798 trituranti.Et:Dignus
727 2762 771 2789 est
778 2758 936 2798 operam'us
943 2766 1025 2788 mer-

194 2803 494 2838 cedesua.Adversus
499 2805 646 2836 seniorem
653 2811 689 2834 ne
697 2802 854 2834 admiseris
862 2803 1028 2835 accusatio—

1071 2176 1161 2205 λονται
1180 2200 1186 2207 ,
1202 2179 1248 2204 οἷα
1263 2175 1296 2210 δὴ
1325 2177 1363 2214 μὴ
1392 2176 1556 2214 βαρωμένης
1586 2177 1634 2209 τῆς
1661 2175 1835 2213 Ἐκκλησίας,
1851 2180 1900 2205 καὶ

1071 2220 1112 2249 διὰ
1146 2224 1223 2249 τοῦτο
1252 2221 1431 2260 ἀφθονώτερον
1460 2221 1618 2260 τρεφούσης,
1647 2220 1677 2252 ἃς
1706 2220 1806 2261 τρέφει,
1847 2222 1898 2254 τὰς

1070 2265 1150 2299 ὄντως
1169 2265 1270 2300 δηλαδὴ
1301 2267 1400 2306 χήρας,
1431 2266 1550 2295 τουτέστι
1579 2266 1626 2298 τὰς
1655 2265 1897 2305 ὰπροστατεύτους,

1069 2312 1112 2339 καὶ
1127 2311 1328 2349 μεμονωμένοις,
1349 2322 1362 2338 α
1387 2305 1406 2317 ῃ
1422 2316 1463 2339 Iv:
1478 2317 1538 2343 ταῖς
1560 2310 1643 2342 ὅντως
1658 2311 1773 2350 χήραις.
1794 2323 1804 2338 ι
1827 2306 1898 2341 εὈν-

1068 2366 1121 2388 τως
1145 2358 1229 2395 χῆραι
1279 2356 1304 2383 αἱ
1349 2356 1476 2384 πάντοθεν
1519 2355 1626 2394 ἔρημοι.
1677 2352 1705 2383 ιΟ
1731 2356 1780 2394 γὰρ
1815 2360 1897 2385 τοῦτο

1068 2400 1163 2437 ποιῶν,
1183 2401 1272 2440 φησὶν,
1288 2402 1317 2430 οὒ
1332 2400 1413 2437 μόνον
1437 2400 1471 2433 ἣν
1498 2399 1597 2440 τρέφει,
1635 2399 1734 2440 τρέφει,
1764 2399 1835 2428 ἀλλὰ
1850 2403 1897 2429 καὶ

1067 2451 1128 2476 ταῖς
1164 2444 1272 2478 λοιπαῖς
1315 2444 1382 2473 πολὺ
1424 2443 1612 2482 συμϐάλλεται,
1661 2443 1761 2476 πλάτος
1797 2445 1896 2478 αὕταῖς

1068 2489 1210 2528 προξενῶν,
1559 2529 1564 2538 Ι

1378 2538 1503 2564 ΚΕΦΑΛ.
1522 2538 1552 2562 lB
1568 2557 1575 2566 .

1264 2590 1278 2606 α
1302 2580 1363 2618 Περὶ
1377 2577 1558 2618 πρεσϐυτέρων
1573 2580 1665 2616 τιμῆς.
1684 2589 1697 2607 ι

1111 2636 1124 2651 τι
1155 2625 1184 2653 Οἱ
1219 2623 1308 2655 καλῶς
1350 2627 1514 2663 προεστῶτες
1561 2622 1742 2663 πρεσϐύτεροι,
1793 2623 1892 2658 διπλῆς

1065 2671 1147 2706 τιμῆς
1189 2667 1374 2701 ἀξιούσθωσαν,
1425 2667 1545 2696 Μάλιστα
1588 2669 1611 2696 οἱ
1658 2669 1805 2700 κοπιῶντες
1863 2669 1892 2698 ἐν

1066 2712 1138 2752 λόγῳ
1172 2713 1214 2741 καὶ
1243 2711 1406 2748 διδκσκκλξι.
1445 2713 1521 2751 Λέγει
1550 2713 1599 2752 γὰρ
1634 2713 1651 2746 ἡ
1680 2713 1794 2752 Persi
1824 2717 1892 2742 Βτδν

1067 2758 1188 2786 ἀλοῶντα
1222 2759 1250 2786 οὗ
1284 2758 1425 2796 φιμώσεις.
1457 2758 1517 2797 Καὶ,
1560 2757 1635 2790 Λξιος
1663 2758 1677 2785 ὁ
1706 2757 1818 2796 ἐργὶτης
1844 2766 1892 2790 τοῦ

1069 2804 1161 2841 μισθσό
1201 2804 1291 2831 diros.
1333 2803 1404 2830 Κατὰ
1433 2800 1606 2841 πρεσϐυτέρου
1642 2803 1802 2841 κατηγορίαν
1849 2806 1890 2841 μὴ
