1947 3079
216 140 275 174 175

217 255 555 296 niam,inquit,inajores
567 259 596 286 te
607 254 767 296 quaevidua
780 263 811 285 es
827 256 1037 294 provexerunt,

216 303 246 330 et
257 299 300 331 tui
315 309 416 331 curam
432 300 620 332 habuerunt:
654 304 685 331 tu
701 309 772 339 ergo
789 308 855 330 cum
873 299 931 329 illis
944 297 1039 328 vicem

215 344 383 385 rependere
393 348 608 385 nequeas,sunt
619 345 699 375 enim
711 344 819 375 mortui
833 353 839 375 :
854 353 907 384 per
920 343 962 374 ill.
972 351 1038 373 rum

217 393 352 430 nepotes,
368 393 436 420 tuos
450 393 547 421 autem
559 389 682 428 liberos,
699 389 794 420 vicem
815 388 874 419 illis
893 386 1037 428 repende,

218 433 266 464 his
281 433 378 474 gratia
385 433 517 465 reddens
529 434 668 474 quasillis
683 433 868 465 debebas.-
884 433 956 464 Alio
969 440 1038 471 quo«

218 486 275 516 que
285 478 383 510 modo.
396 478 439 508 Ad
455 487 490 509 ea
503 478 612 510 verba:
627 478 746 509 Discant
761 478 846 508 liberi
867 481 896 508 et
916 479 1040 516 nepotes

219 522 347 562 primum
360 522 488 553 domum
508 523 656 563 propriam
672 522 719 563 pie
743 526 886 553 tractare:
911 522 967 552 hoc
983 524 1037 552 est.

218 565 339 597 Discant
349 566 438 597 liberi
447 570 482 598 τοι
492 570 614 607 nepotes
630 571 759 598 'matrem
778 566 928 607 propriam
943 566 1038 596 hono-

219 619 287 642 rare
297 614 326 642 et
335 611 416 642 alere
425 620 460 642 ac
468 611 512 642 illi
523 611 712 643 benefacere.
721 611 794 642 Nam
805 612 862 642 hoc
873 610 1019 650 signiﬁcat
1031 619 1038 638 :

219 657 274 688 Pie
287 661 425 696 tractare,
447 661 485 688 “et
508 657 680 698 majoribus,
709 658 766 688 hoc
795 662 838 689 est
853 657 934 688 avize.
952 655 1042 687 Addit

220 710 339 742 quoque
353 701 390 732 ad
405 702 564 740 rationem,
577 703 655 742 quod
670 703 725 733 hoc
741 702 801 733 Deo
817 702 857 733 sit
871 704 1038 741 acceptum.

225 757 236 774 ι
255 746 347 777 Porro
364 751 430 787 quae
441 755 510 778 vere
523 747 610 778 vidua
621 751 678 779 est.
696 759 709 775 ι
728 746 872 783 Quoniam
887 745 977 785 jussit
992 754 1041 775 eas

222 789 365 822 honorari
380 798 446 832 qua:
460 801 531 822 vere
545 795 615 822 sunt
625 791 731 829 vidum,
749 791 821 822 dicit
838 800 918 821 nunc
937 789 1041 830 quales

220 839 289 866 sunt
302 844 372 866 vere
386 835 490 874 viduae,
507 835 598 867 veluti
613 835 761 866 narrando
775 834 948 867 describens
962 833 1038 864 illas.
1052 850 1071 874 Β

221 877 388 910 Desolatam
404 882 502 911 autem
519 879 590 910 dicit
605 883 635 911 et
655 889 671 910 a
686 879 754 911 ﬁliis
780 885 809 910 et
837 889 853 910 a
869 877 1038 918 nepotibus.

225 934 236 952 α
255 923 291 954 Ει
305 928 478 964 perseverat
492 924 523 954 in
540 923 806 956 obsecrationibus.
825 936 838 951 ››
856 923 923 954 Haec
942 922 1042 962 itaque

221 977 292 999 vere
303 968 394 999 vidua
403 972 448 1000 est
463 977 529 1010 qua;
541 973 642 1009 sperat
652 969 683 1000 in
695 968 821 1000 Domino
831 973 859 999 et
874 971 1042 1008 perseverat

223 1012 253 1044 in
269 1013 536 1044 obsecrationibus.
547 1012 693 1049 Quoniam
707 1013 786 1044 enim
798 1013 834 1044 ab
849 1014 979 1044 humano
991 1011 1041 1042 de-

223 1057 494 1098 serta‘est'auxilio,
503 1059 609 1089 merito
622 1058 659 1089 ad
671 1058 764 1089 Deum
777 1058 936 1097 confugita
950 1057 1042 1088 Caete-

223 1106 373 1143 rum‘quae
387 1102 418 1134 in
429 1102 545 1134 deliciis
573 1106 716 1140 versatur,
748 1112 783 1134 ea
797 1103 898 1133 vivens
926 1105 1042 1132 mortua

223 1149 278 1178 est.
293 1159 307 1175 ι
324 1146 476 1187 Siquidem
492 1147 561 1188 quia
576 1147 674 1178 multa
698 1147 869 1179 viduitatem
885 1146 996 1185 eligunt
1011 1149 1043 1175 ut

222 1192 328 1232 majori
341 1192 637 1223 auctoritate'faciant
663 1202 728 1233 quae
749 1202 808 1224 non
833 1195 960 1233 oportet,
978 1190 1038 1221 ait:

222 1235 298 1272 Qu‘te‘
307 1236 338 1267 in
348 1235 465 1267 deliciis
477 1240 622 1275 versatur,
639 1237 670 1267 id
692 1240 747 1274 est,
765 1237 905 1268 deliciose
920 1234 990 1275 agit,
1008 1243 1043 1265 ea

221 1280 324 1312 vivens
339 1284 456 1312 mortua
470 1285 524 1312 est.
542 1281 694 1317 Quomodo
705 1284 720 1313 Ἰ
743 1281 817 1317 Quia
841 1280 972 1322 presenti
985 1279 1043 1309 vita

222 1325 339 1357 videtur
347 1325 464 1357 vivere:
481 1325 534 1357 sed
546 1327 633 1357 vitam
651 1326 748 1366 perdit
762 1331 915 1357 aeternam.
929 1326 1043 1356 Mortua

224 1373 348 1409 estergo
364 1379 417 1410 per
431 1374 597 1410 peccatum,
614 1374 755 1411 quantum
783 1370 818 1401 ad
844 1369 924 1400 illam
940 1369 1040 1399 vitam.

228 1424 242 1443 ‹
250 1413 293 1444 'Et
302 1414 365 1445 liae
371 1414 511 1456 praecipe.
526 1427 536 1442 ι
545 1414 636 1446 Vides
647 1414 725 1455 quod
737 1424 801 1445 rem
817 1414 893 1444 hanc
904 1417 1043 1453 tanquam

226 1458 322 1497 legem
334 1463 400 1489 esse
413 1458 484 1490 velit
509 1459 525 1489 εν
541 1458 607 1490 Non
630 1459 709 1490 enim
731 1460 800 1489 257
826 1458 999 1489 adhortatur
1014 1459 1046 1486 ut

226 1502 334 1542 eligant
348 1510 408 1534 non
423 1509 529 1535 vaeare
544 1503 659 1535 deliciis
669 1504 721 1535 sed
738 1508 876 1544 tanquam
889 1504 1042 1543 peccatum

227 1551 314 1579 vetat.
333 1560 347 1576 α
365 1548 448 1585 Quod
462 1548 488 1579 si
498 1554 555 1589 qna
577 1548 650 1580 suis.
666 1560 681 1577 ι
704 1547 771 1579 Non
794 1547 902 1579 sufﬁcit
916 1554 1045 1587 namque

227 1591 264 1623 ad
289 1593 414 1624 salutem
439 1593 559 1634 propria
587 1597 698 1624 tantum
727 1593 828 1629 virtus.
856 1592 912 1622 nisi
927 1591 965 1622 de
979 1590 1046 1621 aliis

227 1636 315 1668 etiam
331 1647 431 1669 curam
449 1637 566 1669 habeat.
583 1637 626 1669 De
642 1637 729 1668 vidua
756 1641 853 1668 autem
868 1637 931 1667 haec
947 1635 1019 1666 dicit
1038 1645 1043 1664 :

227 1690 296 1727 suos
306 1691 378 1727 vero
404 1682 534 1727 appellat
562 1682 613 1722 qui
642 1691 753 1719 genere
770 1690 835 1712 eam
858 1681 1044 1727 contingunt.

227 1724 381 1766 Siquidem
399 1724 544 1766 contingit
564 1735 635 1757 suos
662 1735 728 1757 esse
751 1730 820 1766 puta
845 1726 968 1762 amicos,
987 1733 1046 1755 non

220 1771 325 1802 'antem
341 1771 431 1803 etiam
443 1770 632 1809 domesticos,
645 1770 738 1802 Debet
757 1771 856 1810 itaque
869 1770 930 1801 suis
942 1769 1045 1810 provi-

228 1815 311 1854 dere,
329 1816 455 1847 maxime
465 1819 563 1846 autem
575 1815 746 1847 domesticis
758 1815 847 1855 :quod
861 1824 919 1846 non
930 1814 1000 1846 facit
1012 1823 1047 1844 ea

231 1870 296 1901 quae
310 1856 469 1892 in'deliEiis
480 1865 623 1899 versatur,
637 1860 709 1892 solis
721 1860 837 1891 deliciis
851 1860 983 1891 animum
997 1860 1046 1890 ad-

228 1904 347 1937 hibens.
367 1904 432 1936 (Et
447 1905 574 1936 maxime
588 1905 791 1939 domesticis.)
815 1904 882 1936 Suis
894 1909 922 1936 et
939 1905 1045 1935 dome-

228 1949 310 1981 sticis
322 1949 466 1990 providet,
482 1950 533 1990 qui
547 1959 606 1980 non
618 1949 712 1980 solum
727 1958 826 1980 curam
839 1949 929 1980 habet
943 1958 1046 1980 eorum

228 1994 278 2035 qui
289 1992 491 2036 aliquoimodo
503 1996 688 2034 contingunt,
702 1994 754 2026 sed
763 1998 792 2025 et
807 1994 853 2024 Sui
864 1994 968 2034 ipsius,
981 2003 1046 2034 pro-

228 2037 497 2080 prios'amputando
505 2039 640 2070 a'ﬂ‘ectus.
652 2039 695 2070 Ita
701 2039 839 2070 Clemens
847 2039 973 2079 septimo
998 2039 1049 2070 In-

228 2083 674 2123 /ormatz‘onum:Providentiam
681 2083 844 2114 sivecuram
852 2083 921 2114 dicit
931 2087 959 2114 et
967 2083 1048 2114 illam

229 2127 512 2168 quaecircaani’mam
519 2132 564 2160 est
573 2132 672 2168 etquae
683 2128 761 2159 circa
773 2137 882 2168 corpus
915 2141 926 2155 α
944 2127 1047 2159 Fidem

230 2174 375 2213 negavit.»
386 2173 421 2204 Et
430 2172 579 2214 quomodo
589 2182 623 2204 ea
634 2173 738 2212 quazin
747 2173 863 2204 deliciis
870 2176 1049 2210 versatur,et

229 2217 291 2249 suis
302 2227 336 2249 ac
343 2217 513 2249 domesticis
520 2227 579 2248 non
589 2217 826 2258 providel,ﬁdem
836 2217 964 2257 negavit?
975 2217 1049 2253 Quia

229 2263 339 2294 dictum
349 2264 393 2294 est
402 2262 498 2303 inquit
511 2273 517 2293 :
531 2262 565 2293 Et
577 2262 756 2293 domesticos
768 2262 818 2302 qui
826 2262 863 2292 de
872 2261 986 2292 semine
1000 2265 1048 2292 tuo

230 2306 302 2338 sunt
314 2317 352 2338 ne
360 2306 520 2347 despicias.
532 2306 615 2343 Quod
636 2306 661 2337 si
678 2307 772 2337 Deum
793 2306 903 2337 videris
924 2316 982 2337 non
996 2315 1048 2336 ne-

230 2352 340 2390 gare,si
347 2354 445 2382 tamen
453 2351 536 2391 leges
545 2351 609 2391 ejus
619 2350 858 2390 transgrederis,i
863 2360 948 2392 psum
957 2352 1048 2381 Deum

230 2396 354 2436 negasti.
371 2395 484 2426 Dictum
502 2399 547 2426 est
570 2395 650 2426 enim
667 2404 674 2427 :
706 2397 799 2427 Deum
830 2395 1005 2436 proﬁtentur
1018 2405 1050 2426 se

229 2450 330 2479 nosse,
347 2444 486 2471 caeterum
502 2439 586 2470 factis
601 2444 719 2480 negant.
752 2440 814 2476 Quo
840 2440 927 2471 modo
952 2444 1050 2471 autem

231 2484 368 2516 estetiam
381 2483 723 2521 inﬁdelideterior.Quia
732 2485 868 2517 inﬁdeles
881 2494 1049 2525 quanquam

230 2539 289 2560 non
301 2529 450 2567 omnibus,
472 2529 508 2560 ad
535 2529 638 2561 saltem
663 2529 795 2569 cognatis
810 2529 977 2570 provident,
995 2538 1050 2560 na-

231 2578 305 2605 turae
317 2573 383 2614 lege
398 2573 521 2605 inducti.

271 2617 306 2656 V,
334 2618 422 2651 9-13.
462 2618 559 2650 Vidua
593 2618 726 2660 eligatur
737 2628 799 2650 non
833 2620 935 2650 minor
962 2619 1053 2650 annis

230 2663 403 2704 sexaginta,
419 2672 485 2704 qum
501 2663 596 2703 fuerit
623 2663 714 2695 unius
736 2665 800 2695 viri
826 2673 914 2700 uxor,
931 2666 965 2694 in
982 2672 1051 2703 ope-

230 2707 314 2740 ribus
328 2707 415 2740 bonis
428 2708 584 2740 hominum
598 2709 768 2740 testlmonio
791 2708 981 2749 comprobata
997 2718 1003 2739 :
1027 2709 1054 2739 si

232 2752 345 2784 liberos
358 2753 511 2791 educavit,
527 2753 555 2784 si
568 2753 628 2792 fuit
643 2753 811 2794 hospitalis.
827 2754 853 2784 si
881 2757 1053 2785 sanctorum

233 2799 325 2839 pedes
339 2797 426 2838 lavit,
441 2799 468 2829 si
496 2797 620 2838 afﬂictis
644 2798 902 2835 subministravit,
922 2798 949 2830 si.
967 2806 1055 2829 omne

778 136 986 174 (EC‘UMENII
1005 132 1152 172 TRICCE
1173 141 1339 173 EPISCOPI

356 209 437 261 etuti)
445 209 591 261 humanis
603 209 773 261 exhortatur
779 209 953 241 rationibUS.
961 208 1053 261 Quo-.

1137 208 1222 248 τρέπει
1250 208 1398 248 λογισμῶν.
1428 207 1537 242 Ἐπειδὴ
1566 208 1627 248 γὰρ,
1656 209 1746 249 φησὶν,
1775 210 1798 236 οἰ
1835 208 1911 246 πρό-

1851 139 1913 171 176

1080 264 1152 292 γονοι
1180 252 1276 287 ἀνῆξάν
1312 264 1341 282 σε
1375 254 1419 282 καὶ
1454 252 1607 291 ἐπιμελείας
1642 252 1767 290 ἠξίωσαν,
1804 253 1836 280 σὺ
1881 251 1909 279 δὲ

1081 297 1188 330 ἐκείνοις
1216 298 1264 330 τὰς
1292 297 1406 335 ἀμοιϐὰς
1436 299 1485 327 οὒκ
1518 297 1637 338 ἴσχυσας
1663 296 1808 325 ἀντιδοῦναὶ
1847 296 1910 336 (ἀπ-

1081 341 1169 371 έθανον
1191 343 1263 382 γὰρ),
1287 341 1329 370 διὰ
1348 345 1400 371 τῶν
1431 342 1546 382 ἐκγόνων
1576 345 1628 371 τῶν
1657 342 1774 380 ἐκείνων,
1803 342 1910 370 τέκνων

1081 385 1106 414 δι
1150 390 1163 395 ~
1228 387 1240 397 ν
1383 388 1390 398 y
1428 388 1434 395 -
1494 387 1504 396 η
1557 387 1570 397 η
1851 387 1857 395 1

1098 403 1108 414 ι
1129 398 1193 427 σων,
1224 389 1335 425 αμειψαι
1364 398 1468 427 αυτους,
1493 398 1523 418 ας
1553 386 1664 427 ωφειλες
1694 386 1802 418 ἐκείνοις
1819 397 1908 426 χαρι-

1080 441 1127 463 τας
1155 432 1257 463 τούτοις
1293 430 1460 463 ἀποδιδοῦσα.
1498 447 1538 455 -
1579 433 1628 460 Καὶ
1655 431 1754 464 ἄλλως,
1783 432 1829 463 Εἰς
1859 432 1906 467 τὸ,

1082 476 1289 505 Μανθανέτωσαν
1304 477 1337 505 τὰ
1365 477 1443 505 τέκνα
1477 477 1520 504 καὶ
1547 477 1580 504 τὰ
1609 476 1703 515 ἔκγονα
1732 480 1840 516 πρῶτον
1861 477 1910 504 τὸν

1081 519 1150 549 ἴδιον
1185 521 1261 549 οἷκον
1304 520 1443 550 εὒσεϐεϊν·
1474 521 1603 558 τουτέστι,
1632 521 1842 549 Μανθανέτωσαν
1875 522 1910 548 τὰ

1080 565 1159 593 τέκνα
1173 566 1216 594 καὶ
1230 566 1263 594 τὰ
1295 565 1400 604 ἔκγονα,
1436 568 1515 603 τιμᾷν
1542 566 1593 600 τὴν
1620 566 1715 594 οἰκείαν
1742 565 1846 605 μητέρα
1861 566 1907 593 καὶ

1081 609 1182 649 τρέφειν
1208 610 1251 637 καὶ
1279 610 1307 638 εὖ
1334 617 1422 641 ποεῖν.
1460 613 1543 639 Τοῦτο
1571 611 1620 650 γὰρ
1647 609 1730 649 λέγει,
1762 609 1906 639 Εὖσεϐεϊν.

1485 655 1490 663 σ

1083 655 1132 682 Καὶ
1152 660 1211 686 τοῖς
1240 655 1391 694 προγόνοις,
1416 655 1546 695 τουτέστι,
1582 658 1616 692 τῇ
1637 655 1747 692 μάμμῃ.
1787 655 1908 694 Προστί-

1081 699 1142 732 θησι
1155 700 1199 727 καὶ
1213 698 1346 737 λογισμῷ,
1368 698 1408 727 ὅτι
1430 700 1473 727 καὶ
1498 703 1535 737 τῷ
1564 703 1622 737 Θεῷ
1650 703 1727 728 τοῦτο
1742 699 1906 730 ἀπόδεκτον,

1085 754 1098 769 α
1117 738 1148 771 Ἠ
1170 742 1197 771 δὲ
1228 743 1312 775 ὅντως
1335 745 1420 784 χήρα.
1441 756 1452 772 ι)
1485 743 1598 778 Ἐπειδή
1627 744 1674 777 τὰς
1704 743 1787 775 ὅντως
1817 745 1912 784 χήρας

1080 788 1205 824 τιμᾶσθα.
1222 788 1374 827 προσέταξε,
1406 789 1449 816 νῦν
1479 788 1550 827 λέγει
1579 788 1655 816 ποῖαί
1681 789 1744 816 εἰσιν
1766 790 1791 816 αἱ
1807 788 1910 824 ὅντως,

1082 831 1118 862 ὡς
1140 830 1168 858 ἐν
1189 831 1312 871 ἐξηγήσει
1346 833 1548 872 χαρακτηρίζων
1574 834 1665 864 αὐτὰς.
1704 833 1912 870 Μομονωμένην

1082 874 1108 903 δέ
1124 886 1201 915 φησι,
1224 877 1268 904 καὶ
1283 877 1335 904 ἀπὸ
1363 876 1473 905 τέκνων.
1504 878 1547 905 καὶ
1577 878 1629 905 ἀπὸ
1665 877 1792 916 ἐκγόνων,
1827 888 1843 906 ι
1861 878 1912 907 Καὶ

1082 920 1223 959 προσμένει
1239 928 1300 953 ταῖς
1323 920 1438 959 δεήσεσι,
1460 933 1470 949 ι
1508 921 1580 956 Αὕτη
1614 926 1753 962 τοιγαροῦν
1774 923 1791 956 ἡ
1822 922 1911 954 ὄντως

1083 965 1170 1004 χήρα,
1200 965 1218 999 ἧ
1239 965 1377 1001 ἐλπίζουσα
1404 965 1446 994 ἐπὶ
1474 967 1519 995 τὸν
1549 967 1625 1007 Θεὸν,
1648 968 1692 995 καὶ
1720 967 1912 1006 προσμένουσα

1081 1015 1142 1042 ταῖς
1194 1008 1312 1044 δεήσεσι.
1357 1009 1466 1044 Ἐπειδὴ
1506 1011 1556 1050 γὰρ
1598 1011 1696 1050 "ep-apo:
1738 1012 1909 1049 ἀνθρωπίνης

1081 1054 1355 1097 ὑπάρχει-βοηθείας,
1386 1055 1494 1088 εἰκότως
1520 1055 1562 1084 ἐπὶ
1590 1059 1642 1085 τῶν
1671 1057 1735 1084 Θεὸν
1767 1058 1910 1097 καταφεύ-

1082 1108 1134 1136 γει.
1168 1110 1182 1125 ι
1208 1094 1238 1127 Ἠ
1273 1099 1300 1127 δὲ
1322 1099 1494 1137 σπαταλῶσα,
1520 1103 1591 1136 ζῶσα
1614 1100 1734 1134 τέθνηκε.
1755 1113 1767 1128 ι
1792 1094 1910 1135 Ἐπειδὴ

1083 1141 1132 1180 γὰρ
1147 1142 1242 1171 πολλαὶ
1263 1144 1313 1177 τὴν
1327 1145 1437 1184 χηρείαν
1462 1146 1603 1184 αἱροῦνται,
1634 1145 1680 1173 ἵνα
1702 1145 1769 1183 μετὰ
1782 1145 1910 1177 πλείονος

1083 1185 1197 1220 ἐξουσίας
1212 1187 1360 1227 πράττωσιν
1388 1189 1455 1228 ἅπερ
1484 1190 1514 1218 οὺ
1529 1190 1597 1230 χρὴ,
1609 1190 1687 1230 φησίν
1699 1199 1706 1208 ·
1721 1202 1731 1218 ι
1749 1186 1780 1218 Ἠ
1795 1189 1823 1218 δὲ
1838 1202 1911 1219 σπα-

1084 1230 1204 1272 ταλῶσα,
1229 1245 1243 1260 ι
1260 1233 1404 1271 τουτέστιν,
1425 1235 1442 1268 ἡ
1464 1237 1599 1274 τρυφῶσα,
1626 1245 1636 1262 α
1655 1238 1726 1270 ζῶσα
1740 1235 1866 1269 τέθνηκε.
1895 1248 1908 1264 ο

1085 1277 1165 1316 Πῶς;
1182 1280 1235 1315 Ζῇν
1255 1278 1305 1317 γὰρ
1337 1277 1447 1307 δοκοῦσα
1471 1279 1520 1311 τὴν
1549 1284 1592 1308 νῦν
1620 1280 1700 1314 ζωήν.
1734 1280 1784 1313 τὴν
1799 1281 1911 1309 αἰώνιον

1083 1321 1155 1364 ζωὴν
1184 1322 1315 1352 ἀπώλεσε.
1353 1323 1482 1357 Τέθνηκεν
1518 1324 1562 1352 οὖν
1598 1323 1640 1353 διὰ
1676 1327 1725 1358 τῆς
1761 1325 1908 1364 ἁμαρτίας,

1084 1363 1145 1410 ὅσον
1167 1367 1232 1410 πρὸς
1247 1367 1349 1401 ἐκείνην
1373 1368 1422 1402 τὴν
1451 1369 1532 1403 ζωήν.
1567 1380 1577 1396 ι
1604 1370 1652 1398 Καὶ
1679 1373 1760 1398 ταῦτα
1794 1363 1909 1410 παράγ-

1085 1409 1174 1448 γελλε.
1193 1423 1206 1438 ι
1226 1407 1302 1451 Ὀρᾷς
1317 1411 1357 1440 ὅτι
1372 1413 1409 1445 ὡς
1432 1414 1513 1450 νόμον
1533 1413 1564 1441 τὸ
1590 1416 1697 1452 πρᾶγμα
1726 1415 1796 1442 εἶναι
1812 1407 1909 1456 θέλείς

1087 1456 1123 1483 Οὐ
1157 1456 1206 1495 γὰρ
1234 1459 1267 1495 τῇ
1302 1457 1455 1497 πμοαιρέσει
1497 1459 1528 1485 τὸ
1563 1458 1602 1496 μὴ
1634 1462 1730 1499 τρυφᾷν
1756 1459 1908 1499 ἐπιτρέπει,

1086 1498 1174 1539 ὥσπερ
1199 1501 1231 1530 τὰ
1258 1502 1460 1542 κατορθώματα,
1488 1501 1548 1530 ἀλλ’
1583 1504 1619 1535 ὡς
1641 1503 1769 1542 ἁμαρτίαν
1797 1498 1911 1544 ἀπαγο-

1086 1544 1164 1583 ρεύει.
1186 1557 1200 1572 ι
1220 1546 1249 1574 Εὶ
1264 1545 1291 1574 δέ
1311 1558 1351 1578 τις
1375 1550 1428 1575 τῶν
1455 1546 1535 1577 ἰδίων.
1560 1556 1575 1577 ι
1594 1549 1630 1577 Οὐ
1663 1549 1712 1588 γὰρ
1734 1548 1811 1588 ἀρκεῖ
1839 1551 1912 1589 πρὸς

1087 1589 1217 1628 σωτηρίαν
1232 1591 1250 1624 ἡ
1273 1591 1356 1620 οἰκεία
1385 1591 1466 1629 μόνσν
1494 1591 1587 1631 ἀρετὴ,
1617 1593 1647 1620 ἃν
1677 1593 1716 1630 μὴ
1745 1594 1789 1621 καὶ
1816 1593 1910 1622 ἄλλων

1086 1644 1186 1673 προνοῃ
1203 1646 1255 1667 τις,
1284 1637 1346 1676 Περὶ
1373 1635 1401 1663 δὲ
1428 1639 1477 1670 τῆς
1501 1637 1590 1676 χήρας
1617 1638 1700 1666 ταῦτά
1733 1649 1825 1678 φησιν.
1857 1640 1910 1667 Οἰ-

1086 1677 1172 1711 κείους
1188 1678 1215 1707 δὲ
1230 1679 1314 1720 λέγει,
1329 1681 1390 1712 τοὺς
1405 1684 1444 1718 τῷ
1458 1680 1527 1720 γένει
1554 1677 1747 1721 προσήκοντας
1786 1687 1830 1712 Ενι
1855 1684 1910 1723 γὰρ

1088 1723 1158 1751 εἴναι
1171 1723 1261 1761 ἰδίους,
1278 1726 1336 1753 οἷον
1360 1725 1461 1766 φίλους,
1491 1727 1521 1754 οὒ
1548 1727 1602 1764 μὴν
1627 1727 1670 1756 καὶ
1697 1728 1820 1759 οἰκείως,
1837 1731 1912 1767 Προ-

1087 1769 1194 1810 νοητὲον
1216 1769 1260 1797 οὖν
1281 1771 1347 1808 αὐτῇ
1360 1773 1412 1798 τῶν
1433 1769 1514 1810 ἰδίων,
1531 1770 1647 1808 μάλιστα
1673 1771 1700 1800 δὲ
1735 1772 1788 1800 τῶν
1803 1773 1912 1801 οἰκείων

1089 1808 1177 1852 υΟλιτερ
1198 1813 1216 1847 ἦ
1231 1814 1391 1842 σπαταλῶσα
1407 1816 1436 1843 οὒ
1450 1808 1534 1846 ποιεῖ,
1561 1818 1595 1854 τῇ
1622 1819 1706 1856 τρυφῇ
1736 1817 1805 1855 μόνῃ
1820 1829 1912 1857 προσ-

1088 1857 1199 1898 έχουσα.
1220 1868 1231 1886 α
1246 1859 1294 1887 Καὶ
1308 1858 1422 1896 μάλιστα
1455 1863 1508 1888 τῶν
1532 1861 1644 1890 οἰκείων.
1663 1872 1677 1888 ιι
1705 1864 1762 1890 Τῶν
1777 1861 1849 1890 ἰδίων
1866 1865 1914 1891 καὶ

1087 1906 1140 1930 τῶν
1163 1902 1265 1931 οἰκείων
1282 1904 1404 1943 προνοεῖ,
1431 1905 1445 1932 ὁ
1470 1905 1508 1942 μὴ
1535 1905 1613 1943 μόνον
1642 1909 1695 1934 τῶν
1716 1908 1914 1946 προσηκόντων

1088 1949 1217 1986 προνοῶν,
1241 1948 1310 1976 ἀλλὰ
1331 1949 1374 1976 καὶ
1395 1949 1472 1981 αὐτὸς
1494 1950 1593 1990 ὲευτοῦ,
1633 1949 1674 1978 διὰ
1701 1955 1747 1979 τοῦ
1770 1951 1916 1981 ἐκκόπτειν

1088 1993 1120 2021 τὰ
1141 1993 1224 2027 πάθη,
1255 1992 1344 2026 Οὸτως
1374 1995 1388 2022 ὁ
1410 1993 1522 2031 Κλήμης
1560 1994 1586 2022 ἐν
1615 1993 1719 2033 ἑϐδόμῳ
1750 1992 1915 2026 ’Υποτοπώ-

1090 2048 1157 2066 σεων
1175 2048 1182 2055 ·
1201 2038 1328 2078 Πρόνοιαν
1342 2039 1392 2073 τήν
1406 2049 1434 2066 τε
1448 2039 1516 2067 κατὰ
1537 2040 1640 2080 ψυχὴν,
1664 2041 1713 2075 τήν
1741 2052 1770 2069 τε
1795 2043 1868 2072 κατὰ
1885 2054 1918 2071 το

1090 2085 1167 2120 σῶμα
1201 2081 1285 2122 λέγει,
1317 2094 1331 2109 α
1348 2083 1402 2116 Τὴν
1430 2083 1515 2112 πίστιν
1544 2084 1668 2124 ἤρνηται.
1687 2096 1699 2113 ι
1732 2085 1781 2114 Καὶ
1803 2089 1865 2118 πῶς
1899 2089 1916 2120 ἡ

1092 2126 1265 2164 σπαταλῶσα,
1281 2127 1389 2156 καὶτῶν
1404 2127 1475 2155 ἰδίων
1501 2129 1544 2156 καὶ
1566 2131 1618 2157 τῶν
1647 2130 1749 2158 οἰκείων
1782 2131 1812 2158 οὗ
1842 2142 1916 2171 προτ

1091 2175 1197 2211 νοοῦσα,
1213 2172 1263 2205 τὴν
1284 2172 1371 2200 πίστιν
1387 2171 1518 2212 ἤρνηταιι
1548 2168 1625 2210 UOct,
1655 2176 1746 2214 φησὶν,
1776 2164 1889 2214 εἴρηται
1907 2174 1914 2191 ⁵

1092 2216 1140 2244 Καὶ
1174 2216 1204 2244 ἐκ
1234 2219 1283 2243 τῶν
1311 2217 1412 2244 οἰκείων
1439 2220 1485 2246 τοῦ
1512 2217 1662 2257 σπέρματός
1682 2230 1729 2247 σου
1756 2222 1808 2260 οὐχ
1830 2221 1917 2262 ὑπερ-

1091 2260 1162 2299 όψει.
1185 2262 1214 2290 Εἰ
1229 2260 1256 2289 δὲ
1270 2260 1428 2300 δοκεϊς⁷μὲν
1456 2263 1500 2291 τὸν
1530 2264 1594 2291 Θεὸν
1623 2264 1656 2301 μὲ
1684 2264 1831 2305 ἀρνεῖσθαι,
1851 2260 1917 2298 toll:

1092 2305 1118 2334 δὲ
1135 2306 1229 2344 νόμους
1258 2307 1336 2334 αὐτοῦ
1361 2306 1540 2348 παραϐαίνεις,
1569 2309 1614 2336 τὸν
1636 2309 1701 2337 Θεὸν
1727 2309 1804 2349 ἀρνῇ.
1823 2310 1917 2351 Εἴρη-

1091 2362 1133 2379 ται
1160 2351 1222 2391 γὰρ,
1251 2351 1316 2379 Θεὸν
1343 2351 1516 2390 ὁμολογοῦσιν
1544 2351 1649 2390 εἰδέναι,
1684 2360 1743 2386 τοῖς
1767 2353 1794 2382 δὲ
1824 2354 1916 2395 ἔργοις

1092 2395 1240 2436 ἀρνοῦνται.
1262 2397 1322 2428 Πῶς
1338 2394 1365 2424 δέ
1383 2396 1437 2424 ἐστι
1466 2397 1509 2424 καὶ
1524 2397 1633 2425 ἀπίστου
1662 2399 1782 2439 χείρωνς
1809 2394 1879 2428 ’Ὀτι
1896 2402 1917 2428 οἱ

1092 2439 1208 2478 ἄπιστοι,
1240 2441 1262 2468 εἷ
1292 2441 1335 2468 καὶ
1369 2441 1407 2478 μὴ
1430 2441 1548 2482 πάντων,
1583 2445 1636 2470 τῶν
1671 2446 1803 2483 συγγενῶν
1822 2445 1915 2482 μέντοι

1092 2483 1230 2525 προνοοῦσι
1247 2484 1288 2513 διὰ
1307 2486 1450 2523 τὸνῄνόμον
1464 2488 1513 2520 τῆς
1529 2487 1642 2527 φύσεως.

1137 2630 1149 2646 ιι
1181 2619 1257 2659 Χήρα
1299 2618 1494 2660 καταλεγέσθω,
1537 2621 1576 2659 μὴ
1619 2620 1727 2650 ἔλαττον
1761 2622 1829 2650 ἑτῶν
1857 2623 1918 2659 ἐξή-

1094 2675 1187 2701 κοντα,
1229 2670 1354 2702 γεγονυῖα
1397 2664 1454 2696 ἑνὸς
1496 2664 1587 2704 ἀνδρὸς
1628 2666 1708 2705 γυνὴ,
1757 2667 1784 2694 ἐν
1828 2667 1919 2707 ἔργοις

1095 2707 1189 2740 καλο⁴ς
1245 2709 1455 2748 μαρτδρουμὲνη,
1526 2711 1547 2737 εἰ
1602 2710 1837 2751 ἐτεκνοτρόφησεν,
1899 2714 1919 2740 εἰ

1095 2752 1296 2793 ἐξενοδόχησεν,
1332 2755 1352 2781 εἷ
1388 2754 1468 2793 ἁγίων
1501 2753 1583 2787 πόδας
1626 2755 1724 2796 ἔνιψεν,
1762 2757 1784 2784 εἰ
1823 2756 1918 2786 θλιϐο-

1096 2797 1186 2835 μένοις
1223 2799 1380 2839 ἐπήρκεσεν,
1412 2800 1433 2826 εἰ
1476 2800 1552 2828 παντί
1588 2799 1657 2839 ἔργῳ
1695 2800 1785 2839 ἀγαθῷ
1811 2801 1918 2836 ἐπηκο-

1526 2711 1547 2737 εἰ
