1947 3079
226 157 281 190 ﬁl

540 223 663 256 CAPUT
685 224 735 255 ιχ.
1062 228 1082 250 Α

229 270 412 301 Adhortatio
422 273 456 301 ut
469 270 618 310 suiipsius
626 278 731 300 curam
738 269 847 301 habeat
858 273 886 301 et
894 269 1049 301 Ecclesiae.

268 313 318 351 IV,
340 313 440 346 ll-16.
457 313 592 353 Pracipe
603 313 676 352 hac,
691 314 772 345 doce.
789 314 883 346 Nemo
903 314 1050 354 juventu-

226 363 286 391 tem
298 363 381 392 tuam
401 359 571 398 despiciat:
593 358 645 388 sed
668 362 729 389 esto
749 358 846 391 forma
867 359 1003 398 ﬁdelium
1018 362 1050 389 in

226 412 375 443 sermone,
387 404 423 434 in
435 403 675 441 conversatione,
688 404 721 434 in
732 404 901 444 dilectione,
913 404 1049 444 inspiri-

227 453 271 489 tu,
285 449 320 479 in
330 448 399 488 ﬁde,
412 448 447 479 in
459 448 674 478 sanctimonia.
695 448 794 479 Donec
808 456 916 478 vcnero
931 448 1050 479 attende

228 493 366 530 lectioni,
376 492 582 524 exhortationt
592 496 620 522 et
630 491 788 523 doctrinae.
813 492 859 523 Ne
877 492 1048 532 negtexeris

226 538 307 578 quod
317 538 351 568 in
362 540 388 568 te
399 541 441 568 est
452 537 576 573 donum,
588 537 667 576 quod
679 537 786 568 datum
798 540 841 567 est
854 536 909 568 tibi
917 545 972 576 per
979 546 1048 577 pro—

225 581 361 622 phetiam
385 591 453 613 cum
478 582 670 621 impositione
707 590 855 612 manuum
888 582 1048 613 autoritate

227 626 418 667 presbyterii.
435 625 508 657 Haec
535 634 653 662 exerce,
671 626 703 656 in
730 625 778 657 his
806 629 878 666 esto,
917 629 952 658 ut
980 631 1050 657 tuus

224 672 373 710 profectus
387 671 564 709 manifestus
577 671 617 701 sit
632 671 779 702 omnibus.
799 671 924 702 Attende
937 671 1051 711 tibiipsi

225 719 254 747 et
268 716 425 753 doctrinae,
440 715 574 755 persiste
589 715 622 745 in
648 714 706 745 his.
736 714 813 745 Nam
836 716 864 746 si
879 715 911 746 id
926 715 1044 754 feceris,

226 763 255 791 et
269 760 396 800 teipsum
410 758 531 790 salvum
544 760 635 798 facies
650 762 680 789 et
693 767 741 790 eos
756 760 809 798 qui
824 763 851 790 te
876 760 1044 792 audierint.

265 847 327 879 Illis
339 847 420 879 enim
428 847 478 888 qui
489 857 525 878 ex
535 847 660 878 scientia
686 852 818 887 peccant,
837 857 903 879 cum
916 849 1046 879 auctori-

228 896 289 924 tate
299 892 461 932 praecipere
471 895 587 932 oportet
599 901 605 923 :
624 901 675 922 eos
687 896 786 922 autem
798 892 848 932 qui
863 902 897 923 ex
910 893 1046 932 ignoran-
1057 894 1075 918 Β

227 937 406 974 tia,docere.
417 937 455 968 Et
465 941 559 967 utuno
570 936 662 967 verbo
672 937 861 977 eloquar,qui
872 937 1046 969 adhortatur

225 982 263 1012 ad
279 982 366 1018 bona,
384 981 489 1013 docet:
507 981 556 1022 qui
571 984 669 1012 autem
685 981 822 1021 prohibet
833 982 954 1019 malum,
968 992 1045 1023 pm-

225 1026 326 1066 cipere
336 1025 456 1057 dicitur.
473 1037 483 1053 ι
497 1024 589 1056 Nemo
597 1026 782 1065 juventutem
797 1030 889 1058 tuam.
901 1039 911 1053 ι
922 1026 1045 1067 Oportet

226 1071 306 1101 enim
316 1079 422 1109 magna
432 1079 499 1101 cum
505 1070 677 1101 auctoritate
697 1070 845 1102 disserere
857 1070 1042 1112 episcopum.

224 1114 260 1146 Et
274 1115 324 1145 ubi
340 1124 409 1154 ergo
421 1118 466 1145 est
476 1114 549 1145 illud
558 1114 636 1155 quod
648 1114 758 1146 dicitur
771 1123 778 1145 :
797 1115 937 1146 Modestia
949 1122 1045 1147 vestra

225 1163 294 1190 nota
304 1159 341 1190 sit
352 1158 491 1189 omnibus
502 1158 705 1190 hominlbus57
718 1162 745 1190 ’ἐν
761 1159 945 1197 Etdicimus,
967 1162 1043 1201 quod

225 1206 302 1236 inter
319 1213 369 1234 eos
379 1213 396 1234 a
409 1203 517 1243 quibus
528 1203 592 1243 ipse
602 1203 712 1243 injuria
722 1203 862 1242 afficitur,
875 1204 956 1235 mitis
979 1215 1045 1237 esse

222 1248 330 1279 debet:
348 1248 429 1279 inter
441 1247 508 1278 illos
524 1257 592 1278 vero
621 1257 674 1288 per
700 1257 774 1288 quos
789 1249 895 1279 fratres
911 1256 1046 1280 errantes

222 1292 678 1329 oﬁ'enduntur,austerus.—Aut
685 1293 738 1323 hoc
745 1292 870 1324 mudo.Si
877 1293 1050 1325 decentissi-

223 1346 302 1368 mam
311 1336 570 1376 degasvitam,non
579 1336 760 1376 despicietur
770 1337 908 1376 juventus
923 1348 987 1378 qua:
999 1339 1044 1369 fa-

225 1380 441 1420 ciledespectui
450 1380 608 1412 essesolet.
620 1381 690 1411 254
705 1392 716 1410 ιι
730 1381 787 1412 Sed
799 1386 862 1412 esto
871 1382 965 1413 forma
974 1383 1044 1414 (ide-

224 1424 480 1464 lium.-Tanquam
488 1424 551 1455 viva
558 1424 804 1465 imago,etregula
811 1426 902 1457 beatas
911 1426 985 1458 vitae.
993 1438 1006 1457 ι
1013 1427 1042 1458 [n

226 1477 376 1500 sermone.
383 1468 559 1509 nLoquendo
567 1478 632 1509 quae
642 1474 855 1510 praeceptorem
863 1470 941 1511 loqui
951 1481 1041 1512 opor-

226 1513 358 1563 tet.Yide
367 1516 464 1563 autem
472 1515 541 1563 quia
550 1515 704 1545 doctorem
710 1514 822 1563 habere
831 1520 976 1563 _oporteat
994 1517 1041 1547 di-
1053 1538 1072 1563 ε

224 1557 311 1588 cendi
319 1557 495 1588 facultatem.
505 1570 516 1586 ι
528 1557 561 1588 In
570 1558 819 1591 conversatione.»
831 1559 863 1590 In
875 1561 927 1590 vita
935 1565 1025 1592 etcon
1033 1579 1042 1584 -

223 1602 380 1633 suetudine
388 1602 518 1633 vivendi.
529 1602 575 1633 ειη
585 1602 746 1634 dilectione
755 1614 779 1634 ιι
789 1614 854 1644 quae
862 1614 930 1644 erga
939 1615 1043 1637 omnes

225 1651 280 1677 est.
288 1646 336 1677 «In
342 1646 457 1687 spiritu:
465 1657 475 1672 α
484 1646 892 1687 autspiritualiordine,autin
900 1650 977 1680 dono
985 1651 1043 1690 spi-

224 1690 388 1727 ritus,nein
397 1691 453 1721 hoc
460 1691 620 1723 extollaris.
638 1691 688 1722 «In
699 1692 768 1723 ﬁde:
783 1706 796 1721 »
811 1698 964 1735 recta,qua
976 1695 1042 1735 quis

224 1735 286 1767 Deo
297 1735 499 1766 indubitanter
510 1735 621 1773 credat,
640 1736 728 1768 etiam
744 1737 781 1768 de
796 1739 1041 1779 impossibilibus.

226 1795 237 1810 α
252 1780 286 1811 In
301 1780 498 1812 sanctimonia
514 1789 520 1812 :
537 1794 548 1810 ι
563 1781 618 1811 hoc
627 1785 682 1822 est,
703 1782 841 1821 puritate,
865 1783 1041 1823 virginitate,

223 1825 948 1866 temperantianDonecveneroatteudelectionis
963 1830 1043 1860 Veri-

222 1870 321 1901 simile
331 1874 394 1900 erat
404 1870 541 1909 quaeipse
561 1874 700 1911 tanquam
719 1871 809 1902 Paulo
832 1872 1041 1914 orbatus,eum

221 1919 346 1954 optaret.
364 1914 503 1945 Bifariam
519 1915 616 1954 itaque
631 1915 800 1948 consolatur
815 1916 909 1955 illum,
927 1923 956 1948 et
972 1928 1043 1959 pro—

222 1959 364 1990 missione
376 1958 583 2000 suiadventus,
593 1963 621 1990 et
631 1961 857 1992 consolationea
867 1961 1040 2003 Scriptnris.

221 2003 432 2034 Animadverte
445 2006 556 2041 autem,
583 2003 608 2034 si
634 2003 791 2036 Timotheo
816 2010 846 2037 ut
874 2006 950 2046 legat
966 2017 1041 2048 pras-

220 2048 337 2088 cipitur,
369 2048 448 2088 quod
480 2057 534 2078 nos
557 2048 658 2080 facere
687 2054 812 2089 oportet.
846 2066 856 2080 ι
887 2051 1041 2091 Exhorta-

220 2093 315 2124 tioni:
335 2105 349 2120 »
365 2092 404 2122 ad
435 2092 590 2137 populum.
627 2106 637 2121 ι
653 2093 697 2125 Ne
725 2094 892 2134 neglexeris
919 2097 995 2137 quod
1011 2097 1042 2128 in

221 2141 250 2168 te
265 2141 309 2167 est
321 2137 445 2182 donum.
464 2149 477 2164 ι
491 2136 623 2182 Hociest,
650 2137 815 2169 doctlinam
840 2145 890 2171 aut
911 2136 1042 2182 episcopi

785 156 990 190 (ECUMENII
1003 147 1159 186 Tamen;
1178 152 1345 187 EPISCOPI

1859 155 1917 188 172

1416 225 1543 253 ΚΕΦΑΛ.
1559 218 1590 251 e’

1135 277 1150 293 α
1166 267 1227 305 Περὶ
1242 266 1394 304 ἐπιμελείας
1409 268 1500 302 αὐτοῦ,
1517 268 1560 295 καὶ
1581 269 1631 301 τῆς
1659 266 1833 300 Ἐκκλησίας.
1859 279 1873 294 ιι

1136 321 1148 338 α
1180 310 1350 350 Παράγγελλε
1377 316 1469 351 ταῦτα,
1513 313 1556 340 καὶ
1584 311 1698 343 δίδασκε,
1742 311 1841 345 Μηδείς
1871 323 1920 340 σω

1091 357 1140 388 τῆς
1170 355 1294 388 νεότητος
1342 357 1551 396 καταφρονείτω,
1602 355 1670 385 ἀλλὰ
1718 357 1799 389 τύπος
1843 357 1922 396 γίνου

1091 402 1144 427 τῶν
1173 403 1273 428 πιστῶν
1300 400 1328 427 ἐν
1362 399 1446 439 λόγῳ,
1477 402 1505 428 ἒν
1549 401 1737 441 ἀναστροφῇμ
1752 401 1779 428 ὲν
1806 401 1918 440 ἀγάπῃ,

1091 443 1117 471 ἐν
1144 444 1283 482 πνεύματι,
1315 444 1342 472 ἐν
1379 436 1478 482 πίστει,
1514 445 1540 474 ἐν
1582 436 1789 484 ἁγνείᾳ’.”ἳως
1826 436 1917 485 Eia/vo:

1090 499 1137 524 μαι
1167 489 1284 528 πρόσεχε
1323 493 1358 527 τῇ
1393 489 1552 528 ἀναγνώσει,
1593 493 1626 528 τῇ
1671 489 1849 529 παρακλήσει,
1882 494 1920 527 τῇ

1088 531 1250 569 διδασκαλίᾳ.
1281 533 1325 567 Μὴ
1373 534 1465 571 ἀμέλει
1498 539 1545 564 τοῦ
1593 535 1620 562 ἐν
1659 535 1699 562 σοὶ
1729 535 1914 574 χαρίσματος,

1090 577 1104 604 ὃ
1139 576 1214 611 ἐδόθη
1250 589 1291 606 σοι
1319 576 1361 606 διὰ
1388 579 1561 618 προφητείας,
1607 579 1674 616 μετὰ
1695 578 1838 611 ἐπιθέσεως
1860 582 1918 607 τῶν

1090 624 1190 660 χειρῶν
1214 625 1260 650 τοῦ
1281 621 1475 662 πρεσϐυτερίου.
1513 628 1599 652 Ταῦτα
1628 622 1735 660 μελέτα,
1767 623 1795 650 ἐν
1817 626 1917 653 πᾶσιν,

1089 672 1148 698 τοῖς
1174 666 1239 704 ἴσθι,
1264 666 1310 694 ἵνα
1334 677 1379 694 σου
1407 668 1424 700 ἡ
1450 668 1574 706 προκοπὴ
1609 668 1707 707 φανερὰ
1735 667 1794 704 ᾖεν
1819 671 1917 696 πᾶσιν.

1100 714 1190 750 Επεχε
1226 714 1328 748 σεαυτῷ
1369 712 1412 740 καὶ
1449 714 1482 750 τῇ
1516 711 1681 748 διδασκαλίᾳ,
1719 712 1826 750 ἐπίμενε
1864 714 1919 740 αὖ-

1088 761 1158 787 τοῖς.
1183 759 1265 784 Τοῦτο
1279 756 1329 795 γὰρ
1342 760 1438 793 ποιῶν,
1461 757 1505 784 καὶ
1526 758 1635 784 σεαυτὸν
1659 757 1765 796 σώσεις,
1793 758 1839 784 καὶ
1853 757 1918 789 τοὺς

1087 798 1230 831 ἀκούοντάς
1251 810 1309 830 σου,
1332 809 1348 829 )

1128 843 1189 871 Ἐπὶ
1218 844 1266 882 μὲν
1294 847 1346 872 τῶν
1376 844 1404 872 ἐν
1424 844 1520 883 γνώσει
1556 845 1771 884 ἁμαρτανόντων,
1799 857 1912 886 παραγ-

1086 887 1190 927 γέλλειν
1206 890 1273 926 μετὰ
1294 889 1425 920 αὖθεντίας
1440 889 1517 929 χρεία
1539 897 1545 905 ⁸
1570 889 1613 918 ἐπὶ
1633 889 1661 918 δὲ
1682 891 1735 918 τῶν
1761 890 1788 918 ἐν
1803 891 1913 929 ἀγνοίᾳ,

1086 931 1227 970 διδάσκειν,
1256 933 1300 961 καὶ
1328 932 1432 965 ἁπλῶς.
1466 931 1493 962 l0
1535 934 1584 972 μὲν
1612 934 1654 962 ἐπὶ
1683 935 1768 973 ἀγαθὰ
1794 935 1914 975 προτρὲ-

1086 988 1153 1014 πων,
1191 976 1305 1005 διδάσκει
1328 985 1335 994 ·
1371 979 1385 1005 ὁ
1413 977 1439 1006 δὲ
1466 982 1549 1007 κακοῦ
1577 978 1696 1016 κωλύων,
1714 978 1915 1018 παραγγέλλει,

1090 1033 1100 1048 ι
1127 1020 1223 1055 Μηδείς
1246 1033 1294 1051 σου
1314 1025 1363 1056 τῆς
1379 1022 1514 1056 νεότητος.
1536 1035 1548 1051 ι
1568 1028 1617 1052 Δεῖ
1631 1024 1680 1063 γὰρ
1695 1025 1738 1052 καὶ
1753 1024 1914 1053 αὒθεντικώ-

1085 1076 1160 1105 τερον
1181 1065 1344 1106 διαλέγεσθαι
1367 1068 1411 1095 τὸν
1426 1067 1579 1097 ἐπίσκοπον.
1606 1072 1660 1096 tto-3
1681 1069 1737 1109 οὖν,
1755 1080 1769 1096 ι
1797 1070 1833 1097 Τὸ
1849 1069 1915 1097 ἐπι-

1087 1110 1155 1142 εικὲς
1191 1111 1263 1147 ὑμῶν
1300 1112 1445 1149 γνωσθήτω
1486 1115 1566 1140 πᾶσιν
1613 1112 1778 1152 ἀνθρώποις,
1807 1124 1820 1139 n
1863 1114 1916 1141 Καί

1087 1165 1184 1193 φαμεν,
1201 1154 1240 1182 ὅτι
1264 1156 1291 1182 ὲν
1306 1155 1355 1193 μὲν
1384 1158 1427 1188 οῖς
1449 1158 1526 1188 αὐτὸς
1554 1156 1696 1194 ἀδικεῖται,
1723 1160 1806 1196 πρᾶος
1838 1158 1914 1185 εἶναι

1087 1198 1183 1238 ὀφείλει
1206 1198 1214 1214 ⁸
1238 1199 1264 1227 ἐν
1279 1202 1322 1233 οἷς
1337 1199 1363 1228 δὲ
1393 1200 1546 1242 οἱέἀδελφοί
1571 1202 1763 1241 ἁμαρτάνοντες
1785 1201 1912 1230 ἀδικοῦν-

1087 1254 1141 1281 ται,
1180 1245 1319 1284 αὐστηρός.
1345 1261 1384 1268 -
1422 1236 1451 1273 ἷΙ
1486 1246 1580 1278 οὕτως.
1618 1248 1680 1275 Ἐὰν
1724 1247 1912 1284 κοσμιώτατον

1088 1288 1180 1320 ἁσκεῖς
1211 1289 1278 1329 βίον,
1301 1291 1331 1318 οὐ
1364 1293 1627 1330 καταφρονηθήσεται
1663 1293 1680 1325 ἡ
1709 1291 1816 1328 νεότης,
1834 1293 1912 1331 φύσει

1088 1333 1118 1360 τὸ
1135 1333 1361 1373 εὐκαταφρόνητον
1385 1334 1496 1374 ἔχουσα,
1523 1346 1535 1363 α
1554 1335 1637 1364 Ἀλλὰ
1659 1336 1742 1367 τύπος
1769 1337 1844 1374 γίνου
1858 1340 1913 1364 τῶν

1085 1380 1196 1408 πιστῶν.
1223 1390 1235 1404 ιι
1255 1374 1363 1418 (Ὠσπερ
1378 1381 1454 1408 εἰκὼν
1481 1379 1616 1421 ἔμψυχος,
1641 1382 1685 1409 καὶ
1706 1380 1766 1420 ὅρος
1783 1383 1911 1416 ε’)ζωίας.

1087 1433 1104 1463 ιι.
1117 1421 1161 1450 Ἐν
1177 1421 1259 1461 λόγῳ,
1286 1435 1297 1450 ι
1316 1425 1406 1463 φησὶν,
1423 1424 1449 1451 ἐν
1467 1428 1505 1461 τῷ
1519 1424 1625 1462 λαλεῖν,
1647 1425 1664 1452 ἃ
1678 1424 1719 1453 δεῖ
1733 1424 1906 1455 διδάσκαλον.

1086 1460 1104 1471 υ
1323 1460 1328 1463 ,
1492 1460 1495 1461 ,
1617 1460 1622 1462 .

1104 1470 1158 1505 Ορα
1189 1465 1228 1504 δὲ,
1251 1467 1292 1509 δτι
1316 1466 1357 1496 δεῖ
1384 1470 1429 1496 τὸν
1451 1468 1618 1506 διδάσκαλον,
1648 1472 1818 1508 παρασκευήν
1834 1469 1910 1509 ἔχειν

1085 1508 1176 1560 λόγου.
1209 1522 1220 1538 ε
1251 1507 1293 1540 Ἐν
1315 1511 1478 1553 ἀναστροφῇ,
1499 1525 1510 1541 υ
1543 1515 1608 1542 Οῐον
1623 1507 1749 1560 ’βίῳνκαὶ
1773 1507 1908 1560 πολιτεία.

1089 1566 1100 1581 α
1119 1553 1163 1583 Ἐν
1179 1555 1282 1594 ἀγάπῃ.
1302 1567 1313 1585 n
1333 1559 1372 1594 Τῇ
1385 1558 1450 1596 πρὸς
1461 1558 1572 1590 πάντας,
1592 1569 1603 1586 ε
1623 1556 1666 1586 Ἐν
1681 1559 1823 1595 πνεύματι.
1842 1568 1856 1587 ι
1874 1553 1906 1585 Ἦ

1084 1601 1117 1636 τῇ
1144 1603 1310 1639 πνευματικῇ
1350 1603 1521 1642 καταστάσει,
1551 1603 1568 1636 ἢ
1617 1602 1644 1631 ἐν
1670 1606 1709 1639 τῷ
1744 1603 1906 1641 χαρίσματι,

1083 1643 1151 1671 ὥστε
1181 1645 1219 1682 μὴ
1239 1644 1388 1684 ἐπαίρεσθαι
1411 1646 1454 1675 ἐπὶ
1473 1648 1568 1684 τούτῳ.
1597 1657 1612 1677 (
1629 1646 1674 1676 Ἐν
1709 1647 1808 1678 πίστει,
1836 1659 1849 1675 ι
1867 1650 1909 1685 Τῇ

1083 1687 1156 1727 ὀρθῇ,
1172 1689 1191 1722 ἣ
1205 1690 1249 1717 καὶ
1263 1693 1297 1728 τῇ
1311 1689 1468 1729 ἀδιστάκτῳ,
1496 1691 1558 1720 ὅταν
1587 1703 1625 1725 τις
1648 1692 1759 1730 πιστεύῃ
1774 1695 1814 1729 τῷ
1831 1695 1905 1730 Θεῷ,

1084 1733 1128 1760 καὶ
1161 1734 1220 1772 περὶ
1253 1737 1305 1762 τῶν
1340 1734 1482 1767 ἀδυνάτων.
1503 1748 1517 1764 α
1541 1736 1585 1766 Ἐν
1611 1737 1701 1777 ἁγνείᾳ
1717 1748 1745 1774 ι,
1769 1736 1905 1774 τουτέστι,

1085 1777 1253 1817 καθαρότητι,
1284 1780 1418 1819 παρθενίᾳ,
1445 1781 1611 1821 σωφροσύνῃ,
1645 1791 1658 1810 α
1684 1776 1761 1813 ’Ἕως
1791 1780 1908 1821 ᾣχομαι

1084 1821 1201 1862 πρόσεχε
1228 1826 1262 1861 τῇ
1288 1823 1447 1864 ἀναγνώσει,
1464 1837 1478 1852 ι
1509 1826 1586 1859 Εἰκὸς
1614 1826 1646 1860 ἧν
1675 1827 1753 1855 αὐτὸν
1781 1826 1908 1866 ἀπορφα-

1084 1866 1201 1894 νισθέντα
1233 1872 1280 1897 τοῦ
1314 1868 1429 1907 Παύλου,
1470 1873 1562 1905 ζητεῖν
1604 1871 1692 1902 αὐτόν,
1731 1871 1836 1901 Δισσῶς
1863 1875 1909 1899 οὖν

1084 1912 1160 1940 αὐτὸν
1182 1914 1387 1954 παραμυθεῖται,
1414 1916 1448 1952 τῇ
1475 1925 1503 1942 τε
1528 1916 1578 1948 τῆς
1606 1915 1716 1955 ἀφίξεως
1746 1914 1908 1954 ἐπαγγελίᾳ.

1084 1956 1126 1983 καὶ
1140 1958 1174 1994 τῇ
1194 1956 1225 1984 ἐκ
1238 1958 1290 1985 τῶν
1311 1961 1423 1997 Γραμῶν
1458 1961 1618 1998 παραμυθίᾳ.
1631 1954 1635 1955 ν
1648 1954 1720 2000 ’Ὅρα
1747 1959 1788 1999 δὲ,
1811 1961 1834 1987 εἰ
1856 1965 1907 1988 Τι-

1084 1999 1176 2035 μόθεος
1225 2001 1415 2041 ἀναγινώσκειν
1458 2002 1639 2042 ὲπιτάσσεται,
1683 1999 1708 2032 τί
1745 2003 1787 2032 δεῖ
1815 2011 1907 2032 ποιεῖν

1083 2045 1174 2084 ἡμᾶς
1201 2055 1213 2073 ιι
1231 2048 1270 2083 Τῇ
1285 2046 1462 2085 παρακλήσει.
1482 2059 1494 2076 n
1511 2052 1550 2087 Τῇ
1572 2049 1637 2088 πρὸς
1659 2049 1705 2077 τὸν
1724 2048 1801 2079 λαόν.
1828 2059 1841 2077 ι
1860 2050 1907 2082 Μὴ

1083 2088 1175 2126 ἀμέλει
1190 2093 1235 2118 τοῦ
1259 2090 1286 2117 ὲν
1314 2092 1354 2119 σοὶ
1382 2093 1558 2132 χαρίσματος,
1579 2105 1591 2121 ι
1621 2093 1753 2130 τουτέστι,
1788 2096 1839 2127 τῆς
1868 2093 1910 2121 δι-

1084 2131 1237 2174 δασκαλίας,
1259 2134 1278 2169 ἣ
1312 2138 1362 2169 τῆς
1395 2136 1554 2170 ἐπισκοπῆς.
1586 2139 1666 2177 Χάρις
1695 2139 1744 2178 γὰρ
1781 2142 1858 2175 Θεοῦ,
1875 2140 1908 2167 τὸ

219 2190 338 2212 munus.
356 2180 429 2212 Nam
440 2181 538 2221 gratia
550 2181 604 2212 Dei
620 2186 693 2220 erat,
708 2192 767 2223 qua
776 2183 896 2223 juvenis
911 2179 1038 2217 meruis-

1133 2179 1196 2217 μένα
1225 2181 1359 2220 εὑρεθῆναι
1395 2182 1440 2210 τὸν
1466 2182 1536 2214 νέον.
1581 2193 1596 2213 (
1613 2179 1651 2213 ”0
1681 2183 1757 2217 ἐδόθη
1793 2195 1835 2212 σοι
1863 2183 1908 2212 διὰ

219 2230 264 2271 set
279 2229 378 2271 pastor
392 2225 467 2256 ﬁeri.
484 2238 494 2252 ι
507 2225 590 2261 Quod
603 2226 702 2258 datum
714 2232 758 2258 est
774 2228 826 2260 tibi
842 2238 896 2269 per
910 2231 1040 2271 prophe-

218 2270 300 2303 tiam.
321 2284 333 2301 ι
349 2269 437 2316 Jussu
453 2279 580 2316 namque
598 2271 718 2311 spiritus
734 2273 803 2304 facti
816 2279 883 2304 sunt
895 2269 1039 2316 episcopi,

218 2319 248 2346 et
260 2324 319 2346 non
330 2315 452 2355 passim.
469 2314 520 2360 Est
543 2320 642 2346 autem
666 2317 829 2357 prophetiae
853 2314 946 2358 genus
962 2314 1040 2360 prae-

216 2360 312 2390 sentia
326 2369 444 2400 quoque
460 2359 562 2391 dicere
575 2370 582 2401 ;
599 2364 630 2391 ut
642 2370 710 2392 cum
719 2361 838 2392 dicitur.
857 2379 867 2392 ιι
880 2359 1040 2404 Segrégale

217 2404 292 2435 mihi
302 2404 467 2435 Barnabam
476 2404 637 2446 etSaulum
648 2406 691 2437 58.
707 2416 717 2430 ι
740 2419 751 2434 ‹‹
763 2406 836 2437 Cum
852 2407 1042 2446 impositione

218 2454 358 2476 manuum
368 2444 542 2475 auctoritate
553 2445 755 2486 presbyterii»
771 2444 961 2488 l’resbyteros
970 2450 1042 2483 dicit

216 2489 372 2530 episcopos
386 2498 392 2520 :
404 2497 501 2529 neque
511 2489 590 2520 enim
605 2490 768 2531 presbyteri
776 2491 951 2532 episcopum
964 2494 1042 2525 ordi-

215 2533 334 2579 nabant.
351 2533 442 2579 illaec
459 2543 577 2564 exerce.
590 2549 600 2564 ι
625 2534 788 2571 Quaenam?
810 2537 854 2568 Ea
868 2547 934 2577 qua;
951 2548 1041 2579 supe-

216 2578 284 2609 rius
305 2578 389 2609 dixit.
401 2577 435 2609 In
446 2587 595 2616 sermone,
610 2579 717 2620 inquit,
727 2580 756 2611 in
767 2577 1038 2620 conversatione,in

216 2623 287 2663 ﬁde,
296 2624 325 2653 in
334 2622 540 2654 sanctimonia.
560 2625 600 2655 Ex
611 2633 646 2655 eo
658 2628 759 2657 autem
774 2626 852 2666 quod
864 2626 1038 2667 frequenter

213 2667 319 2699 eadem
327 2667 425 2708 jubet,
432 2668 563 2699 ostendit
572 2668 746 2710 episcopum
755 2670 866 2702 debere
875 2672 938 2702 haec
948 2672 1035 2704 indu-

219 2712 348 2744 bitanter
357 2712 526 2744 observare.
546 2724 559 2740 α
572 2713 747 2746 Manifestus
758 2715 832 2746 sitin
847 2716 997 2749 omnibus.
1016 2731 1030 2746 »

250 2793 282 2819 ³⁷
298 2793 426 2835 Philipp.
444 2802 485 2828 Iv.
500 2793 530 2826 5.
573 2794 605 2820 58
618 2794 682 2826 Act.
699 2803 762 2837 vni,
777 2796 808 2827 2.

1081 2224 1254 2268 προφητείας,
1274 2234 1289 2254 )
1320 2226 1470 2264 Πνεύματος
1506 2228 1556 2267 γὰρ
1591 2228 1729 2267 προστάξει
1750 2229 1867 2268 ἐγίνοντο
1883 2230 1908 2256 οἱ

1082 2267 1231 2305 ἐπίσκοποι,
1253 2270 1298 2297 καὶ
1327 2272 1356 2299 οὖ
1384 2270 1480 2311 χύδην,
1512 2274 1677 2314 Προφητείας
1706 2273 1733 2301 δὲ
1761 2267 1846 2311 εἶδος,
1862 2275 1908 2301 καὶ

1081 2312 1111 2340 τό
1133 2313 1167 2340 τὰ
1181 2312 1312 2342 ἐνεστῶτα
1328 2313 1425 2354 λέγειν,
1442 2317 1478 2348 ὡς
1495 2316 1552 2345 ἐκεῖ
1568 2312 1580 2335 ’1
1597 2327 1612 2347 (
1628 2317 1784 2358 Ἀφορίσατέ
1799 2329 1845 2356 μοι
1860 2319 1907 2346 τὸν

1082 2357 1216 2405 Βαρνάϐαν
1232 2360 1275 2388 καὶ
1287 2361 1331 2388 τὸν
1340 2361 1453 2394 Σαῦλον,
1472 2375 1484 2391 υ
1500 2380 1538 2386 -
1555 2375 1569 2392 ι
1586 2367 1644 2394 Τῶν
1671 2357 1770 2405 χειρῶν
1785 2370 1833 2394 τοῦ
1843 2375 1907 2404 πρε-

1082 2401 1225 2443 σϐυτερίου.
1252 2416 1264 2434 ι
1296 2406 1486 2446 Πρεσϐυτέρους
1521 2409 1580 2442 τοὺς
1621 2401 1782 2442 ἐπισκόπους
1825 2401 1908 2449 φησίν

1082 2449 1118 2476 03
1133 2449 1183 2487 γὰρ
1222 2450 1253 2477 ἃν
1290 2452 1313 2478 οἱ
1342 2451 1510 2493 πρεσϐύτεροι
1540 2454 1746 2494 ἐχειροτόνησαν
1780 2455 1827 2482 τὸν
1843 2455 1908 2482 ἐπί-

1283 2498 1296 2503 -
1629 2494 1647 2505 ε’
1782 2497 1794 2507 Μ

1083 2503 1192 2521 σκοπον.
1214 2505 1227 2521 ι
1245 2499 1331 2523 Ταυτα
1346 2496 1455 2534 μελέτα,
1473 2509 1487 2526 »
1513 2501 1604 2540 Ποῖα,
1647 2504 1669 2528 Α
1685 2500 1763 2528 εἶπεν
1778 2510 1845 2529 ανω.
1864 2498 1911 2527 Ἐν

1083 2536 1167 2583 λόγῳ,
1195 2539 1284 2577 φησὶν,
1317 2540 1344 2568 ἐν
1372 2541 1534 2583 ἀναστροφῇ,
1564 2536 1602 2571 ἐν’
1620 2545 1719 2581 πίστει,
1745 2544 1772 2572 ἐν
1801 2544 1907 2583 ἁγνείᾳ.

1084 2580 1132 2610 Ἐκ
1153 2581 1180 2610 δὲ
1208 2587 1254 2612 τοῦ
1280 2585 1411 2619 πολλάκις
1446 2588 1479 2615 τὰ
1507 2589 1573 2618 αὐτὰ
1601 2592 1763 2629 παρεγγυᾷν,
1793 2587 1907 2617 δείκνυσι

1078 2627 1123 2654 τὸν
1152 2626 1295 2658 ἐπίσκοπον
1324 2630 1381 2660 δεῖν
1402 2632 1596 2672 ἀναντιρῤήτως
1637 2639 1718 2664 ταῦτα
1747 2633 1903 2674 φυλάττειν.

1080 2682 1093 2698 (ι
1110 2673 1242 2720 Φανερὰῇ
1267 2674 1294 2703 ὲν
1323 2679 1446 2707 πᾶσιν.»
1481 2679 1509 2706 Εἰ
1543 2677 1571 2706 δὲ
1601 2679 1639 2717 μὴ
1665 2673 1774 2718 γένηται
1805 2679 1906 2720 σφόδρα

1075 2716 1192 2755 μεγάλη,
1208 2720 1256 2748 οὒκ
1272 2720 1302 2748 ἂν
1330 2721 1439 2761 γένηται
1461 2725 1625 2764 καταφανής.
1654 2723 1697 2753 Ἐν
1727 2727 1792 2752 πᾶσι
1815 2724 1857 2762 δὲ,
1885 2726 1904 2759 ἢ
