1947 3079
212 134 268 167 179

210 202 341 242 operari,
355 203 425 235 259
435 203 489 235 sed
499 208 529 236 et
541 204 694 236 mulieres.
707 203 802 236 Omne
815 205 894 235 enim
921 204 1031 235 malum
1041 205 1063 229 Α

211 255 247 277 ex
262 247 322 279 otio
333 248 475 288 gignitur.
488 248 605 280 (Simul
624 251 654 279 et
675 248 775 280 otiosae
787 249 915 280 discunt.
930 261 943 277 ι
958 248 1034 285 Quo-

215 292 303 323 modo
318 297 417 324 autem
434 293 535 324 otiosae
558 293 676 324 discunt
690 293 706 323 ‘I
726 293 875 324 Habentes
890 293 1035 324 ascititios

211 335 291 368 viros
299 337 350 378 qui
361 338 404 368 eis
413 337 580 369 necessaria
592 337 902 378 suppeditent,segnes
915 338 1034 378 quidem

211 381 322 412 suntad
335 389 543 421 opera,curam
553 385 653 413 tamen
662 381 885 414 habentutviris
895 383 1036 423 speciosis

212 425 465 457 videanturmlmo
475 435 534 458 non
545 426 641 457 solum
651 427 818 464 otiosaa,sed
827 430 855 458 et
862 427 1002 467 garrulae.
1019 439 1032 457 ι

207 468 290 500 Mens
307 470 386 501 enim
400 470 487 502 nobis
503 471 539 502 ad
557 471 741 511 operandum
757 481 774 502 a
786 473 924 504 Creatore
939 471 1033 502 fabri-

213 517 278 545 cata
294 518 348 545 est.
360 514 418 546 Ubi
428 524 497 556 ergo
510 515 620 547 bonum
632 525 706 556 opus
715 516 743 547 ei
754 525 814 547 non
826 516 1034 548 subministra-

210 558 354 600 verimus,
367 560 431 600 ipsa
441 560 567 591 assumit
583 569 675 601 opera
689 560 829 592 absurda.

250 603 287 639 V,
303 603 403 635 14-16.
421 603 492 636 Volo
503 605 600 646 igitur
622 606 759 644 iuniores
782 605 902 643 nubere,
922 606 1034 637 liberos

207 656 311 688 gnere,
329 647 450 680 domum
469 649 700 690 administrare,
711 649 832 681 nullam
846 651 1032 682 occasionem

207 691 282 723 dare
306 692 480 724 adversario
499 697 532 725 ut
544 693 655 725 habeat
681 694 1030 726 maledicendicausam.

210 735 284 767 Jam
294 739 375 768 enim
387 737 538 769 nonnullas
563 739 757 778 deﬂexerunt
782 743 849 780 post
870 739 1032 773 Satanam.

211 780 294 817 Quod
309 782 336 812 si
350 782 418 822 quis
432 782 541 822 ﬁdelis,
556 786 705 822 autsiqua
713 783 1033 824 ﬁdelishabetvtduas,

209 826 374 865 leppeditet
388 826 464 866 illis,
481 830 511 858 et
524 835 586 858 non
614 831 756 859 oneretur
779 828 930 865 Ecclesia,
946 832 979 860 ut
995 829 1034 860 iis
1044 845 1064 870 Β

210 878 278 910 quae
292 879 363 902 vere
376 875 447 902 sunt
460 871 562 902 viduae
578 875 728 911 suppetat.

250 914 365 946 Bonum
376 915 496 956 quidem
506 916 610 947 {uisset
622 919 654 948 ut
663 926 734 958 quoe
745 917 836 948 semel
844 918 920 948 inter
932 917 1034 949 viduas

214 959 326 991 allectis
339 965 450 998 essent,
467 970 526 991 non
541 961 648 992 lascive
662 966 785 1001 agerent
800 962 939 993 adversus
951 962 1034 994 Chri-

212 1007 302 1044 stum,
315 1014 412 1045 neque
420 1005 545 1046 primam
559 1005 647 1036 ﬁdem
660 1006 829 1046 rejicerent.
843 1006 952 1038 Verum
965 1007 1034 1048 quia

211 1048 267 1079 hoc
277 1049 399 1087 faciunt,
412 1049 526 1080 nubant
540 1060 546 1082 :
565 1050 677 1090 seipsas
693 1050 809 1082 Christo
825 1061 883 1082 non
900 1052 1032 1092 despon-

212 1092 311 1134 deant,
328 1097 357 1125 et
371 1094 411 1125 ita
438 1093 573 1126 nubant:
595 1094 651 1125 hoc
675 1095 756 1126 enim
787 1099 907 1136 peccato
936 1101 1031 1134 vacat,

210 1136 284 1182 illud
293 1147 362 1169 vero
373 1138 498 1179 impium
511 1143 592 1170 estet
603 1139 894 1172 scelestum.l|larum
904 1150 1033 1182 namque

210 1181 336 1213 inhiatio
352 1187 381 1214 et
396 1183 534 1214 socordia
548 1183 588 1214 ita
601 1189 755 1215 coercetur
769 1185 942 1216 exuberanti
959 1181 1032 1217 afﬂi-

210 1226 309 1258 ctione
324 1231 354 1258 et
362 1237 443 1259 cura.
461 1240 472 1257 ι
486 1228 603 1259 Nullam
611 1230 798 1260 occasionem
814 1230 884 1261 dare
892 1231 1029 1261 adversa-

209 1271 266 1302 rio.
284 1283 296 1301 ι
313 1271 345 1303 Si
361 1273 441 1304 enim
456 1277 538 1304 recta
558 1273 722 1314 nupserint,
741 1284 800 1305 non
817 1275 898 1315 prius
914 1275 1031 1307 Christo

209 1315 405 1356 desponsatze,
419 1317 456 1348 ad
472 1317 670 1349 maledicendi
702 1318 891 1349 occasionem
918 1319 1032 1360 seipsas

210 1369 271 1391 non
286 1361 446 1393 deducent.
459 1363 524 1393 Non
539 1365 570 1393 ut
595 1362 662 1393 sine
686 1362 793 1394 timore
809 1363 905 1394 vivant
919 1364 1032 1396 nubere

210 1406 360 1446 praecepit,
378 1407 430 1438 sed
447 1411 477 1438 ut
492 1407 572 1438 curis
585 1416 706 1447 pressae,
732 1407 914 1447 prospiciant
930 1413 961 1440 ut
975 1409 1030 1440 de-

210 1453 313 1482 center
327 1451 438 1483 vivant.
459 1464 470 1479 «
483 1453 548 1483 Jam
560 1451 641 1483 enim
653 1452 803 1483 nonnullae
813 1452 1028 1486 deﬂexerunt.»

211 1493 309 1531 Quare
336 1499 436 1527 autem
481 1500 591 1527 tantam
628 1496 844 1527 observantiam
872 1497 951 1528 cirea
979 1491 1060 1529 hasc

209 1539 350 1578 habuisti,
361 1544 390 1571 et
399 1541 542 1581 majorem
557 1540 609 1581 qui
622 1540 700 1571 circa
727 1541 873 1580 virgines?
885 1541 959 1578 Quia
974 1542 1028 1581 hae,

208 1582 316 1623 inquit,
343 1584 530 1615 occasionem
555 1583 714 1623 dederunt,
745 1584 938 1616 deﬁectentes
966 1591 1031 1626 post

209 1626 357 1660 Satanam.
375 1628 448 1660 Nam
465 1629 528 1660 haec
543 1629 620 1666 dico,
637 1629 744 1670 inquit,
763 1639 822 1660 non
851 1635 882 1660 ut
897 1640 955 1662 non
972 1631 1031 1663 sint

208 1671 302 1704 viduae
311 1673 456 1712 juniores,
469 1673 520 1705 sed
533 1673 646 1705 ueritus
658 1683 695 1706 ne
703 1673 851 1705 Christum
861 1675 1026 1715 rejicerem.

210 1729 224 1744 α
242 1716 357 1754 Quodsi
366 1718 431 1758 quis
445 1718 552 1750 ﬁdelis.
569 1731 582 1747 ι)
597 1719 768 1751 Rectedicit
783 1719 831 1751 :Si
842 1720 908 1760 quis
921 1719 1027 1758 ﬁdelis,

206 1765 256 1793 aut
271 1762 365 1803 siqua
378 1762 486 1795 ﬁdelis.
517 1763 591 1794 Nam
619 1763 645 1794 si
675 1763 813 1794 inﬁdeles
842 1769 952 1804 essent,
971 1774 1030 1796 non

206 1811 361 1847 oporteret
373 1811 406 1838 ut
417 1807 453 1838 ab
467 1808 511 1839 eis
524 1807 686 1845 alerentur,
703 1817 740 1838 ne
748 1808 1030 1840 viderenturﬁdeles

205 1860 294 1892 egere
323 1852 507 1884 inﬁdelibus.
533 1854 681 1885 Praeterea
696 1862 814 1894 quoque
830 1852 1030 1893 legislationes

205 1895 271 1928 illos
282 1901 467 1929 concernunt
483 1898 534 1938 qui
545 1897 618 1938 ipsis
633 1901 749 1938 parent,
761 1907 820 1928 non
831 1906 884 1928 eos
895 1898 946 1938 qui
961 1899 1030 1930 Sub‘

199 1941 274 1981 jecti
290 1951 349 1973 non
377 1947 456 1974 sunt.
490 1955 503 1971 σ
519 1942 696 1983 Suppeditet
720 1942 789 1974 illis.
809 1955 820 1972 ο
841 1943 915 1974 Rem
940 1943 1028 1975 faciat

205 1986 401 2026 quaminime
412 1987 482 2018 240
493 1987 588 2027 gravis
595 1996 662 2018 esse
677 1987 779 2019 debet.
801 1987 858 2018 Per
870 1987 926 2018 hoc
947 1988 1025 2019 enim

203 2031 283 2071 quod
298 2031 349 2068 ait,
368 2032 525 2072 ἐπαρκείτω,
541 2032 571 2062 id
600 2035 657 2072 est,
683 2031 863 2072 suppeditet,
887 2041 1026 2063 necessa-

206 2075 283 2106 rium
299 2077 475 2117 significavit
503 2077 689 2108 alimentum.
720 2089 731 2104 ‹ι
750 2076 786 2107 Et
811 2085 869 2106 non
886 2080 1028 2108 oneretur

778 137 980 170 (ECUMENII
1003 137 1149 169 ΤΗΙΟῦιΕ
1171 138 1337 171 EPISCOPI

1842 133 1906 167 180

1073 213 1117 230 σαι
1132 203 1192 236 τοὺς
1221 203 1389 236 ἐπεισάκτους
1425 203 1518 243 ἄνδρας
1540 204 1722 245 χορηγοῦντας
1759 205 1855 234 αὑταῖς
1870 203 1907 231 τὰ

1074 247 1139 286 πρὸς
1158 249 1262 288 χρείαν,
1298 251 1351 276 τῶν
1381 248 1429 287 μὲν
1457 248 1540 288 ἔργων
1571 248 1736 288 ῥᾳθυμοῦσιν,
1764 247 1838 279 ὅπως
1876 246 1907 274 δὲ

1076 292 1241 332 εὐπρόσωποι
1280 300 1338 325 τοῖς
1380 293 1485 333 ἀνδράσι
1525 293 1645 331 δόξωσιν,
1697 293 1906 332 ἐπιμελοῦνται,

1078 346 1094 366 (
1109 337 1145 365 Οὔ
1165 337 1246 375 μόνον
1261 336 1288 365 δὲ
1311 338 1398 378 ἀργαὶ,
1428 337 1495 367 ἀλλὰ
1523 339 1566 367 καὶ
1595 338 1716 379 φλύαροι.
1735 351 1749 366 ι)
1774 337 1907 376 Ἐνεργὸς

1077 381 1154 420 γὰρὸ
1170 385 1229 423 νοῦς
1264 383 1332 420 ἡμῖν
1357 384 1428 422 παρὰ
1462 388 1507 413 τοῦ
1545 388 1712 423 Δημιουργώ
1741 382 1908 411 κατεσκεύα-

1078 437 1149 457 σται.
1175 421 1261 455 ιὈταν
1276 427 1320 456 οὖν
1335 421 1406 465 αὖτῷ
1432 439 1470 466 μη
1498 426 1584 466 δῶμεν
1612 421 1734 467 ἐργασίαν
1762 427 1905 468 χρηστὴν,

1077 471 1155 503 αὐτὸς
1175 470 1381 509 ἐπιλαμϐάνεται
1396 472 1519 512 ἐργασίας
1534 472 1694 512 ἀτόπου[ς].

1118 615 1131 632 α
1162 603 1293 642 Βούλομαι
1330 605 1374 633 οὗν
1409 605 1538 645 νεωτέρας
1576 612 1686 645 γαμεῖν,
1716 614 1903 646 τεκιογονετν,

1075 648 1274 678 οἰκοδεσποτεῖν
1277 673 1286 686 ,
1346 649 1477 688 μηδεμίαν
1544 651 1668 691 ἀφορμςῆν
1721 650 1818 680 διδόναι
1861 655 1907 688 τῷ

1075 693 1248 732 ἀντικειμένῳ
1277 685 1423 734 νλοιέορίας
1477 685 1574 735 χάριν..
1598 685 1690 729 μ”Ηδη
1737 697 1787 736 γὰρ
1828 685 1905 727 τινες

1075 737 1255 778 ἐξετράπησαν
1280 739 1364 768 ὀπίσω
1393 745 1441 770 τοῦ
1476 743 1592 770 Σατανᾶ.
1623 740 1657 769 Εἴ
1692 752 1736 772 πις
1758 741 1855 772 πιστὶις
1879 741 1899 774 ἢ

1075 783 1156 817 πιστὴ
1184 783 1244 824 ἔχει
1293 785 1392 824 χήρας,
1447 784 1594 824 ἐπαρκείτω
1641 785 1746 825 αὑταῖς,
1783 786 1827 813 καὶ
1857 787 1901 823 μὴ

1075 827 1202 866 βαρείσθω
1231 829 1249 862 ἡ
1290 827 1448 869 Ἐκκλησία,
1487 829 1533 857 ἵνα
1571 835 1632 862 ταῖς
1673 829 1756 861 ὅντως
1792 830 1898 869 χήραις

1074 871 1208 912 ἐπαρκέσῃ
1214 895 1221 904 ,
1239 884 1252 900 ι

1114 917 1150 946 Τὸ
1164 917 1213 953 μὲν
1228 916 1309 945 καλὸν
1322 917 1368 957 ἦν,
1397 916 1464 950 ἅπαξ
1492 923 1552 949 ταῖς
1579 917 1678 957 χήραις
1706 916 1901 956 καταλεγείσας

1074 961 1112 998 μὴ
1146 965 1339 1000 καταστρηνιᾷν
1376 967 1423 991 τοῦ
1457 961 1578 1002 Χριστοῦ,
1618 961 1686 1000 μηδέ
1714 962 1817 990 ἀθετεῖν
1848 963 1902 996 τὴν

1074 1005 1182 1045 πρώτην
1196 1006 1294 1038 πίστιν,
1323 1006 1431 1040 Ἐπειδὴ
1461 1006 1488 1034 δὲ
1519 1011 1596 1035 τοῦτο
1627 1007 1741 1043 ποιοῦσι,
1758 1007 1900 1046 γαμείτω-

1074 1061 1134 1088 σαν,
1148 1051 1192 1079 καὶ
1221 1051 1259 1089 μὴ
1282 1052 1503 1090 κατεγγυάτωσαν
1532 1052 1626 1084 ἑαυτὰς
1653 1055 1692 1088 τῷ
1720 1055 1834 1090 Χριστῷ,
1853 1053 1904 1080 καὶ

1075 1095 1157 1127 οὕτως
1172 1096 1349 1135 γαμείτωσαν.
1380 1097 1416 1125 Τὸ
1444 1097 1493 1134 μὲν
1522 1097 1572 1136 γὰρ
1600 1096 1796 1136 ἀναμάρτητον,
1827 1097 1860 1124 τὸ
1875 1096 1900 1124 δ’

1075 1139 1190 1170 ἀνόσιον.
1213 1141 1248 1170 Τὸ
1270 1141 1319 1180 γὰρ
1347 1141 1464 1181 κεχηνὸς
1486 1141 1572 1169 αὑτῶν
1595 1141 1640 1169 καὶ
1674 1141 1801 1180 ῥῄθυμον,
1826 1141 1901 1169 οὕτω

1073 1188 1136 1223 γοῦν
1164 1185 1383 1225 καταστέλλεται,
1425 1189 1459 1224 τῇ
1509 1184 1680 1224 περισσοτέρᾳ
1721 1185 1807 1223 θλίψει
1851 1187 1898 1213 καὶ

1073 1230 1197 1271 φροντίδι,
1237 1242 1254 1272 ς.
1281 1231 1416 1269 Μηδεμίαν
1444 1232 1566 1272 ἀφορμὴν
1594 1231 1690 1259 διδόναι
1718 1235 1756 1269 τῷ
1781 1232 1899 1260 ἀντικει-

1073 1267 1155 1313 μένῳ.
1196 1287 1207 1304 ι
1241 1267 1283 1304 Ἂν
1311 1267 1361 1316 γὰρ
1384 1276 1409 1309 ἐς
1439 1267 1517 1316 ὀρθοῦ.
1541 1277 1683 1315 γαμήσωσι
1714 1267 1752 1314 μῆ
1766 1277 1897 1316 πρότερον

1074 1320 1167 1352 ἑαυτὰς
1198 1323 1303 1360 Χριστῷ
1349 1321 1575 1360 κατεγγυήσασαι,
1616 1321 1664 1348 οὐκ
1697 1321 1733 1352 εὶς
1769 1320 1896 1360 ἀφορμὴν

1073 1363 1201 1404 λοιδορίας
1232 1364 1346 1398 ἥξουσιν.
1377 1365 1434 1405 Οὐχ
1462 1365 1508 1393 ἵνα
1537 1364 1565 1392 δὲ
1590 1363 1673 1396 ἀδεῶς
1701 1365 1776 1402 ζῶσι,
1794 1372 1898 1404 γαμεῖν

1073 1408 1239 1448 προσέταξεν,
1258 1408 1317 1437 ἀλλ’
1347 1409 1394 1437 ἵνα
1435 1415 1495 1442 ταῖς
1530 1410 1646 1450 φροντίσι
1672 1410 1894 1454 γυῦνυπιεζόμε-

1073 1464 1125 1493 ναι,
1157 1457 1203 1481 τοῦ
1243 1454 1359 1491 κοσμίως
1408 1457 1454 1492 ζῇν
1482 1455 1676 1494 προνοήσωσιν,
1698 1465 1711 1481 ι
1752 1453 1808 1487 Han
1844 1456 1896 1494 γὰρ

1072 1508 1140 1531 τινες
1155 1498 1342 1537 ἐξετράπησαν.
1364 1509 1375 1528 ι
1402 1500 1451 1527 Διὰ
1475 1499 1500 1527 τί
1519 1498 1546 1526 δὲ
1574 1499 1703 1532 τοσαύτην
1733 1498 1896 1539 παραφυλα-

1072 1543 1122 1576 κὴν
1138 1544 1197 1583 περὶ
1211 1545 1295 1572 αὐτῶν
1323 1543 1454 1580 ἐποιήσω,
1478 1544 1521 1571 καὶ
1552 1543 1636 1571 πλείω
1665 1543 1731 1582 ἥπερ
1761 1543 1802 1571 ἐπὶ
1839 1547 1894 1572 τῶν

1072 1587 1229 1628 παρθένων;
1264 1582 1328 1617 ΠΟτι
1349 1588 1435 1627 αὐταὶ,
1465 1589 1540 1628 φησὶ,
1565 1588 1614 1621 τὴν
1636 1588 1758 1627 ἀφορμὴν
1773 1587 1894 1616 δεδώκα-

1073 1643 1114 1660 σιν
1146 1632 1310 1672 ἐκτραπῆσαι
1353 1633 1438 1660 ὀπίσω
1479 1635 1525 1660 τοῦ
1565 1635 1680 1663 Σατανᾶ.
1712 1635 1799 1661 Ταῦτα
1827 1634 1891 1672 γὰρ,

1072 1677 1146 1717 φησὶ,
1164 1676 1247 1716 λέγω,
1263 1677 1314 1717 οὐχ
1335 1676 1381 1705 ἵνα
1410 1677 1448 1714 μὴ
1476 1678 1525 1704 ὦσι
1551 1677 1675 1716 νεώτεραι
1705 1679 1801 1717 χῆραι,
1824 1677 1895 1705 ἀλλὰ

1072 1720 1193 1753 δεδοικὼς
1218 1721 1256 1759 μὴ
1284 1722 1330 1749 τὸν
1358 1722 1469 1760 Χριστὸν
1497 1721 1657 1756 ἆθετήσωσι,
1683 1731 1694 1749 I
1720 1720 1752 1749 Εἴ
1781 1733 1821 1753 τις
1844 1733 1894 1750 πι-

1072 1766 1144 1798 στός,
1165 1777 1177 1794 ι
1198 1765 1290 1798 Καλῶς
1315 1767 1356 1797 τὸ,
1385 1767 1478 1798 Πιστὸς
1507 1766 1526 1799 ἢ
1554 1766 1647 1799 πιστὴ,
1685 1766 1714 1794 Et
1740 1766 1790 1805 γὰρ
1825 1766 1895 1800 ἦσαν

1072 1811 1188 1846 ἄπιστοι,
1217 1811 1263 1839 οὒκ
1291 1809 1342 1838 ἔδει
1370 1811 1432 1850 παρ’
1461 1810 1546 1838 αὐτῶν
1586 1810 1751 1854 τρέφεσθαιῂ,
1770 1810 1816 1838 ’ἵνα
1853 1812 1893 1848 μὴ

1071 1855 1164 1888 δόξωσι
1179 1854 1279 1884 δέεσθαι
1309 1856 1334 1883 αἱ
1362 1856 1452 1883 πισταὶ
1486 1857 1538 1883 τῶν
1574 1855 1702 1883 ἀπίστων.
1750 1854 1842 1887 Αλλως
1864 1855 1892 1884 δῖ

1070 1901 1114 1928 καὶ
1129 1900 1192 1940 πρὸς
1208 1900 1269 1931 τοὺς
1284 1899 1454 1937 πειθομένους
1483 1900 1508 1927 αἱ
1537 1898 1697 1937 νομοθεσίαι,
1729 1899 1759 1927 οὗ
1786 1901 1848 1932 τοὺς
1863 1902 1895 1928 0'1

1070 1944 1305 1983 πεισθησομένους,
1345 1956 1358 1972 ι
1375 1943 1538 1984 Ἐπαρκείτω
1584 1945 1690 1975 αὐταῖς.
1728 1954 1743 1973 )
1782 1942 1895 1984 Ἀϐαρὲς

1069 1990 1175 2018 ποιείτω
1204 1990 1235 2018 τὸ
1265 1992 1384 2028 πρᾶγμα.
1418 1989 1466 2016 Διὰ
1493 1989 1542 2028 γὰρ
1569 1991 1626 2025 τοῦ,
1656 1988 1813 2028 ἐπαρκείτω,
1842 1990 1895 2022 τὴν

1069 2033 1212 2073 ἀναγκαίαν
1247 2033 1364 2068 ἐδήλωσε
1389 2034 1500 2073 τροφήν.
1536 2043 1548 2061 α
1567 2033 1615 2062 Καὶ
1641 2033 1695 2070 μὴν
1723 2033 1851 2072 βαρείσθω
1873 2035 1892 2068 ἡ

1069 2078 1224 2112 Ἐκκλησία.
1242 2087 1258 2108 )
1292 2073 1379 2106 ιὨστε
1409 2079 1432 2105 οἱ
1457 2078 1546 2106 πιστοὶ
1574 2077 1709 2117 τρέφοντες
1729 2078 1775 2110 τὰς
1791 2078 1893 2108 ἑαυτῶν

201 2118 346 2152 Ecclesia.
363 2132 377 2152 ›
396 2121 497 2162 Itaque
512 2121 608 2152 ﬁdelis
632 2120 684 2162 qui
709 2129 776 2152 suas
802 2120 885 2151 alunt
909 2120 1024 2162 viduas,

1113 2133 1165 2162 ρας,
1198 2124 1240 2151 καὶ
1283 2130 1344 2155 ταῖς
1371 2125 1420 2155 τῆς
1443 2121 1603 2155 Ἐκκλησίας
1646 2123 1744 2162 χήραις
1772 2121 1891 2160 συμϐάλ-

204 2163 292 2195 etiam
309 2164 449 2198 Ecclesia;
459 2166 564 2197 viduas
568 2166 692 2206 juvant:
709 2165 950 2206 quandoquidem
967 2175 1026 2196 non

201 2210 460 2248 gravataEcelesia
481 2211 605 2242 uberius
618 2210 677 2241 alet
687 2219 759 2251 quas
768 2209 832 2250 alit,
844 2218 951 2250 nempe
961 2219 1026 2251 quae

200 2262 269 2285 vere
280 2260 349 2287 sunt
360 2256 466 2293 vidua),
482 2256 539 2287 hoc
551 2255 720 2296 est.quibus
731 2255 828 2285 nullus
837 2258 958 2295 praeest,
972 2254 1024 2286 sed

201 2298 341 2332 desolata;
350 2304 430 2333 sunt.
449 2312 459 2328 ι
469 2300 508 2332 Ut
520 2300 556 2331 iis
568 2309 633 2341 quae
644 2309 713 2331 vere
722 2303 791 2331 sunt
801 2299 896 2330 viduae
911 2308 1023 2340 suppe-

199 2347 250 2375 tat.
266 2357 278 2374 ι
294 2346 371 2377 Vere
383 2345 478 2377 vidua:
486 2355 551 2387 quae
561 2344 694 2385 undique
709 2343 845 2375 dosertae‘
861 2347 938 2374 sunt.
949 2343 1022 2375 Nam

198 2389 249 2430 qui
266 2390 322 2422 hoc
329 2391 408 2428 facit,
417 2400 477 2422 non
485 2391 581 2421 solum
595 2389 646 2421 alit
660 2398 747 2430 quam
760 2389 823 2426 alit,
847 2388 899 2419 sed
910 2392 940 2419 et
948 2389 1023 2419 reli-

198 2435 264 2476 quis
289 2435 413 2466 multnm
439 2435 566 2475 confert,
597 2434 668 2465 dum
685 2434 802 2465 occasio
833 2437 888 2471 est,
905 2438 937 2464 ut
964 2433 1023 2465 illis

197 2478 400 2512 abundantius
412 2480 631 2521 suppeditetur.

504 2523 626 2556 CAPUT
648 2523 712 2556 XII.

394 2569 438 2602 De
449 2569 691 2611 preabyterorem
707 2568 830 2600 honore.

217 2614 251 2652 V,
258 2614 349 2646 17-21
357 2637 365 2646 .
371 2615 430 2653 Qui
439 2615 512 2647 bene
517 2613 958 2655 prasantpresbyteriﬂuplici
965 2613 1021 2644 ho-

192 2659 361 2700 noredtgm‘
367 2659 686 2692 habeanturmuxime
693 2659 717 2689 ii
724 2659 778 2699 qui
783 2658 921 2690 laborant
928 2659 960 2689 in
968 2666 1024 2689 ser-

190 2712 281 2735 mone
289 2707 317 2736 et
323 2705 471 2736 doctrina.
479 2704 562 2736 Dicit
572 2703 826 2743 enimScr-iptura:
836 2705 900 2734 Non
908 2703 1021 2744 obliga-

192 2749 237 2780 bis
244 2757 277 2781 os
284 2749 353 2783 bovi
360 2749 715 2788 triturantt'.Et:Digtms
724 2752 767 2779 est
775 2748 933 2788 operarius
939 2757 1021 2779 mer—

190 2794 491 2828 cedesua.Adversus
496 2794 643 2826 seniorem
650 2802 686 2824 ne
694 2792 851 2824 admiseris
858 2793 1025 2825 accusatio-

1068 2167 1157 2196 λονται
1176 2191 1183 2198 ,
1199 2169 1245 2196 οἷα
1259 2166 1292 2201 δὴ
1321 2167 1360 2205 μὴ
1388 2167 1552 2205 βαρουμένης
1582 2168 1631 2200 τῆς
1657 2166 1829 2204 Ἐκκλησίας,
1846 2170 1891 2196 καὶ

1067 2210 1108 2240 διὰ
1142 2215 1219 2240 τοῦτο
1248 2212 1428 2251 ἀφθονώτερον
1456 2212 1614 2251 τρεςρούσης,
1643 2211 1674 2242 ἃς
1703 2211 1802 2251 τρέφει,
1841 2213 1890 2244 τὰς

1066 2256 1146 2290 ὅντως
1166 2256 1267 2291 δηλαδὴ
1298 2258 1397 2297 χήρας,
1428 2257 1546 2286 τουτέστι
1575 2257 1622 2289 τὰς
1651 2255 1889 2295 ἀπροστιτεύτους,

1066 2303 1108 2331 καὶ
1124 2296 1324 2340 μεμονωμένας,
1345 2313 1358 2329 α
1384 2296 1402 2308 ι’
1417 2307 1459 2330 ινα
1473 2308 1534 2334 ταῖς
1556 2301 1639 2333 ὄντως
1654 2302 1768 2340 χήραις.
1789 2313 1800 2328 ι
1821 2297 1890 2331 UOu-

1065 2357 1117 2379 τως
1141 2349 1225 2386 χῆραι
1275 2347 1300 2374 αἰ
1345 2347 1472 2374 πάντοθεν
1515 2346 1622 2385 ἔρημοι.
1673 2342 1701 2374 Ὀ
1726 2347 1775 2385 γὰρ
1810 2351 1889 2376 τοῦτο

1064 2391 1159 2428 ποιῶν,
1179 2392 1268 2431 φησὶν,
1284 2393 1314 2420 οὗ
1328 2391 1409 2428 μόνον
1434 2391 1467 2424 ἣν
1494 2390 1594 2430 τρέφει,
1630 2390 1729 2430 τρέφει,
1760 2390 1829 2419 ἀλλὰ
1844 2394 1888 2420 καὶ

1064 2442 1124 2467 ταῖς
1161 2435 1268 2468 λοιπαῖς
1311 2435 1379 2464 πολὺ
1420 2433 1608 2473 συμϐάλλεται,
1657 2434 1756 2467 πλάτος
1792 2435 1887 2468 αὖταῖς

1065 2480 1207 2519 προξενῶν,

1374 2528 1500 2555 ueram.
1517 2520 1570 2556 ω’.

1260 2581 1274 2597 α
1298 2571 1359 2610 Περὶ
1373 2568 1554 2610 πρεσϐυτέρων
1569 2571 1661 2607 τιμῆς.
1680 2580 1693 2598 Ι

1107 2626 1121 2641 α
1151 2616 1181 2643 Οἱ
1216 2613 1304 2647 καλῶς
1346 2617 1511 2654 προεστῶτες
1557 2613 1737 2654 πρεσϐύτεροι,
1787 2614 1883 2649 διπλῆς

1063 2661 1144 2697 τιμῆς
1185 2658 1371 2692 ἀξιούσθωσαν.
1422 2658 1542 2687 Μάλιστα
1584 2660 1607 2687 οἱ
1653 2659 1800 2691 κοπιῶντες
1856 2660 1882 2688 ἐν

1062 2703 1134 2742 λόγῳ
1169 2704 1211 2731 καὶ
1240 2702 1402 2740 διδασκαλία,
1442 2703 1517 2742 Λέγει
1546 2704 1595 2743 γὰρ
1630 2704 1646 2736 ἦ
1676 2704 1765 2742 Γραφή
1782 2712 1789 2718 ·
1818 2708 1883 2733 Βοῦν

1064 2748 1184 2776 ἀλοῶντα
1219 2749 1247 2776 οὗ
1280 2749 1421 2787 φιμώσεις.
1454 2749 1512 2787 Κϊῖ,
1556 2748 1631 2780 ΛΞιος
1658 2749 1672 2776 ὁ
1700 2747 1813 2786 ἐργάτης
1837 2756 1883 2780 τοῦ

1065 2794 1158 2831 μισθοῦ
1197 2794 1287 2822 αὖτοῦ.
1330 2794 1401 2821 Κατὰ
1429 2791 1602 2831 πρεσϐυτέρου
1637 2794 1796 2831 κατηγορία-ι
1843 2796 1880 2831 μὴ
