1947 3079
215 140 275 174 175

778 139 985 174 (EC’UMENII
1005 132 1152 171 'm'Icca:
1173 139 1339 172 EPISGOPI

1852 138 1913 170 176

216 213 344 250 quenter
356 213 386 242 et
394 209 437 242 ab
453 209 591 243 humanis
603 209 772 241 exhortatur
778 208 953 240 rationibus.
961 207 1053 244 Quo-.

1137 207 1222 247 τρέπει
1250 207 1398 247 λογισμῶν.
1428 206 1538 242 Ἐπειδὴ
1566 207 1626 247 γὰρ,
1656 208 1747 248 φησὶν,
1776 208 1798 236 οἰ
1835 207 1911 245 πρό-

217 255 555 297 niam,inquit,tnajores
567 259 596 286 te
607 253 767 295 quaevidua
779 262 810 284 es
827 255 1037 294 provexerunt,

217 303 247 330 et
258 300 301 330 tui
315 309 417 332 curam
432 300 620 332 habuerunt:
654 303 685 330 tu
701 307 772 338 ergo
788 307 855 329 cum
872 298 931 328 illis
945 297 1039 326 vicem

215 345 383 385 rependere
393 348 608 385 nequeas,sunt
619 344 699 375 enim
711 343 819 374 mortui
833 352 839 374 :
854 352 907 383 per
920 342 962 372 ill.
973 350 1039 372 rum

218 393 353 429 nepotes,
368 393 435 420 tuos
449 393 547 420 autem
559 388 682 427 liberos,
699 388 794 419 vicem
815 388 874 418 illis
894 385 1037 427 repende,

219 433 266 464 his
281 433 378 473 gratia
386 433 517 464 reddens
529 433 668 474 quasillis
683 432 869 464 debebas.——
884 432 956 463 Alio
969 438 1039 470 quo-

217 478 382 516 quomodo.
396 477 439 508 Ad
455 486 490 509 ea
503 477 593 508 verba
605 477 746 508 :‘Discant
761 477 846 508 liberi
867 480 896 507 et
916 478 1040 516 nepotes

219 521 346 561 primum
360 521 487 552 domum
507 522 656 562 propriam
672 522 719 562 pie
744 525 886 552 tractare:
911 521 967 550 hoc
983 523 1037 550 est.

218 565 339 596 Discant
349 565 437 597 liberi
447 570 481 597 ὀι
492 569 614 607 nepotes
631 570 760 597 matrem
779 564 928 606 propriam
944 564 1039 594 hono—

219 619 287 641 rare
297 614 326 641 et
335 610 416 642 alere
425 619 460 642 ac
469 611 512 642 illi
523 610 712 642 benefacere.
721 610 794 641 Nam
805 610 861 640 hoc
873 609 1019 649 signiﬁcat
1031 618 1038 638 :

219 657 274 688 Pie
288 660 425 695 tractare,
446 661 485 688 ‘et
508 657 680 698 majoribus,
709 657 766 688 hoc
795 660 838 687 est
853 656 934 687 aviae.
952 654 1041 686 Addit

221 710 339 742 quoque
353 701 391 732 ad
405 701 564 739 rationem,
577 701 655 741 quod
670 702 725 732 hoc
741 701 801 732 Deo
817 701 857 731 sit
871 703 1038 740 acceptum.

225 757 237 774 ι
255 746 347 777 Porro
364 752 430 786 quae
442 755 511 777 vere
523 746 610 777 vidua
621 751 677 778 est.
696 758 709 774 ιι
728 745 872 782 Quoniam
887 743 976 784 jussit
991 752 1041 774 eas

223 789 365 822 honorari
380 798 446 831 quae
460 799 532 822 vere
545 794 615 821 sunt
626 790 731 828 viduae,
749 790 821 820 dicit
838 798 918 820 nunc
937 789 1041 829 quales

221 838 289 865 sunt
302 843 373 866 vere
386 835 491 873 viduae,
508 834 598 866 veluti
613 835 760 865 narrando
775 833 948 866 describens
962 833 1038 863 illas.
1052 849 1071 873 Β

222 877 388 909 Desolatam
404 881 502 909 autem
519 878 590 909 dicit
605 882 635 910 et
655 888 671 909 ει
686 879 754 910 ﬁliis
780 884 809 909 et
837 887 853 908 a
869 876 1038 917 nepotibus.

225 933 236 950 α
255 922 290 953 Et
305 923 478 963 perseverat
492 923 523 953 in
540 923 806 954 obsecrationibus.
825 935 838 950 »
856 922 923 953 Haec
942 921 1043 961 itaque

221 975 292 998 vere
303 967 393 998 vidua
403 971 448 999 est
463 976 529 1008 quae
541 972 642 1008 sperat
652 968 683 999 in
695 967 821 999 Domino
831 971 860 998 et
874 970 1043 1008 perseverat

222 1012 253 1042 in
269 1011 537 1043 obsecrationibus.
547 1011 693 1048 Quoniam
708 1012 786 1043 enim
799 1012 835 1042 ab
850 1012 979 1042 humano
991 1010 1042 1041 de-

223 1059 302 1088 serta
319 1057 494 1097 est'auxilio,
503 1058 610 1088 merito
623 1057 659 1088 ad
672 1057 764 1088 Deum
777 1056 937 1096 confugit.«
951 1056 1042 1087 Caete-

224 1104 374 1143 rum‘quae
388 1102 418 1133 in
429 1101 546 1133 deliciis
574 1105 717 1139 versatur,
748 1111 783 1133 ea
797 1102 898 1132 vivens
926 1103 1043 1131 mortua

223 1149 279 1177 est.
293 1159 307 1175 ι»
325 1146 477 1187 Siquidem
493 1146 562 1187 quia
577 1147 675 1178 multae
698 1146 870 1178 viduitatem
886 1145 997 1184 eligunt
1012 1148 1044 1174 ut

223 1191 329 1231 majori
342 1191 638 1222 auctoritate‘faciant
664 1200 728 1232 qum
750 1201 809 1223 non
833 1194 961 1232 Oportet,
979 1188 1038 1220 ait:

223 1235 299 1271 Quaa‘
308 1235 339 1266 in
349 1235 465 1266 deliciis
479 1240 622 1274 versatur,
639 1236 671 1266 id
692 1240 747 1272 est,
766 1235 905 1266 deliciose
921 1233 991 1274 agit,
1009 1241 1044 1264 ea

222 1280 325 1311 vivens
340 1283 457 1311 mortua
471 1284 526 1311 est.
543 1280 695 1316 Quomodo
706 1283 720 1312 ?
743 1280 818 1316 Quia
841 1279 973 1320 presenti
986 1278 1044 1308 vita

223 1325 339 1356 videtur
348 1325 445 1356 vivere
458 1333 465 1356 :
482 1324 535 1356 sed
547 1326 633 1356 vitam
651 1325 748 1365 perdit
762 1330 915 1356 aeternam.
929 1325 1044 1355 Mortua

224 1373 348 1409 estergo
364 1378 417 1409 per
432 1372 598 1410 peccatum,
615 1373 756 1410 quantum
784 1369 818 1400 ad
844 1368 925 1399 illam
941 1368 1041 1398 vitam.

228 1412 293 1444 (Et
302 1413 512 1455 haecpraecipe.
527 1426 537 1441 ι
546 1413 637 1444 Vides
647 1413 726 1454 quod
737 1422 801 1444 rem
817 1413 893 1444 hanc
905 1416 1044 1452 tanquam

225 1457 322 1497 legem
334 1463 400 1489 esse
414 1457 485 1489 velit
510 1458 526 1488 ‘?
542 1457 608 1489 Non
631 1458 710 1489 enim
732 1459 801 1488 257
827 1458 999 1488 adhortatur
1015 1458 1046 1485 ut

225 1502 335 1542 eligant
348 1509 409 1534 non
423 1509 530 1534 vacare
544 1502 660 1534 deliciis
670 1503 722 1534 sed
738 1507 876 1543 tanquam
890 1503 1043 1542 peecatum

226 1551 314 1578 vetat.
333 1559 347 1575 α
365 1547 449 1584 Quod
463 1547 488 1578 si
499 1555 556 1588 qna
578 1547 651 1578 suis.
667 1559 682 1576 ι
707 1547 771 1578 Non
795 1547 902 1578 sufﬁcit
917 1553 1045 1586 namque

227 1591 264 1622 ad
290 1592 415 1623 salutem
440 1592 560 1633 propria
587 1596 699 1622 tantum
727 1591 829 1628 virtus,
856 1591 913 1621 nisi
928 1591 965 1621 de
980 1589 1046 1621 aliis

228 1635 316 1667 etiam
331 1646 432 1668 curam
450 1636 567 1668 habeat.
584 1636 627 1668 De
643 1636 729 1667 vidua
756 1640 853 1667 autem
869 1635 931 1666 haec
947 1634 1020 1665 dicit
1038 1644 1044 1663 :

227 1689 379 1726 suosvero
405 1681 535 1726 appellat
563 1681 614 1721 qui
642 1689 753 1717 genere
770 1689 836 1711 eam
859 1680 1044 1726 contingunt.

227 1723 382 1766 Siquidem
399 1723 545 1765 contingit
565 1733 636 1756 suos
663 1734 729 1756 esse
751 1729 820 1766 puta
845 1725 968 1761 amicos,
987 1732 1046 1754 non

221 1771 325 1801 autem
342 1770 432 1802 etiam
444 1769 633 1808 domesticos,
647 1769 739 1800 Debet
757 1770 857 1810 itaque
870 1769 931 1800 suis
942 1767 1046 1809 provi-

228 1814 311 1854 dere,
329 1815 455 1846 maxime
466 1819 564 1845 autem
576 1814 746 1846 domesticis
759 1814 847 1854 :quod
861 1823 920 1844 non
931 1813 1001 1844 facit
1013 1821 1047 1844 ea

231 1869 296 1900 quae
310 1856 469 1891 in'deli'c'iis
481 1863 624 1898 versatur,
638 1859 710 1890 solis
721 1859 838 1890 deliciis
851 1858 984 1890 animum
997 1858 1047 1889 ad-

229 1903 347 1935 hibens.
368 1903 436 1935 (Et
447 1904 574 1935 maxime
589 1903 792 1938 domesticis.)
816 1903 883 1935 Suis
895 1908 923 1934 et
940 1904 1046 1934 dome-

229 1948 311 1979 sticis
323 1947 466 1989 providet,
483 1948 534 1989 qui
547 1958 607 1979 non
619 1948 713 1980 solum
727 1957 828 1980 curam
840 1948 930 1979 habet
944 1957 1046 1979 eorum

228 1993 279 2034 qui
290 1991 492 2034 aliquo'modo
504 1995 689 2033 contingunt,
702 1993 754 2024 sed
764 1997 792 2024 et
808 1993 854 2023 sui
864 1993 969 2034 ipsius,
981 2002 1046 2034 pro-

229 2035 363 2079 prios'am
369 2038 498 2078 putando
506 2038 641 2069 affectus.
652 2037 696 2068 Ita
702 2038 840 2069 Clemens
847 2038 974 2078 septimo
999 2038 1049 2069 Ιη-

228 2082 674 2122 /ormationum:Providéntiam
682 2082 845 2114 sivecuram
853 2082 922 2113 dicit
932 2086 961 2113 et
968 2082 1049 2113 illam

229 2126 512 2178 quacircaa‘ni'mam
520 2131 565 2178 est
574 2131 673 2167 etquae
683 2127 762 2178 circa
774 2136 883 2167 corpus
915 2140 927 2154 α
944 2126 1048 2158 Fidem
1060 2153 1081 2178 υ

231 2172 376 2212 ηεεονίιδ
387 2171 422 2202 Et
431 2171 580 2212 quomodo
590 2180 624 2202 ea
634 2181 701 2211 quae
709 2172 739 2202 in
748 2172 864 2202 deliciis
871 2175 1050 2209 versatur,et

230 2216 291 2248 suis
303 2226 336 2248 ac
344 2216 514 2248 domesticis
521 2226 580 2247 non
590 2216 827 2257 providet,tidem
836 2216 965 2256 negavit?
975 2215 1049 2252 Quia

229 2261 340 2292 dictum
349 2264 394 2293 est
402 2261 499 2302 inquit
511 2272 517 2292 :
531 2261 566 2291 Et
579 2261 757 2292 domesticos
768 2261 818 2301 qui
827 2261 864 2291 de
872 2261 986 2291 semine
1001 2265 1048 2291 tuo

231 2305 302 2337 sunt
314 2315 352 2337 ne
361 2305 521 2346 despicias.
532 2303 616 2342 Quod
637 2305 662 2336 si
679 2306 772 2336 Deum
793 2305 904 2336 videris
924 2315 982 2336 non
997 2314 1049 2335 ne-

230 2350 340 2389 garc,si
347 2353 446 2381 tamen
454 2349 537 2390 leges
545 2350 610 2390 ejus
620 2349 948 2390 transgrederis,ipsum
958 2351 1049 2380 Deum

231 2395 355 2435 negasti.
372 2393 486 2426 Dictum
503 2399 547 2425 est
571 2394 650 2425 enim
667 2403 675 2425 :
707 2395 799 2426 Deum
830 2395 1006 2435 proﬁtentur
1019 2403 1051 2425 se

229 2443 330 2478 nosse,
347 2442 486 2470 caeterum
503 2438 587 2469 factis
603 2443 720 2478 negant.
752 2439 815 2475 Quo
840 2439 928 2470 modo
952 2443 1050 2470 autem

231 2483 369 2515 estetiam
381 2483 641 2515 inﬁdelideterior.
650 2483 723 2520 Quia
732 2483 868 2517 inﬁdeles
881 2493 1050 2524 quanquam

230 2538 290 2559 non
302 2527 450 2566 omnibus,
473 2528 509 2559 ad
536 2528 639 2559 saltem
663 2528 795 2568 cognatis
811 2528 978 2569 provident,
996 2537 1051 2559 na-

231 2577 305 2604 turae
318 2573 384 2613 lege
398 2572 522 2604 inducti.

270 2617 307 2655 V,
334 2617 423 2650 9-13.
462 2617 559 2649 Vidua
594 2617 726 2659 eligatur
737 2627 799 2649 non
834 2618 936 2649 minor
962 2618 1053 2649 annis

230 2662 403 2703 sexaginta,
419 2670 486 2702 quae
501 2662 597 2702 fuerit
623 2663 714 2694 unius
736 2664 801 2694 viri
826 2671 914 2699 uxor,
932 2665 965 2694 in
982 2671 1052 2702 ope-

230 2706 315 2738 ribus
328 2706 416 2738 bom's
428 2706 584 2738 hominum
599 2707 768 2739 testimonio
791 2707 981 2748 comprobata
997 2717 1003 2738 :
1028 2708 1054 2738 si

232 2751 345 2783 liberos
359 2752 511 2790 educavit,
527 2752 555 2783 si
569 2752 628 2791 fuit
644 2751 811 2792 hospitalis.
827 2753 854 2783 si
881 2756 1054 2784 sanctorum

233 2797 325 2838 pedes
339 2796 426 2837 lavit,
441 2798 468 2828 si
496 2796 620 2836 afﬂictis
645 2797 902 2834 subministravit,
923 2797 950 2828 si
968 2805 1055 2828 omne

1080 263 1152 291 γονοι
1180 251 1277 286 ἆνῆξάν
1312 263 1341 280 σε
1375 252 1419 281 καὶ
1455 251 1607 290 ἐπιμελείας
1642 251 1767 288 ἠξίωσαν,
1804 252 1837 279 σὺ
1881 250 1909 278 δὲ

1081 296 1188 329 ἐκείνοις
1217 297 1264 329 τὰς
1292 296 1406 335 ἀμοιϐὰς
1436 298 1485 326 οὒκ
1518 295 1636 336 ἴσχυσας
1663 295 1809 324 ἀντιδοῦναι).
1848 295 1911 335 (ἀπ-

1081 340 1170 370 έθανον
1192 342 1263 381 γὰρ),
1287 340 1329 369 διὰ
1348 344 1400 370 τῶν
1431 341 1546 380 ἐκγόνων
1576 344 1628 369 τῶν
1657 341 1774 379 ἐκείνων,
1804 341 1911 369 τέκνων

1081 384 1108 413 δὲ
1130 389 1194 426 σῶν,
1224 386 1335 423 ἄμειψαι
1364 387 1468 426 αὖτοὺς,
1493 386 1524 417 ἃς
1553 385 1664 425 ὣφειλες
1693 385 1802 416 ἐκείνοις
1820 386 1910 425 χάριν

1081 440 1127 462 τας
1155 431 1257 462 τούτοις
1293 429 1460 462 ἀποδιδοῦσα,
1498 446 1538 453 -—
1579 432 1627 459 Καὶ
1655 430 1754 462 ἄλλως,
1783 431 1829 462 Εἰς
1859 430 1907 466 τδ,

1082 475 1289 504 Μανθανέτωσαν
1304 476 1337 503 τὰ
1365 475 1443 503 τέκνα
1477 476 1520 503 καὶ
1547 475 1580 503 τὰ
1609 475 1703 514 ἔκγονα
1732 479 1839 515 πρῶτον
1861 475 1911 502 τὸν

1082 518 1150 548 ἴδιον
1185 520 1261 548 οἶκον
1304 518 1423 548 εὒσεὸεϊν
1438 530 1444 535 ·
1474 520 1603 556 τουτέστι,
1632 520 1842 548 Μανθανέτωσαν
1876 520 1910 546 τὰ

1080 564 1159 592 τέκνα
1173 565 1216 592 καὶ
1230 565 1262 592 τὰ
1295 564 1400 603 ἔκγονα,
1437 567 1515 602 τιμᾷν
1542 565 1593 598 τὴν
1619 565 1715 593 οἰκείαν
1742 565 1845 603 μητέρα
1861 565 1908 592 καί

1080 608 1182 648 τρέφειν
1207 609 1251 636 καὶ
1279 609 1307 637 εὖ
1334 615 1422 639 ποεῖν,
1460 612 1543 637 Τοῦτο
1571 609 1620 649 γὰρ
1647 608 1730 648 λέγει,
1762 607 1906 638 Εὖσεϐεἴν.

1083 653 1131 680 Καὶ
1152 659 1210 685 τοῖς
1240 653 1391 692 προγόνοις,
1416 654 1546 693 τουτέστι,
1582 656 1616 691 τῇ
1637 654 1747 691 μάμμῃ.
1786 654 1907 693 Προστί-

1081 698 1141 730 θησι
1154 698 1199 725 καὶ
1214 696 1346 737 λογισμῷ,
1368 697 1408 726 ὅτι
1430 699 1474 726 καὶ
1498 702 1535 736 τῷ
1565 702 1622 735 Θεῷ
1650 702 1727 726 τοῦτο
1742 698 1905 729 ἀπόδεκτον,

1085 753 1098 768 α
1117 736 1148 769 Ἠ
1170 740 1197 770 δὲ
1228 741 1311 774 ὅντως
1335 743 1419 782 χήρα.
1441 755 1451 771 ιι
1485 742 1598 777 Ἐπειδὴ
1627 743 1674 775 τὰς
1704 742 1787 774 ὅντως
1817 744 1911 782 χήρας

1081 787 1206 822 τιμᾶσθα.
1222 786 1374 826 προσέταξε,
1406 788 1449 815 νῦν
1479 787 1550 826 λέγει
1579 787 1655 815 ποῖαί
1681 788 1744 816 εἰσιν
1766 789 1791 815 αἱ
1807 787 1909 823 ὅντως,

1082 830 1118 861 ὡς
1141 829 1168 857 ἒν
1190 829 1312 870 ἐξηγήσει
1346 832 1548 871 χαρακτηρίζων
1574 833 1665 863 αὑτὰς.
1704 831 1910 869 Μομονωμέντιν

1082 873 1109 901 δέ
1125 885 1202 914 φησι,
1224 875 1269 903 καὶ
1283 875 1335 903 ἀπὸ
1363 875 1473 904 τέκνων.
1504 876 1547 904 καὶ
1577 877 1630 904 ἀπὸ
1665 875 1792 915 ἐκγόνων.
1828 887 1842 905 ι
1860 877 1910 906 Καὶ

1083 919 1223 958 προσμένει
1239 927 1300 952 ταῖς
1322 919 1438 958 δεήσεσι,
1460 932 1470 948 ι
1509 920 1580 954 Αὕτη
1614 925 1753 960 τοιγαροῦν
1774 921 1791 955 ἧ
1822 921 1909 952 ὄντως

1083 963 1170 1003 χήρα,
1200 964 1218 997 ἠ
1240 964 1378 1000 ἐλπίζουσα
1405 965 1446 993 ἐπὶ
1474 966 1519 994 τὸν
1549 966 1625 1006 Θεὸν,
1648 966 1692 994 καὶ
1720 966 1910 1005 προσμένουσα

1082 1014 1143 1040 ταῖς
1194 1007 1312 1044 δεήσεσι.
1358 1008 1466 1043 Ἐπειδὴ
1506 1010 1556 1049 γὰρ
1598 1010 1696 1049 ἕρημος
1738 1011 1907 1048 ἀνθρωπίνης

1082 1052 1356 1096 ὑπάρχει-βοηθείας,
1387 1055 1494 1086 εἰκότως
1520 1054 1562 1082 ἐπὶ
1590 1058 1642 1083 τῶν
1672 1055 1735 1083 Θεὸν
1767 1056 1908 1096 καταφεύ-

1083 1107 1135 1135 γει.
1169 1108 1182 1124 ι
1207 1093 1238 1126 Ἠ
1273 1097 1300 1126 δὲ
1323 1099 1495 1136 σπαταλῶσα,
1520 1103 1592 1134 ζῶσα
1614 1099 1734 1133 τέθνηκε.
1755 1112 1768 1127 ι
1793 1099 1907 1134 Ἐπειδῆ

1083 1140 1133 1179 γὰρ
1147 1141 1243 1170 πολλαὶ
1264 1143 1313 1176 τὴν
1327 1144 1438 1182 χηρείαν
1462 1145 1603 1183 αἱροῦνται,
1634 1143 1680 1172 ’ἕνα
1703 1145 1769 1182 μετὰ
1782 1143 1907 1176 πλείονος

1084 1183 1198 1218 ἐξουσίας
1213 1187 1360 1226 πράττωσιν
1388 1187 1456 1226 ἅπερ
1484 1189 1514 1216 οὺ
1529 1189 1597 1228 χρὴ,
1609 1189 1687 1229 φησίν
1699 1198 1707 1206 ·
1721 1201 1732 1217 σ
1749 1185 1780 1217 Ἠ
1795 1188 1823 1216 δὲ
1839 1201 1907 1218 σπα-

1084 1229 1204 1270 ταλῶσα,
1230 1243 1243 1259 »
1261 1232 1404 1270 τουτέστιν,
1426 1234 1442 1266 ἡ
1465 1236 1599 1274 τροφώσα,
1626 1244 1637 1261 α
1655 1237 1727 1269 ζῶσα
1740 1234 1865 1268 τέθνηκε,
1892 1247 1904 1262 ι

1086 1276 1166 1315 Πῶς;
1183 1279 1236 1314 Ζῇν
1256 1277 1305 1316 γὰρ
1337 1275 1448 1306 δοκοῦσα
1471 1278 1521 1311 τὴν
1549 1283 1592 1307 νῦν
1620 1279 1700 1313 ζωὴν.
1735 1279 1785 1312 τὴν
1799 1279 1907 1307 αἰώνιον

1084 1319 1155 1363 ζωὴν
1185 1321 1316 1351 ἀπώλεσε.
1354 1323 1482 1356 Τέθνηκεν
1518 1323 1562 1350 οὖν
1599 1321 1640 1351 διὰ
1676 1326 1726 1356 τῆς
1761 1324 1904 1363 ἁμαρτίας,

1085 1362 1145 1409 ὅσον
1167 1366 1233 1409 πρὸς
1248 1366 1350 1400 ἐκείνην
1374 1368 1422 1401 τὴν
1452 1368 1532 1402 ζωήν.
1567 1379 1578 1395 ι
1604 1368 1652 1396 Καὶ
1679 1372 1761 1396 ταῦτα
1795 1370 1904 1409 παράγ-

1086 1408 1175 1447 γελλε.
1194 1422 1207 1437 ι
1227 1406 1302 1449 Ὀρᾷς
1317 1411 1358 1439 ὅτι
1373 1412 1409 1443 ὡς
1433 1413 1513 1449 νόμον
1533 1412 1564 1439 τὸ
1590 1415 1698 1451 πρᾶγμα
1726 1413 1796 1441 εἶναι
1812 1406 1903 1454 Oilei;

1087 1455 1123 1482 Οὐ
1157 1455 1207 1494 γὰρ
1234 1459 1268 1493 τῇ
1303 1456 1456 1495 πμοαιρέσει
1497 1458 1528 1484 τὸ
1563 1457 1602 1494 μὴ
1635 1460 1731 1498 τρυφᾷν
1757 1458 1903 1498 ἐπιτρέπει,

1087 1498 1175 1538 ὥσπερ
1200 1500 1231 1529 τὰ
1258 1501 1460 1541 κατορθώματα,
1488 1500 1548 1529 ἀλλ’
1583 1502 1620 1534 ὡς
1642 1502 1770 1541 ἁμαρτίαν
1798 1503 1905 1542 ἀπαγο-

1087 1544 1165 1582 ρεύει.
1187 1555 1200 1571 α
1221 1545 1249 1573 Ei
1264 1544 1292 1573 δέ
1311 1557 1352 1577 τις
1376 1548 1428 1573 τῶν
1455 1545 1536 1576 ἰδίων.
1560 1555 1575 1576 ι
1594 1548 1630 1576 Οὖ
1663 1547 1713 1586 γὰρ
1734 1547 1812 1587 ἀρκεῖ
1840 1550 1905 1587 πρὸς

1087 1588 1217 1627 σωτηρίαν
1233 1590 1250 1623 ἡ
1273 1590 1356 1618 οἰκεία
1385 1590 1466 1628 μόνον
1494 1590 1587 1630 ἁρετὴ,
1617 1591 1648 1618 ἃν
1677 1592 1716 1628 μή
1745 1593 1789 1620 καὶ
1816 1592 1904 1620 ἄλλων

1087 1643 1186 1672 προνοῃ
1203 1645 1255 1666 τις,
1285 1636 1346 1675 Περὶ
1374 1633 1401 1662 δὲ
1429 1637 1477 1668 τῆς
1502 1636 1590 1675 χήρας
1617 1637 1700 1665 ταῦτά
1733 1648 1826 1677 φησιν.
1856 1638 1903 1666 Οἶ-

1087 1677 1172 1710 κείους
1188 1678 1215 1706 δὲ
1231 1678 1315 1719 λέγει,
1330 1680 1391 1711 τοὺς
1405 1683 1444 1716 τῷ
1459 1679 1527 1718 γένει
1554 1681 1748 1719 προσήκοντας.
1787 1685 1830 1710 Ενι
1855 1683 1904 1721 γὰρ

1088 1722 1158 1750 εἶναι
1171 1722 1261 1760 ἰδίους,
1278 1725 1336 1752 οἷον
1360 1724 1462 1764 φίλους,
1492 1725 1521 1753 οὑ
1549 1725 1602 1763 μὴν
1628 1726 1670 1754 καὶ
1698 1727 1820 1758 οἰκείους,
1838 1730 1905 1766 Προ-

1088 1768 1195 1801 νοητὲον
1217 1768 1260 1796 οὖν
1281 1770 1348 1807 αὐτῇ
1361 1771 1413 1796 τῶν
1433 1768 1514 1809 ἰδίων,
1532 1769 1647 1807 μάλιστα
1673 1769 1701 1799 δὲ
1736 1771 1788 1799 τῶν
1803 1772 1905 1800 οἰκείων

1090 1807 1178 1851 ιὈπερ
1198 1812 1217 1846 ἠ
1231 1812 1392 1841 σπαταλῶσα
1407 1814 1437 1842 οὐ
1450 1807 1534 1845 ποιεῖ,
1561 1817 1595 1852 τῇ
1623 1818 1706 1855 τρυφῇ
1736 1816 1806 1854 μόνῃ
1820 1828 1905 1855 προσ-

1089 1856 1200 1897 έχουσα.
1220 1867 1232 1885 οι
1246 1858 1294 1886 Καὶ
1308 1857 1422 1895 μάλιστα
1456 1862 1509 1886 τῶν
1532 1859 1645 1889 οἰκείων.
1664 1872 1678 1887 ι
1705 1863 1763 1889 Τῶν
1778 1859 1850 1889 ἰδίων
1864 1862 1906 1889 καὶ

1088 1905 1141 1929 τῶν
1164 1902 1265 1930 οἰκείων
1283 1903 1404 1942 προνοεῖ,
1431 1904 1446 1931 ὁ
1471 1904 1509 1941 μὴ
1535 1904 1614 1942 μόνον
1643 1908 1696 1933 τῶν
1716 1907 1906 1944 προσηκόντων

1088 1948 1218 1985 προνοῶν,
1241 1946 1310 1976 ἀλλὰ
1331 1948 1374 1976 καὶ
1396 1948 1473 1980 αὐτὸς
1495 1949 1593 1989 ἐευτοῦ,
1633 1947 1675 1977 διὰ
1701 1953 1747 1978 τοῦ
1770 1950 1908 1979 ἐκκόπτειν

1089 1992 1120 2020 τὰ
1142 1992 1224 2026 πάθη.
1255 1992 1344 2025 Οὕτως
1374 1993 1388 2021 ὁ
1410 1992 1523 2031 Κλήμης
1561 1993 1587 2021 ἐν
1615 1992 1720 2032 ἑϐδόμῳ
1750 1991 1906 2024 Ὑποταπώ-

1090 2046 1158 2065 σεων
1175 2047 1183 2054 ·
1201 2037 1329 2077 Πρόνοιαν
1343 2038 1392 2073 τήν
1406 2048 1435 2066 τε
1449 2039 1517 2066 κατὰ
1537 2039 1640 2078 ψυχὴν,
1665 2040 1714 2074 τήν
1741 2051 1770 2067 τε
1796 2042 1865 2071 κατὰ
1881 2043 1908 2069 τὸ

1091 2084 1168 2119 σῶμα
1202 2080 1285 2121 λέγει,
1318 2093 1331 2109 α
1349 2083 1402 2116 Τὴν
1430 2082 1516 2111 πίστιν
1545 2082 1668 2123 ἤρνηται.
1688 2095 1700 2112 ι
1732 2084 1781 2113 Καὶ
1804 2088 1863 2116 πῶς
1891 2086 1906 2118 ἡ

1093 2125 1266 2162 σπαταλῶσα,
1281 2127 1390 2155 καὶτῶν
1405 2125 1475 2155 ἰδίων
1501 2128 1545 2155 καὶ
1566 2131 1619 2156 τῶν
1647 2129 1750 2157 οἰκείων
1782 2129 1813 2157 οὗ
1840 2141 1906 2170 προτ

1091 2174 1198 2210 νοοῦσα,
1214 2171 1264 2204 τὴν
1285 2171 1371 2199 πίστιν
1388 2170 1518 2211 ἤρνηταιε
1549 2167 1625 2209 U0n,
1655 2175 1745 2213 φησὶν,
1776 2163 1882 2213 εἴρηται
1898 2163 1908 2189 ί

1093 2215 1140 2243 Καὶ
1175 2215 1205 2243 ἐκ
1235 2218 1284 2243 τῶν
1312 2215 1413 2243 οἰκείων
1440 2220 1486 2244 τοῦ
1512 2216 1663 2256 σπέρματός
1682 2229 1729 2246 σου
1756 2221 1808 2259 οὐχ
1829 2220 1906 2260 ὑπερ-

1091 2259 1162 2297 dou.
1186 2261 1214 2289 Εἰ
1229 2259 1256 2288 δὲ
1271 2259 1428 2299 δοκεῖς¹μὲν
1457 2262 1500 2290 τὸν
1530 2263 1595 2290 Θεὸν
1623 2263 1656 2300 μὲ
1684 2263 1831 2304 ἀρνεῖσθαι,
1850 2266 1906 2296 τοὺς

1092 2304 1119 2333 δὲ
1135 2305 1230 2343 νόμους
1258 2306 1336 2334 αὖτοῦ
1361 2305 1541 2347 παραϐαίνεις,
1570 2307 1615 2335 τὸν
1637 2308 1701 2336 Θεὸν
1727 2308 1804 2348 ἀρνῇ.
1822 2309 1906 2349 Εἴρη-

1092 2361 1134 2378 ται
1161 2350 1222 2389 γὰρ,
1252 2350 1316 2378 Θεὸν
1343 2350 1516 2390 ὁμολογοῦσιν
1544 2349 1649 2389 εἰδέναι,
1685 2359 1744 2385 τοῖς
1767 2352 1795 2381 δὲ
1824 2353 1904 2393 ἔργοις

1092 2394 1240 2435 ἀρνοῦνται.
1263 2396 1323 2426 Πῶς
1338 2393 1365 2422 δέ
1384 2395 1438 2423 ἐστι
1467 2397 1510 2423 καὶ
1524 2395 1634 2424 ἀπίστου
1663 2397 1782 2438 χείρων;
1809 2393 1872 2427 ’Ὁτι
1886 2399 1905 2426 οἰ

1093 2439 1209 2477 ἄπιστοι,
1240 2440 1263 2467 εἰ
1292 2439 1335 2468 καὶ
1370 2440 1408 2478 μὴ
1430 2440 1549 2481 πάντων,
1584 2444 1637 2469 τῶν
1671 2445 1804 2482 συγγενῶν
1822 2443 1903 2481 μέντοι

1093 2489 1231 2524 προνοοόσι
1247 2483 1288 2513 διὰ
1308 2485 1451 2522 τὸν-νόμον
1465 2487 1514 2519 τῆς
1530 2486 1643 2526 φύσεως,

1137 2629 1150 2645 (ι
1181 2618 1257 2658 Χήρα
1299 2617 1494 2659 καταλεγέσθω,
1538 2619 1577 2657 μὴ
1619 2619 1728 2649 ’έλαττον
1761 2621 1828 2650 ἑτῶν
1853 2621 1905 2656 ἐξή-

1095 2673 1187 2700 κοντα,
1229 2669 1355 2702 γεγονυῖα
1397 2663 1454 2695 ἐνὸς
1497 2663 1588 2703 ἀνδρὸς
1629 2665 1708 2704 γονὴ,
1758 2666 1784 2694 ἐν
1827 2666 1906 2706 ἔργοις

1096 2707 1161 2735 καλο
1166 2714 1189 2739 ῖς
1245 2719 1314 2747 μαρτ
1319 2707 1455 2748 ›ρουμ.ἐνη,
1526 2710 1547 2737 εἰ
1603 2709 1835 2750 ἐτεκνοτρόφησεν,
1888 2712 1906 2738 εἰ

1096 2751 1296 2792 ἐξενοδόχησεν,
1333 2754 1353 2780 εἰ
1389 2753 1468 2792 ἁγίων
1501 2752 1584 2786 πόδας
1626 2754 1725 2795 ἔνιψεν,
1763 2756 1785 2783 εἰ
1822 2755 1925 2784 Θλιϐο-¹

1097 2796 1187 2834 μένοις
1223 2798 1380 2838 ἐπήρκεσεν,
1413 2799 1433 2826 εἰ
1476 2799 1553 2826 παντὶ
1589 2798 1657 2838 ἔργῳ
1696 2799 1785 2839 ἀγαθῷ
1811 2800 1906 2834 ἐπηκο-
