1947 3079
213 148 269 182 1⁵10

777 152 980 185 (ECUMENII
1003 152 1149 184 TRICGE
1170 153 1336 186 EPISCOPI

1843 147 1907 181 180

210 216 339 257 operari,
353 217 423 249 959
434 217 487 249 sed
497 222 527 250 et
539 217 694 250 mulieres.
707 218 802 250 Omne
815 220 894 250 enim
921 219 1031 250 malum

1102 227 1117 245 ει
1132 218 1191 250 τοὺς
1221 218 1389 251 ἐπεισάκτους
1425 218 1518 258 ἄνδρας
1540 219 1723 259 χορηγοῦντας
1760 219 1856 248 αὖταῖς
1871 218 1908 245 τα

210 269 246 292 ex
261 261 321 292 otio
331 262 473 302 gignitur.
487 262 604 294 (Simul
624 266 654 293 et
674 263 775 294 otiosae
787 263 915 296 discunt.
930 276 942 292 ι
958 263 1034 300 Quo—

212 306 301 337 modo
316 311 416 338 autem
433 307 535 338 otiosae
557 307 676 338 discunt
690 307 705 338 ‘I
726 308 876 339 Habentes
889 308 1035 339 ascititios

209 350 289 382 viros
297 351 349 391 qui
359 352 402 382 eis
412 352 580 383 necessaria
592 351 902 393 suppeditenl,segnes
914 353 1034 393 quidem

209 399 278 426 sunt
285 395 321 426 ad
334 404 543 436 opera,curam
552 400 653 428 tamen
662 397 773 428 habent
780 398 884 428 utvins
894 398 1036 438 speciosae

210 439 380 471 videantur.
387 441 465 472 clmo
474 450 535 472 non
545 441 641 472 solum
651 441 818 479 otiosaa,sed
827 445 855 473 et
862 441 1002 482 garrulae.
1019 454 1032 471 ι

206 483 289 515 Mens
306 485 386 516 enim
399 485 487 516 nobis
502 486 539 516 ad
557 486 741 526 operandum
757 495 774 517 a
786 488 924 518 Creatore
939 486 1033 517 fabri-

213 532 277 560 cata
293 533 348 560 est.
359 529 417 561 Ubi
428 539 497 570 ergo
510 530 620 562 bonum
632 540 705 571 opus
714 531 742 562 ei
754 541 813 562 non
826 531 1034 563 subministra-

209 573 353 614 verimus,
366 574 430 615 ipsa
441 575 567 606 assumit
582 584 674 616 opera
688 575 829 608 absurda.

249 618 286 654 V,
303 619 402 650 14-16.
421 618 492 650 Volo
502 620 600 660 igitur
622 621 758 658 iuniores
782 620 902 658 nubere,
922 621 1034 652 liberos

207 671 310 703 gnere,
329 662 449 695 domum
468 664 700 705 administrare,
711 664 832 696 nullam
846 666 1033 697 occasionem

206 707 281 738 dare
305 707 480 739 adversario
499 712 532 740 ut
544 708 655 740 habeat
681 709 1030 741 maledicendicausam.

209 751 284 782 Jam
293 754 374 782 enim
387 752 538 784 nonnullas
563 754 757 793 deﬂexerunt
783 758 850 795 post
871 754 1033 788 Satanam.

210 795 294 833 Quod
308 797 336 827 si
349 797 418 837 quis
431 797 541 837 ﬁdelis,
556 801 641 829 αυιεί
646 807 705 838 qua
713 798 1034 838 ﬁdelishabetviduas,

1075 263 1139 302 πρὸς
1158 264 1262 303 χρείαν,
1298 266 1351 291 τῶν
1380 264 1429 301 μὲν
1457 263 1540 303 ἔργων
1571 263 1738 303 ῥᾳθυμοῦσιν,
1765 262 1839 293 ὅπως
1878 260 1907 289 δὲ

1076 306 1242 347 εὐπρόσωποι
1280 315 1338 340 τοῖς
1380 308 1485 348 ἀνδράσι
1525 308 1645 346 οόξωσιν⁷
1697 307 1906 346 ἐπιμελοῦνται.

1078 361 1094 381 (
1109 352 1145 380 Οὔ
1165 352 1246 390 μόνον
1261 351 1288 380 δὲ
1311 352 1399 392 ἀργαὶ,
1428 352 1495 382 ἀλλὰ
1523 354 1566 381 καὶ
1596 352 1717 394 φλύαροι.
1736 366 1750 381 ι)
1775 351 1907 391 Ἐνεργὸς

1077 396 1126 435 γὰρ
1141 397 1155 424 δ
1171 400 1229 438 νοῦς
1264 397 1332 434 ἡμῖν
1357 398 1428 437 παρὰ
1461 403 1507 428 τοῦ
1545 402 1713 438 Δημιουργοῦ
1741 397 1909 426 κατεσκεύα-

1078 452 1149 472 σται.
1175 436 1261 470 ιὈταν
1276 441 1320 470 οὗν
1335 441 1406 480 αὖτῷ
1432 454 1470 481 μη
1498 441 1585 481 δῶμεν
1612 436 1735 482 ἐργασίαν
1763 441 1905 483 χρηστὴν,

1077 486 1155 518 αὐτὸς
1175 485 1381 524 ἒπιλαμϐάνεται
1397 486 1519 527 ἐργασίας
1535 487 1694 527 ἀτόπου[ς].

1119 629 1131 647 α
1162 618 1294 657 Βούλομαι
1331 620 1375 648 οὖν
1410 619 1538 660 νεωτέρας
1577 627 1686 660 γαμεῖν,
1717 627 1903 660 τεκιογονεῖν¹

1075 663 1274 693 οἰκοδεσποτεῖν
1278 687 1287 701 ,
1347 664 1477 703 μηδεμίαν
1545 665 1668 705 ἀφορμὴν
1722 665 1819 694 διδόναι
1861 669 1907 702 τῷ

1075 708 1249 747 ἀντικειμένῳ
1278 699 1424 748 νλοιδορίας
1477 699 1575 750 χάριν.¹
1599 699 1691 744 μ”Ηδη
1738 711 1788 750 γὰρ
1829 699 1905 742 τινες

1075 752 1255 793 ἐξετράπησαν
1280 754 1364 783 ὀπίσω
1394 759 1441 784 τοῦ
1476 758 1592 785 Σατανᾶ.
1624 755 1657 783 Εἴ
1692 767 1736 787 nt:
1759 756 1855 787 πιστὸς
1879 756 1900 789 ἢ

1076 798 1158 832 πιστὴ
1185 797 1245 838 ἔχει
1294 800 1392 839 χήρας,
1447 799 1594 839 ἐπαρκείτω
1641 799 1747 840 αὐταῖς,
1784 801 1828 828 καὶ
1857 801 1902 837 μὴ

209 841 373 881 seppeditet
388 841 464 882 illis,
482 844 587 873 etnon
614 845 757 874 oneretur
780 843 930 880 Ecclesia,
947 847 980 874 ut
996 844 1034 874 iis

1102 842 1203 882 ιρείσθω
1232 843 1250 876 ἡ
1291 842 1448 883 Ἐκκλησία,
1487 843 1533 872 ἵνα
1572 850 1632 876 ταῖς
1674 843 1756 876 ὅντως
1793 845 1899 884 χήραις

210 893 278 925 quae
292 894 362 916 vere
376 890 447 917 sunt
461 886 562 918 vidua:
578 890 729 927 suppetat.

250 929 365 960 Bonum
376 930 497 971 quidem
507 931 611 962 fuisset
622 935 655 963 ut
663 941 734 973 quoe
746 932 922 964 semelinter
932 932 978 963 vid
984 942 1034 964 uas

214 974 327 1006 allectus
339 979 451 1013 essent,
467 985 527 1006 non
542 976 648 1007 lascive
663 980 786 1016 agerent
800 977 940 1008 adversus
953 977 1035 1009 Chri-

213 1022 302 1059 stum,
315 1028 412 1060 neque
421 1020 545 1060 primam
559 1020 647 1052 ﬁdem
660 1021 830 1061 rejicerent.
844 1021 953 1052 Verum
965 1022 1034 1062 quia

211 1063 267 1094 hoc
278 1063 399 1102 faciunt,
412 1065 547 1096 nubant:
565 1065 678 1105 seipsas
693 1065 809 1097 Christo
825 1075 884 1096 non
900 1067 1033 1107 despon-

212 1107 310 1148 deant,
328 1112 357 1140 et
371 1109 411 1140 ita
438 1109 573 1140 nubant:
596 1109 651 1140 hoc
675 1110 756 1141 enim
787 1114 907 1151 peccato
937 1115 1031 1149 vacat,

209 1151 283 1182 illud
293 1162 361 1184 vero
373 1153 498 1194 impium
512 1157 592 1185 estet
603 1155 894 1187 scelestum.l|larum
905 1165 1034 1196 namque

210 1196 336 1228 inhiatio
352 1201 381 1228 et
395 1198 534 1229 socordia
548 1199 587 1229 ita
601 1204 755 1230 coercetur
770 1200 942 1231 exuberanti
960 1201 1033 1231 afﬂi-

209 1241 309 1273 ctione
323 1246 353 1274 et
361 1252 442 1274 cura.
461 1255 471 1272 ι
485 1243 603 1274 Nullam
611 1244 798 1275 occasionem
814 1245 884 1275 dare
893 1245 1030 1276 adversa-

208 1285 266 1318 rio.
283 1298 295 1316 ι
313 1286 345 1318 Si
360 1288 440 1319 enim
455 1292 538 1319 recta
557 1288 722 1328 nupserint,
742 1299 800 1319 non
817 1289 899 1330 prius
915 1289 1032 1321 Christo

209 1330 404 1372 desponsatas,
418 1332 455 1363 ad
471 1331 670 1364 maledicendi
702 1333 891 1364 occasionem
919 1334 1033 1375 seipsas

209 1384 270 1406 non
286 1375 446 1408 deducent.
459 1377 524 1408 Non
539 1380 571 1407 ut
596 1376 662 1408 sine
687 1377 794 1408 timore
809 1377 906 1409 vivant
919 1378 1033 1410 nubere

1075 886 1208 926 ἐπαρκέσῃ
1214 910 1222 918 ,
1239 899 1253 914 ι)

1115 931 1151 960 Τὸ
1165 932 1214 968 μὲν
1229 930 1310 959 καλὸν
1323 931 1368 972 ἦν,
1397 931 1465 964 ἅπαξ
1492 938 1553 964 ταῖς
1580 932 1680 972 χήραις
1707 931 1903 971 καταλεγεῖσας

1075 975 1113 1013 μὴ
1147 979 1340 1015 καταστρηνιᾷν
1377 981 1423 1006 τοῦ
1457 976 1579 1016 Χριστοῦ,
1618 975 1686 1014 μηδέ
1715 976 1818 1005 ἀθετεῖν
1849 977 1903 1010 τὴν

1074 1020 1182 1060 πρώτην
1197 1021 1294 1052 πίστιν.
1323 1020 1432 1055 Ἐπειδὴ
1462 1020 1489 1049 δὲ
1519 1025 1597 1050 τοῦτο
1628 1022 1742 1057 ποιοῦσι,
1759 1022 1902 1060 γαμείτω-

1075 1076 1134 1103 σαν,
1149 1065 1192 1093 καὶ
1221 1065 1260 1103 μὴ
1282 1066 1503 1105 κατεγγυάτωσαν
1532 1066 1626 1098 ἑαυτὰς
1654 1069 1693 1103 τῷ
1721 1069 1835 1105 Χριστῷ,
1854 1067 1905 1094 καὶ

1076 1109 1158 1142 οὕτως
1173 1111 1350 1149 γαμείτωσαν.
1381 1111 1417 1139 Τὸ
1445 1111 1494 1149 μὲν
1523 1111 1572 1150 γὰρ
1600 1110 1798 1150 ἀναμάρτητον,
1828 1111 1860 1139 τὸ
1876 1110 1902 1139 δ’

1076 1154 1191 1185 ἀνόσιον.
1213 1156 1249 1184 Τὸ
1271 1156 1320 1194 γὰρ
1348 1156 1465 1195 κεχηνὸς
1487 1155 1572 1184 αὐτῶν
1596 1156 1640 1183 καὶ
1675 1155 1803 1194 ῥῄθυμον,
1827 1155 1901 1184 οὕτω

1074 1203 1137 1238 γοῦν
1165 1199 1384 1239 καταστέλλεται,
1426 1203 1460 1238 τῇ
1509 1198 1681 1239 περισσοτέρᾳ
1722 1199 1808 1238 θλίψει
1852 1201 1900 1228 καὶ

1073 1245 1198 1286 φροντίδι,
1237 1256 1255 1287 a_
1282 1245 1417 1283 Μηδεμίαν
1445 1246 1566 1287 ἀφορμὴν
1594 1245 1691 1274 διδόναι
1719 1250 1758 1283 τῷ
1783 1246 1900 1274 ἀντικει-

1074 1281 1156 1328 μένῳ,
1197 1301 1208 1319 α
1242 1281 1283 1319 in
1312 1281 1361 1330 γὰρ
1385 1290 1410 1323 ἐς
1440 1281 1518 1330 ὄρθου
1542 1291 1684 1329 γαμήσωσι
1715 1281 1753 1328 μη
1768 1291 1898 1330 πρότερον

1075 1334 1167 1366 ἑαυτὰς
1198 1337 1304 1374 Χριστῷ
1349 1335 1576 1374 κατεγγυήσασαι,
1617 1335 1665 1362 οὒκ
1698 1335 1734 1366 εὶς
1770 1335 1898 1374 ἀφορμὴν

1074 1377 1202 1418 λοιδορίας
1233 1379 1347 1412 ἥξουσιν.
1378 1380 1435 1419 Οὒχ
1463 1379 1509 1407 ἳνα
1538 1378 1565 1407 δὲ
1591 1378 1674 1410 ἀδεῶς
1702 1379 1777 1417 ζῶσι,
1795 1386 1899 1418 γαμεῖν

209 1421 360 1468 praecepit,
377 1421 430 1452 sed
447 1425 478 1452 ut
490 1421 572 1468 curis
585 1431 707 1468 pressae,
733 1422 915 1468 prospiciam
931 1427 962 1454 ut
976 1423 1032 1455 de-

1102 1422 1240 1460 ›οσέταξεν,
1258 1423 1318 1452 ἀλλ’
1347 1423 1394 1452 ἵνα
1435 1430 1496 1456 ταῖς
1531 1424 1646 1464 φροντίσι
1673 1424 1896 1468 γυῦννπιεζόμε-

209 1469 313 1497 center
326 1466 438 1497 vivant.
459 1479 471 1493 «
484 1467 548 1497 Jam
560 1465 642 1497 enim
653 1466 804 1497 nonnullae
813 1466 1029 1500 deﬁexerunt.»

1102 1479 1126 1507 ιι,
1159 1471 1204 1496 τοῦ
1243 1469 1359 1506 κοσμίως
1409 1471 1454 1506 ζῇν
1483 1469 1678 1508 προνοήσωσιν.
1699 1480 1712 1496 ι
1745 1465 1809 1502 Ἡόη
1846 1470 1898 1508 γὰρ

209 1509 308 1546 Quare
335 1513 436 1541 autem
481 1515 592 1542 tantam
629 1510 845 1542 observantiam
873 1511 952 1542 eirea
980 1513 1032 1543 has

1102 1505 1141 1545 νες
1156 1512 1343 1552 ἐξετράπησαν,
1364 1524 1376 1542 ι
1402 1505 1452 1542 Διὰ
1476 1505 1547 1541 τίδὲ
1575 1513 1705 1546 τοσαύτην
1734 1505 1897 1553 παραφυλαζ

208 1554 349 1593 habuisti,
361 1558 391 1585 et
399 1555 543 1595 majorem
558 1554 610 1595 qui
622 1555 701 1586 circa
728 1555 874 1594 virgines?
886 1555 960 1592 Quia
975 1556 1030 1595 ha,

1102 1568 1123 1591 λν
1139 1558 1198 1597 περὶ
1212 1559 1296 1587 αὐτῶν
1324 1557 1454 1595 ἐποιήσω,
1478 1558 1522 1586 καὶ
1553 1557 1637 1586 πλείω
1666 1557 1732 1597 ἤπερ
1762 1558 1804 1586 ἐπὶ
1841 1561 1896 1586 τῶν

207 1597 316 1642 inquit,
342 1599 530 1630 occasionem
555 1598 715 1637 dederunt,
746 1599 939 1631 deﬁectentes
967 1605 1032 1641 post

1102 1601 1230 1642 ιρθένων;
1264 1597 1328 1631 (Ὀτι
1350 1602 1436 1641 αὐταὶ,
1466 1603 1540 1642 φησὶ,
1566 1602 1615 1636 τὴν
1636 1602 1760 1642 ἀφορμὴν
1775 1601 1895 1631 δεδώκα-

208 1641 357 1674 Satanam.
375 1643 449 1675 Nam
465 1643 528 1674 hac
543 1643 620 1681 dico,
638 1643 744 1684 inquit,
764 1653 823 1674 non
851 1649 883 1675 ut
897 1654 956 1676 non
973 1645 1032 1677 sint

1102 1657 1115 1673 ν
1147 1641 1311 1686 ἐκτραπῆσαι
1354 1647 1439 1675 ὀπίσω
1474 1641 1526 1674 τοῦ
1565 1649 1682 1677 Σατανᾶ,
1714 1650 1801 1676 Ταῦτα
1829 1648 1894 1686 γὰρ,

207 1686 302 1718 vidua;
311 1688 456 1727 juniores,
469 1688 521 1719 sed
533 1688 647 1719 ueritus
658 1697 695 1720 ne
704 1688 852 1719 Christum
862 1689 1028 1729 rejicerem.

210 1743 223 1759 α
241 1731 324 1768 Quod
332 1732 357 1763 si
366 1733 430 1773 quis
444 1732 553 1764 ﬁdelis.
569 1745 582 1761 ι)
597 1733 769 1765 Rectedicit
784 1733 832 1765 :Si
843 1733 909 1774 quis
922 1734 1027 1772 ﬁdelis,

206 1779 256 1808 aut
271 1777 296 1808 si
307 1786 365 1818 qua
377 1777 486 1810 ﬁdelis.
516 1778 591 1809 Nam
619 1777 646 1808 si
675 1777 813 1809 inﬁdeles
843 1783 953 1818 essent,
972 1788 1031 1810 non

205 1825 360 1862 oporteret
373 1826 405 1853 ut
416 1821 453 1853 ab
466 1822 510 1854 eis
523 1821 686 1859 alerentur,
703 1831 741 1852 ne
748 1822 1031 1854 viderenturﬁdeles

204 1875 293 1906 egere
322 1866 506 1898 inﬁdelibus.
532 1869 681 1899 Praeterea
696 1876 815 1908 quoque
830 1866 1030 1907 legislaliones

203 1910 270 1943 illos
280 1916 467 1944 concernunt
483 1912 533 1953 qui
544 1912 618 1953 ipsis
632 1915 750 1952 parent,
762 1920 821 1942 non
832 1920 885 1942 eos
896 1912 946 1952 qui
962 1912 1030 1944 sub-

198 1956 273 1996 jecti
288 1965 348 1988 non
376 1961 456 1989 sunt.
489 1969 502 1985 e
518 1956 696 1998 Suppeditet
720 1956 790 1988 illis.
810 1969 821 1986 ο
841 1957 916 1988 Rem
941 1957 1029 1988 faciat

203 2009 270 2042 quae
276 2001 401 2032 minime
411 2001 482 2032 240
492 2002 589 2042 gravis
596 2010 662 2032 esse
677 2001 780 2032 debet.
801 2001 860 2032 Per
871 2001 927 2032 hoc
948 2002 1026 2032 enim

202 2046 282 2086 quod
297 2047 348 2083 ait,
366 2047 524 2087 ἐπαρκείτω,
541 2046 571 2077 id
600 2049 657 2086 est,
683 2045 864 2086 suppeditet,
888 2055 1027 2077 necessa-

204 2090 282 2121 rium
298 2091 474 2131 signiﬁcavit
502 2092 689 2122 alimentum.
720 2103 732 2118 α
751 2089 786 2121 Et
812 2099 870 2120 non
887 2094 1029 2122 oneretur

1073 1691 1148 1731 φησὶ,
1165 1691 1248 1731 λέγω,
1264 1691 1315 1731 οὐχ
1336 1691 1381 1719 ἵνα
1411 1691 1449 1728 μὴ
1477 1692 1526 1719 ὦσι
1552 1691 1676 1730 νεώτεραι
1706 1693 1803 1731 χῆραι,
1826 1691 1897 1720 ἄλλα

1073 1734 1194 1767 δεδοικὼς
1219 1735 1257 1773 μὴ
1286 1737 1331 1764 τὸν
1359 1736 1470 1775 Χριστὸν
1498 1736 1658 1770 ἆθετήσωσι,
1684 1745 1695 1763 α
1721 1735 1754 1764 Εἴ
1782 1747 1822 1768 τις
1846 1748 1896 1764 πι-

1074 1780 1146 1811 στός,
1166 1791 1177 1809 υ
1199 1779 1291 1812 Καλῶς
1316 1781 1358 1811 τὸ,
1386 1781 1479 1812 Πιστὸς
1508 1780 1526 1814 ἢ
1555 1780 1648 1814 πιστὴ,
1686 1780 1715 1809 Εἰ
1742 1781 1791 1819 γὰρ
1827 1781 1897 1814 ἦσαν

1073 1825 1190 1860 ἄπιστοι,
1218 1825 1265 1853 οὐκ
1292 1823 1343 1852 ἔδει
1371 1825 1433 1864 παρ’
1461 1825 1546 1853 αὐτῶν
1587 1824 1753 1869 τρέφεσθαιλΙ
1771 1825 1818 1853 ἵνα
1854 1827 1895 1863 μὴ

1072 1868 1165 1902 δόξωσι
1180 1868 1279 1898 δέεσθαι
1310 1871 1335 1897 αἱ
1363 1870 1452 1897 πισταὶ
1487 1871 1538 1896 τῶν
1575 1869 1703 1898 ἀπίστων.
1751 1869 1843 1902 Λλλως
1866 1870 1895 1898 δί

1071 1914 1193 1954 καὶπρὸς
1209 1914 1270 1945 τοὺς
1285 1913 1455 1951 πειθομένους
1484 1913 1509 1941 αἱ
1538 1913 1698 1951 νομοθεσίαι,
1730 1914 1760 1942 οὺ
1787 1915 1849 1946 τοὺς
1865 1916 1897 1943 οὗ

1071 1958 1306 1996 πεισθησομένους,
1346 1970 1359 1985 ι
1377 1957 1539 1998 Ἐπαρκείτω
1585 1959 1690 1989 αύτατς.
1729 1968 1744 1988 )
1784 1957 1897 1999 Ἀϐαρὲς

1070 2004 1177 2032 ποιείτω
1205 2004 1236 2032 τὸ
1265 2006 1385 2042 πρᾶγμα.
1419 2003 1468 2030 Διὰ
1493 2003 1543 2042 γὰρ
1570 2006 1627 2039 τοῦ,
1657 2002 1815 2043 ἐπαρκείτω,
1844 2004 1897 2037 τὴν

1070 2047 1213 2087 ἀναγκαίαν
1248 2047 1365 2082 ἐδήλωσε
1390 2048 1501 2087 τροφήν.
1537 2057 1548 2075 ι
1568 2048 1616 2076 Καὶ
1642 2047 1696 2084 μὴν
1724 2048 1853 2087 βαρείσθω
1875 2050 1895 2082 ἡ

1070 2092 1226 2126 Ἐκκλησία.
1244 2101 1259 2122 )
1293 2087 1380 2120 (Ὠστε
1410 2094 1433 2119 οἱ
1458 2093 1546 2120 πιστοὶ
1575 2091 1710 2132 τρέφοντες
1730 2092 1776 2124 τὰς
1792 2093 1896 2122 ἑαυτῶν

199 2133 376 2167 Ecclesia.)
395 2135 496 2177 Itaque
512 2135 608 2167 ﬁdelis
632 2134 684 2176 qui
709 2143 777 2166 suas
803 2133 886 2165 alunt
910 2134 1026 2176 viduas,

1102 2137 1167 2176 ἤρας⁹
1199 2138 1241 2165 καὶ
1285 2144 1346 2169 ταῖς
1372 2139 1420 2170 τῆς
1444 2136 1604 2169 Ἐκκλησίας
1646 2137 1744 2177 χήραις
1774 2136 1894 2175 συμϐάλ-

202 2177 291 2210 etiam
308 2179 448 2212 Ecclesiae
458 2181 692 2220 viduasjnvant:
708 2178 951 2220 quandoquidem
968 2189 1027 2210 non

199 2225 460 2263 gravataEcelesia
481 2225 604 2257 uberius
618 2225 677 2256 alet
687 2233 760 2265 quas
769 2223 833 2264 alit,
846 2233 952 2264 nempe
963 2233 1027 2264 qua;

198 2277 268 2300 vere
279 2275 348 2302 sunt
358 2271 466 2307 viduae,
481 2271 538 2301 hoc
551 2269 720 2310 est,quibus
731 2269 829 2300 nullus
838 2272 958 2308 praeest,
973 2268 1025 2300 sed

199 2313 339 2346 desolata:
349 2319 429 2348 sunt.
448 2327 458 2342 ι
469 2315 507 2347 Ut
519 2315 556 2345 iis
567 2323 633 2355 quae
644 2323 713 2345 vere
721 2317 792 2345 sunt
801 2313 897 2344 viduae
912 2322 1024 2353 suppe-

198 2362 248 2390 tat.
265 2371 276 2389 n
293 2360 370 2392 Vere
382 2360 477 2391 vidua:
485 2369 551 2401 quae
560 2359 693 2399 undique
709 2357 845 2390 dcsertaa'
862 2361 938 2388 sunt.
950 2357 1023 2389 Nam

196 2404 247 2445 qui
264 2405 320 2436 hoc
327 2405 407 2443 facit,
416 2415 476 2436 non
485 2405 581 2436 solum
594 2404 646 2434 alit
661 2413 748 2444 quam
760 2403 823 2441 alit,
848 2402 900 2433 sed
911 2405 940 2432 et
949 2402 1023 2433 reli-

196 2449 263 2490 quis
287 2450 412 2481 multum
438 2449 566 2490 confert,
597 2448 669 2480 dum
686 2448 802 2479 occasio
834 2451 890 2485 est,
906 2451 937 2477 ut
965 2447 1024 2478 illis

195 2493 399 2527 abundantius
411 2494 631 2535 suppeditetur.

503 2537 626 2571 CAPUT
648 2537 712 2570 XII.

392 2584 437 2616 De
448 2585 692 2626 presbyterorem
708 2582 829 2614 honore.

215 2629 429 2668 ν,17-21.οιιί
438 2629 511 2661 bene
515 2632 652 2670 praesunt
655 2627 958 2668 presbyteri,duplici
966 2626 1023 2658 ho-

190 2682 267 2706 nore
272 2674 360 2714 digni
365 2673 687 2706 habeantumnuxime
693 2672 717 2703 ii
724 2673 778 2713 qui
783 2672 922 2704 laborant
929 2672 961 2703 in
970 2680 1025 2703 ser'

189 2727 279 2750 mone
287 2723 316 2751 et
321 2719 471 2751 doctrina.
478 2718 562 2750 Dicit
571 2717 826 2757 cnimScriptura:
837 2719 900 2748 Non
908 2716 1022 2758 obliga.

190 2763 235 2795 bis
242 2772 276 2796 os
282 2763 352 2798 bovi
359 2763 715 2802 trituranti.Et:Dignus
724 2766 767 2793 est
775 2762 1022 2802 uperariusmer-

189 2809 259 2840 cede
263 2809 490 2843 sua.Adversus
495 2809 642 2841 seniorem
649 2816 686 2838 ne
694 2806 851 2838 admiseris
859 2807 1026 2838 accusatio-

1069 2181 1159 2209 λονται
1177 2205 1183 2212 .
1200 2183 1246 2209 οἷα
1260 2180 1292 2215 δὴ
1322 2181 1360 2218 μὴ
1389 2181 1553 2219 βαρουμένης
1582 2182 1631 2214 τῆς
1658 2181 1831 2218 Ἐκκλησίας,
1848 2184 1894 2210 καὶ

1068 2224 1109 2254 διὰ
1143 2229 1220 2254 τοῦτο
1249 2226 1428 2264 ἀφθονώτερον
1457 2226 1614 2265 τρεφούσης,
1643 2225 1674 2257 ἃς
1703 2226 1803 2266 τρέιρει,
1843 2228 1892 2259 τὰς

1067 2269 1148 2304 ὅντως
1167 2269 1267 2305 δηλαδή
1299 2271 1398 2311 χήρας,
1428 2271 1547 2300 τουτέστι
1575 2271 1622 2303 τὰς
1652 2270 1891 2310 ἆπροστατεύτους,

1067 2316 1109 2344 καὶ
1125 2315 1325 2354 μεμονωμένας,
1346 2327 1359 2342 α
1384 2310 1403 2322 υ
1418 2321 1460 2344 Ινα
1474 2322 1535 2348 ταῖς
1557 2315 1640 2346 ὅντως
1655 2316 1770 2355 χήραις.
1791 2328 1802 2344 ι
1823 2312 1892 2346 "0v-

1066 2371 1118 2392 τως
1142 2363 1226 2400 χῆραι
1276 2361 1301 2388 αἱ
1346 2360 1473 2388 πάντοθεν
1516 2359 1622 2399 ἔρημοι.
1674 2357 1702 2388 Ὀ
1727 2361 1777 2399 γὰρ
1812 2365 1891 2390 τοῦτο

1065 2405 1160 2442 ποιῶν,
1180 2405 1269 2445 φησὶν,
1285 2407 1314 2434 οὒ
1329 2405 1410 2442 μόνον
1435 2405 1468 2438 ἢν
1495 2404 1594 2444 τρέφει,
1632 2404 1730 2445 τρέφει,
1761 2404 1831 2434 ἀλλὰ
1847 2408 1891 2434 καὶ

1065 2455 1125 2481 ταῖς
1162 2448 1269 2482 λοιπαῖς
1312 2448 1380 2478 πολὺ
1421 2447 1609 2486 συμϐάλλεται,
1657 2448 1758 2481 πλάτος
1794 2450 1890 2483 αὒταῖς

1065 2493 1208 2533 προξενῶν,

1375 2542 1501 2569 ΚΕΦΑΛ.
1519 2534 1572 2570 in'.

1262 2594 1275 2610 α
1299 2584 1360 2623 Περὶ
1374 2582 1555 2623 πρεσϐυτέρων
1570 2585 1662 2621 τιμῆς.
1681 2594 1694 2612 ι

1108 2640 1122 2655 α
1152 2630 1181 2657 Οἱ
1217 2627 1305 2660 καλῶς
1347 2631 1511 2668 προεστῶτες
1558 2627 1738 2667 πρεσϐύτεροι,
1789 2628 1885 2663 διπλῆς

1063 2675 1144 2710 τιμῆς
1186 2671 1372 2705 ἀξιούσθωσαν,
1422 2672 1543 2701 Μάλιστα
1585 2674 1607 2701 οἱ
1654 2673 1802 2705 κοπιῶντες
1859 2674 1885 2703 ἐν

1063 2716 1136 2756 λόγ-χ)
1169 2717 1212 2745 καὶ
1240 2715 1402 2753 διδασκαλῖα,
1442 2717 1518 2756 Λέγει
1546 2718 1595 2756 γὰρ
1630 2718 1647 2750 ἡ
1676 2719 1767 2756 Γραφή
1784 2726 1791 2733 ”
1820 2723 1885 2747 Βοῦν

1556 2762 1631 2794 Aine;
1659 2763 1673 2790 ὁ
1701 2762 1815 2800 ἐργάτῃ
1839 2771 1886 2794 τῇ

1845 2810 1883 2846 μὴ

1065 2761 1185 2790 ἀλοῶντα
1219 2763 1248 2790 οὗ
1281 2762 1422 2800 φιμώσεις.
1455 2763 1513 2801 Kxi,

1066 2807 1158 2844 μισθοῖ)
1198 2808 1288 2836 αὒτοῦ.
1330 2807 1402 2834 Κατὰ
1430 2805 1602 2845 πρεσϐυτέρου
1639 2808 1798 2845 κατηγορὶαν
