1947 3079
202 150 257 184 179

199 272 235 294 ex
250 263 310 294 otio
320 263 463 304 gignitur.
476 263 594 295 (Simul
614 267 644 294 et
665 263 765 295 otiosae
777 264 905 295 discunt.
920 276 933 292 ι
948 263 1024 299 Quo-

1109 270 1129 295 δς
1148 263 1252 302 χρείαν,
1288 265 1340 290 τῶν
1370 262 1419 300 μὲν
1447 261 1530 302 ἔργων
1561 260 1728 300 ρᾳθυμοῦσιν,
1756 258 1831 289 ὅπως
1869 258 1897 284 δὲ

201 307 290 339 modo
305 312 405 340 autem
422 308 525 340 otiosae
548 308 666 339 discunt
680 308 695 338 ‘2
716 308 865 340 Habentes
880 308 1025 339 ascititios

198 352 278 384 viros
287 353 338 393 qui
349 354 392 384 eis
401 353 570 384 necessaria
582 352 892 393 suppeditent,segnes
905 352 1025 393 quidem

198 397 311 428 suntad
324 406 533 437 opera,curam
543 401 643 429 tamen
653 397 875 429 habentutviris
885 397 1026 438 speciosae

199 441 456 473 videantur.dmo
465 451 525 473 non
536 442 632 473 solum
642 442 808 479 otiosa3,sed
817 445 846 473 et
852 442 993 482 garrulae.
1010 453 1022 471 ι

196 485 280 517 Mens
296 486 376 517 enim
389 487 477 518 nobis
493 487 530 518 ad
547 486 732 526 operandam
747 495 765 518 a
776 488 915 518 Creatore
930 486 1023 518 fabri-

203 534 268 562 cata
283 534 338 562 est.
350 531 408 563 Ubi
419 540 488 572 ergo
501 531 610 563 bonum
622 541 696 572 opus
706 531 733 563 ei
744 541 804 562 non
817 531 1024 562 subministra-

200 575 344 616 verimus,
357 575 421 616 ipsa
432 576 557 607 assumit
573 585 666 616 opera
679 576 820 608 absurda.

240 620 393 656 V,14-16.
412 619 483 652 Volo
493 621 591 661 igitur
613 621 749 659 iuniores
773 620 893 658 nubere,
913 621 1025 652 liberos

197 673 301 705 gnere,
320 664 440 696 domum
459 666 691 706 administrare,
703 664 823 696 nullam
837 666 1024 697 occasionem

197 709 272 740 dare
296 709 471 740 adversario
489 713 524 741 ut
535 709 646 741 habeat
672 709 878 741 maledicendi
887 718 1022 740 causam.

201 752 274 784 Jam
284 755 366 784 enim
377 753 529 785 nonnulla
554 755 748 793 deﬂexerunt
774 759 841 795 post
861 754 1024 787 Satanam.

202 797 285 834 Quod
299 798 327 829 si
340 798 409 839 quis
423 798 532 838 ﬁdelis,
547 802 697 838 autsiqua
704 799 1025 839 ﬁdelishabetviduas,

767 152 970 185 (ECUMENII
992 151 1139 183 TRICC/E
1160 152 1326 185 EPISCOPI

199 218 329 258 operari,
342 219 413 250 259
423 218 477 250 sed
487 223 516 251 et
529 219 683 251 mulieres.
696 219 792 250 Omne
805 220 884 250 enim
911 218 1021 250 malum

1122 218 1181 250 τοὺς
1211 217 1379 250 ἐπεισάκτους
1415 217 1508 256 ἄνδρας
1530 216 1714 257 χορηγοῦντας
1751 215 1846 244 αὐταῖς

1834 143 1895 177 180

1871 256 1893 265 κς

1066 306 1232 346 εὐπρόσωποι
1270 314 1328 338 τοῖς
1370 306 1475 346 ἀνδράσι
1515 305 1636 343 ὀόξωσιν,
1688 303 1897 343 ἐπιμελοῦνται.

1069 360 1084 380 (
1100 351 1135 380 0ιῦ
1156 351 1237 389 μόνον
1251 350 1278 379 δὲ
1301 351 1389 392 ἀργαὶ,
1419 351 1486 380 ἀλλὰ
1513 352 1557 380 καὶ
1586 350 1708 392 φλύαροι.
1727 362 1741 377 ι)
1767 348 1898 387 Ἐνεργὸς

1067 395 1117 435 γὰρ
1132 396 1146 424 ὁ
1161 399 1219 427 νοῦς
1254 396 1323 433 ἡμῖν
1348 397 1418 435 παρὰ
1452 401 1498 426 τοῦ
1536 400 1704 435 Δημιουργοῦ
1732 393 1901 422 κατεσκεύα-

1069 451 1139 471 σται.
1165 435 1251 469 ιὈτιῖιν
1267 440 1310 469 οὖν
1326 440 1397 478 αὐτῷ
1423 452 1461 479 μη
1489 439 1575 479 δῶμεν
1603 440 1726 480 ἐργασίαν
1754 437 1898 479 χρηστὴν,

1068 485 1146 517 αὐτὸς
1166 484 1372 523 ἐπιλαμϐάνεται
1388 485 1510 525 ἐργασίας
1526 484 1686 525 ἀτόπου[ς].

1110 628 1122 646 ιι
1153 617 1285 656 Βούλομαι
1322 618 1366 647 οὖν
1401 618 1529 658 νεωτέρας
1568 624 1678 658 γαμεῖν,
1709 623 1899 657 τεκιογονετν,

1067 662 1278 700 οἰκοδεσποτεῖν,
1338 663 1469 702 μηδεμίαν
1536 663 1660 703 ἀφορμὴν
1713 661 1812 691 διδόναι
1856 665 1902 698 τῷ

1067 708 1240 746 ἀντικειμένῳ
1269 697 1415 747 ’λοιδορίας
1468 697 1566 748 χάριν..
1591 697 1683 741 μ”Ηδη
1731 708 1781 747 γὰρ
1823 697 1900 738 τινες

1067 752 1247 792 ἐξετράπησαν
1272 753 1356 781 ὀπίσω
1386 758 1433 783 τοῦ
1468 756 1584 782 Σατανᾶ.
1616 752 1650 781 Εἴ
1685 764 1729 784 πις
1751 753 1849 783 πιστὸς
1875 752 1896 785 ἢ

1068 797 1149 831 πιστὴ
1177 797 1236 838 ἔχει
1285 798 1384 838 χήρας,
1439 798 1586 837 ἐπαρκείτω
1633 797 1740 837 αὒταῒς,
1777 797 1822 824 καὶ
1851 797 1898 833 μὴ

200 843 364 883 seppeditet
379 842 456 883 illis,
473 845 578 874 etnon
605 846 748 874 oneretur
771 843 921 880 Ecclesia,
938 847 971 874 ut
987 843 1026 874 iis

1109 841 1194 870 >είσθω
1224 842 1242 876 ἡ
1283 841 1440 882 Ἐκκλησία,
1479 841 1526 870 ἵνα
1564 848 1624 874 ταῖς
1667 841 1750 873 ὅντως
1786 841 1896 880 χήραις

201 895 270 927 quae
283 895 354 918 vere
368 891 438 918 sunt
452 887 554 919 viduos
569 890 720 927 suppetat.

242 931 357 962 Bonum
368 931 489 973 quidem
498 932 602 963 fuisset
614 935 647 964 ut
655 941 725 974 quoe
737 932 913 964 semelinter
924 932 1027 964 viduas

206 975 319 1007 allectaa
331 981 442 1015 essent,
459 986 518 1007 non
533 977 640 1008 lascive
655 981 778 1016 agerent
791 977 932 1008 adversus
945 977 1027 1008 Chri-

205 1024 294 1061 stum,
307 1030 404 1062 neque
413 1021 537 1062 primam
551 1021 638 1052 ﬁdem
652 1021 822 1062 rejicerem.
835 1021 945 1053 Verum
958 1022 1027 1062 quia

203 1065 259 1096 hoc
269 1065 391 1103 faciunt,
405 1066 539 1097 nubant:
557 1066 669 1106 seipsas
685 1065 801 1097 Christo
817 1076 876 1097 non
893 1067 1026 1107 despon-

203 1109 302 1150 deant,
320 1113 349 1141 et
363 1111 404 1141 ita
430 1110 565 1142 nubant:
587 1111 643 1141 hoc
667 1111 748 1142 enim
779 1114 900 1151 peccato
930 1115 1024 1149 vacat,

201 1153 275 1184 illud
285 1163 353 1186 vero
364 1154 489 1195 impium
503 1159 584 1186 estet
594 1155 888 1187 scelestum.l|larum
898 1165 1027 1196 namque

201 1198 327 1230 inhiatio
343 1203 373 1230 et
387 1200 526 1231 socordia
539 1200 579 1230 ita
592 1204 748 1231 coercetur
762 1200 936 1231 exuberanti
953 1201 1026 1231 afﬂi-

201 1243 300 1275 ctione
315 1247 344 1275 et
353 1254 434 1276 cura.
452 1257 462 1273 ι
477 1244 596 1276 Nullam
603 1245 791 1276 occasionem
808 1245 878 1275 dare
886 1245 1023 1275 adversa-

200 1287 257 1319 rio.
274 1300 286 1317 ι
304 1288 336 1320 Si
352 1290 431 1320 enim
447 1293 530 1320 recta
549 1289 715 1329 nupserim,
735 1299 794 1319 non
810 1290 893 1329 prius
908 1289 1026 1320 Christo

200 1332 396 1373 desponsatas,
410 1333 447 1365 ad
464 1333 664 1365 maledicendi
695 1333 885 1364 occasionem
913 1333 1026 1374 seipsas

201 1386 261 1408 non
278 1377 438 1409 deducent.
451 1379 517 1409 Non
531 1381 563 1408 ut
589 1377 655 1408 sine
679 1377 787 1408 timore
803 1378 900 1408 vivant
913 1378 1027 1409 nubere

201 1423 352 1463 praecepit,
369 1423 423 1454 sed
439 1427 470 1454 ut
485 1422 565 1454 curis
578 1431 700 1463 pressae,
726 1422 909 1462 prospiciant
925 1427 956 1453 ut
970 1422 1026 1454 de-

201 1470 304 1498 center
318 1468 430 1499 vivant.
452 1480 463 1495 ιι
477 1468 541 1498 Jam
553 1466 635 1498 enim
647 1467 798 1497 nonnulla:
808 1466 1023 1499 deﬁexerunt.»

201 1511 300 1548 Quare
328 1515 429 1542 autem
474 1515 585 1542 tantam
622 1511 839 1542 observantiam
867 1511 946 1542 circa
974 1505 1056 1542 hasC

199 1556 342 1594 habuisti,
354 1559 383 1587 et
391 1556 536 1596 majorem
551 1555 604 1596 qui
617 1555 695 1585 circa
722 1555 868 1594 virgines?
880 1555 954 1592 Quia
969 1556 1024 1594 has,

199 1599 308 1640 inquit,
335 1599 524 1631 occasionem
550 1598 710 1637 dederunt,
741 1598 934 1630 deﬁectentes
962 1604 1027 1640 post

201 1643 349 1675 Satanam.
369 1644 442 1676 Nam
458 1645 522 1675 haec
538 1643 615 1681 dico,
632 1643 740 1684 inquit,
759 1653 818 1674 non
846 1649 878 1674 ut
893 1654 951 1675 non
968 1644 1028 1675 sint

199 1688 295 1720 viduae
304 1689 449 1729 juniores,
462 1688 515 1720 sed
527 1688 641 1720 ueritus
653 1697 691 1719 ne
699 1687 848 1719 Christum
857 1689 1023 1728 rejicerem.

202 1745 216 1761 α
234 1733 317 1769 Quod
325 1733 424 1774 siquis
438 1733 547 1765 ﬁdelis.
564 1745 577 1761 ι»
592 1734 685 1765 Recte
692 1732 764 1763 dicit
779 1733 827 1764 :Si
839 1733 904 1773 quis
918 1733 1023 1771 ﬁdelis,

198 1781 249 1810 aut
264 1778 290 1809 si
301 1787 358 1819 qua
372 1778 480 1810 ﬁdelis.
511 1778 586 1809 Nam
615 1777 641 1808 si
671 1776 809 1808 inﬁdeles
838 1781 949 1817 essent,
968 1787 1027 1809 non

199 1826 353 1863 oporteret
367 1827 399 1854 ut
410 1822 447 1854 ab
461 1822 505 1854 eis
518 1822 682 1858 alerentur,
699 1830 737 1852 ne
744 1821 1027 1853 viderenturﬁdeles

198 1876 287 1907 egere
316 1867 501 1899 inﬁdelibus.
528 1869 677 1899 Praeterea
692 1875 810 1906 quoque
826 1865 1028 1906 legislationes

197 1912 264 1944 illos
275 1916 462 1944 concernunt
477 1912 529 1953 qui
539 1912 614 1952 ipsis
629 1914 747 1951 parent,
758 1920 817 1941 non
829 1919 882 1941 eos
893 1910 944 1950 qui
959 1911 1028 1942 sub~

192 1957 267 1997 jecti
283 1966 343 1988 non
371 1961 451 1989 sunt.
484 1970 497 1985 ι
514 1956 693 1997 Suppeditet
717 1955 786 1986 illis.
807 1967 818 1984 ο
839 1955 913 1986 Rem
938 1955 1026 1987 faciat

197 2001 395 2042 quaaminime
406 2001 478 2032 240
488 2001 659 2041 gravisesse
674 1999 777 2031 debet.
799 2000 857 2030 Per
868 1999 924 2030 hoc
946 2000 1023 2030 enim

196 2047 276 2087 quod
292 2047 343 2084 ait,
362 2047 520 2087 ἐπαρκείτω,
537 2045 568 2076 id
597 2048 654 2085 est,
681 2043 861 2084 suppeditet,
885 2053 1024 2075 necessa-

198 2091 276 2122 rium
293 2091 470 2132 signiﬁcavit
498 2091 687 2122 alimentum.
718 2100 730 2116 «
750 2088 784 2119 Et
810 2097 868 2118 non
885 2092 1026 2119 oneretur

1067 885 1200 918 ἐπαρκέσῃ
1207 909 1214 918 ,
1231 898 1245 913 κ

1107 897 1118 914 ι
1135 897 1181 914 κεσ
1207 909 1214 918 ,
1231 898 1245 913 ιι

1107 897 1143 959 Ἰῗὸ
1157 898 1206 967 [agis
1220 929 1301 958 καλὸν
1315 930 1361 970 ἧν,
1390 929 1458 963 ἅπαξ
1485 936 1545 962 ταῖς
1572 930 1672 969 χήραις
1700 927 1900 967 καταλεγείσας

1068 975 1106 1012 μὴ
1139 977 1332 1014 καταστρηνιᾷν
1369 979 1416 1004 τοῦ
1449 974 1571 1014 Χριστοῦ,
1611 973 1680 1012 μηδέ
1708 974 1813 1002 ἀθετεῖν
1844 973 1901 1006 τὴν

1067 1019 1174 1059 πρώτην
1189 1020 1287 1051 πίστιν,
1316 1019 1424 1053 Ἐπειδὴ
1454 1018 1482 1047 δὲ
1512 1023 1590 1048 τοῦτο
1621 1019 1736 1054 ποιοῦσι,
1753 1018 1899 1057 γαμείτω-

1068 1075 1127 1102 σαν,
1142 1065 1185 1092 καὶ
1214 1064 1253 1102 μὴ
1276 1065 1496 1104 κατεγγδάτωσαν
1525 1064 1619 1096 ἑαυτὰς
1648 1067 1687 1101 τῷ
1714 1066 1831 1101 Χριστῷ,
1849 1063 1903 1091 καὶ

1069 1109 1152 1141 οὕτως
1166 1110 1343 1148 γαμείτωσαν.
1374 1110 1410 1138 Τὸ
1438 1109 1486 1147 μὲν
1515 1109 1566 1148 γὰρ
1593 1108 1792 1147 ἀναμάρτητον,
1823 1108 1856 1135 τὸ
1874 1106 1900 1134 δ’

1069 1153 1184 1184 ἀνόσιον.
1207 1155 1242 1183 Τὸ
1264 1154 1313 1193 γὰρ
1340 1154 1458 1194 κεχηνὸς
1480 1153 1566 1182 αὐτῶν
1590 1153 1634 1181 καὶ
1669 1153 1797 1191 ῥῄθυμον,
1823 1152 1900 1180 οὕτω

1068 1202 1130 1237 γοῦν
1159 1198 1376 1238 καταστέλλεται,
1419 1201 1453 1236 τῇ

1067 1244 1191 1285 φροντίδι,
1231 1255 1248 1285 ¢_
1275 1244 1410 1282 Μηδεμίαν
1438 1245 1560 1285 ἀφορμὴν
1588 1242 1686 1271 διδόναι
1714 1246 1752 1280 τῷ
1777 1243 1899 1270 ἀντικει-

1068 1281 1150 1327 μένῳ.
1191 1300 1202 1318 ι
1236 1281 1276 1318 ’λυ
1306 1290 1355 1328 γὰρ
1379 1289 1404 1321 ἐς
1434 1281 1511 1328 ὀρθοῦν
1535 1289 1678 1327 γαμήσωσι
1710 1287 1748 1325 μὴ
1763 1288 1897 1327 πρότερον

1069 1333 1162 1366 ἑαυτὰς
1191 1336 1297 1373 Χριστῷ
1343 1334 1569 1372 κατεγγυήσασαι,
1611 1333 1658 1360 οὐκ
1693 1332 1729 1363 εὶς
1766 1331 1896 1371 ἀφορμὴν

1068 1376 1195 1417 λοιδορίας
1227 1377 1341 1410 ἥξουσιν.
1371 1378 1429 1417 Οὐχ
1456 1377 1503 1405 ἵνα
1532 1376 1560 1404 δὲ
1585 1375 1668 1407 ἀδεῶς
1697 1376 1774 1413 ζῶσι,
1791 1382 1898 1415 γαμεῖν

1068 1421 1234 1461 προσέταξεν,
1252 1421 1312 1450 ἀλλ’
1342 1421 1388 1449 ἵνα
1430 1428 1490 1454 ταῖς
1525 1421 1641 1462 φροντίσι
1668 1420 1895 1465 γυῦνὶιπιεζόμε-

1069 1478 1121 1506 ναι,
1153 1470 1198 1495 τοῦ
1237 1467 1354 1504 κοσμίως
1403 1469 1449 1504 ζῇν
1477 1466 1673 1506 προνοήσωσιν.
1694 1477 1708 1493 ι
1748 1464 1806 1498 Har.
1843 1466 1897 1504 γὰρ

1068 1522 1136 1544 τινες
1151 1511 1338 1551 ἐξετράπησαν,
1359 1522 1370 1540 ι
1397 1512 1446 1540 Διὰ
1471 1509 1541 1538 τίδὲ
1569 1510 1700 1543 τοσαύτην
1730 1509 1897 1549 παραφυλα-

1068 1556 1118 1590 κὴν
1134 1557 1193 1596 περὶ
1206 1558 1290 1585 αὐτῶν
1319 1556 1449 1593 ἐποιήσω,
1473 1556 1517 1583 καὶ
1548 1554 1632 1583 πλείω
1661 1554 1728 1593 ἥπερ
1758 1554 1801 1582 ἐπὶ
1839 1557 1895 1582 τῶν

1068 1600 1225 1641 παρθένων,
1259 1595 1323 1629 ιὈτι
1345 1600 1431 1639 αὐταὶ,
1461 1601 1535 1640 φησὶ,
1560 1600 1610 1632 τὴν
1632 1599 1756 1638 ἀφορμὴν
1771 1597 1897 1627 δεδώκα-

1070 1655 1110 1673 σιν
1142 1645 1306 1684 ὲκτραπῆσαι
1349 1645 1434 1672 ὀπίσω
1475 1647 1521 1671 τοῦ
1560 1646 1678 1674 Σατανᾶ,
1710 1646 1798 1672 Ταῦτα
1827 1644 1894 1682 γὰρ,

1069 1689 1143 1729 φησὶ,
1160 1689 1242 1729 λέγω,
1259 1689 1310 1729 οὔχ
1331 1688 1377 1718 ’ίνα
1406 1689 1444 1726 μὴ
1472 1689 1522 1716 ὦσι
1547 1688 1672 1727 νεώτεραι
1702 1690 1800 1728 χῆραι,
1824 1687 1898 1715 ἀλλὰ

1070 1732 1190 1766 δεδοικὼς
1214 1734 1252 1771 μή
1281 1734 1327 1761 τὸν
1354 1734 1465 1773 Χριστὸν
1493 1733 1654 1767 ἆθετήσωσι.
1681 1742 1692 1760 α
1717 1731 1750 1760 Εἴ
1780 1743 1820 1764 τις
1845 1744 1897 1760 πι-

1070 1779 1142 1810 στός,
1163 1790 1173 1807 ιι
1194 1777 1287 1810 Καλῶς
1312 1779 1353 1808 τὸ.
1381 1778 1475 1809 Πιστὸς
1504 1777 1522 1811 ἣ
1551 1777 1645 1811 πιστὴ,
1683 1777 1712 1806 El.
1739 1777 1789 1816 γὰρ
1825 1777 1898 1810 ἦσαν

1070 1823 1186 1858 ἄπιστοι,
1214 1824 1261 1851 οὐκ
1288 1821 1339 1850 ’έόει
1367 1823 1429 1861 παρ’
1457 1822 1542 1850 αὐτῶν
1583 1821 1751 1865 τρέφεσθαικ,
1769 1821 1815 1849 ’ίνα
1854 1822 1897 1858 μὴ

1069 1866 1161 1900 δόξωσι
1177 1867 1276 1896 δέεσθαι
1306 1868 1332 1894 αἱ
1359 1867 1449 1895 πισταὶ
1483 1869 1535 1894 τῶν
1571 1865 1700 1894 ἀπίστων.
1749 1865 1843 1897 Αλλως
1867 1865 1897 1894 δὲ

1069 1912 1190 1952 καὶπρὸς
1206 1912 1266 1943 τοὺς
1282 1910 1451 1949 πειθομένους
1480 1911 1506 1938 αἱ
1535 1909 1696 1948 νομοθεσίαι,
1728 1910 1759 1937 οὗ
1785 1911 1850 1942 τοὺς
1866 1911 1900 1938 οὗ

1069 1956 1303 1994 πεισθησομένους,
1343 1967 1356 1983 ι
1373 1954 1535 1995 Ἐπαρκείτω
1582 1956 1688 1986 αὐταϊς.
1727 1964 1742 1984 )
1782 1953 1900 1994 Ἀϐαρὲς

1068 2002 1174 2029 ποιείτω
1203 2002 1233 2029 τὸ
1263 2003 1382 2039 πρᾶγμα.
1415 2000 1464 2027 Διὰ
1490 2000 1540 2039 γὰρ
1567 2003 1625 2036 τοῦ,
1654 1999 1814 2038 ἐπαρκείτω,
1845 1999 1900 2032 τὴν

1068 2045 1210 2084 ἀναγκαίαν
1246 2044 1362 2079 ἐδήλωσε
1387 2045 1498 2084 τροφήν.
1534 2054 1546 2072 ι
1565 2044 1614 2072 Καὶ
1640 2044 1694 2081 μὴν
1722 2044 1854 2082 βαρείσθω
1878 2045 1897 2077 ἡ

1068 2089 1223 2123 Ἐκκλησία.
1241 2099 1256 2119 )
1291 2084 1378 2117 ιὨσ-ιιε
1407 2090 1430 2116 οἱ
1455 2089 1544 2117 πιστοὶ
1573 2087 1709 2128 τρέφοντες
1729 2088 1776 2120 τὰς
1792 2088 1898 2117 ἑαυτῶν

193 2134 340 2167 Ecclesia.
358 2147 373 2166 ι
391 2135 493 2177 Itaque
509 2134 605 2166 ﬁdelis
629 2133 682 2175 qui
707 2142 775 2164 suas
800 2132 1024 2177 aluntividuas,

1110 2144 1165 2173 ρας,
1197 2135 1239 2162 καὶ
1283 2141 1343 2166 ταῖς
1370 2136 1418 2166 τῆς
1441 2132 1602 2165 Ἐκκλησίας
1644 2133 1744 2172 χήραις
1773 2131 1897 2170 συμϐάλ-

198 2178 286 2210 etiam
302 2179 445 2212 Ecclesia;
455 2179 690 2219 viduasjuvant:
708 2176 949 2218 quandoquidem
966 2186 1025 2208 non

195 2225 457 2263 gravataEcelesia
478 2223 602 2256 uberius
616 2223 676 2254 alet
686 2231 759 2263 quas
768 2221 831 2262 alit,
844 2230 950 2261 nempe
961 2231 1026 2262 quae

194 2277 265 2300 vere
275 2274 345 2301 sunt
356 2270 464 2306 viduae,
478 2269 536 2300 hoc
548 2267 720 2308 est,quibus
730 2266 827 2297 nullus
837 2270 957 2306 praeest,
972 2265 1024 2297 sed

195 2313 337 2346 desolatas
347 2318 427 2346 sunt.
446 2325 456 2341 ι
466 2313 505 2345 Ut
517 2313 554 2344 iis
565 2322 630 2353 qua!
642 2321 712 2343 vere
721 2314 791 2343 sunt
800 2310 896 2341 viduae
911 2319 1023 2350 suppe-

194 2361 246 2389 tat.
263 2371 275 2389 υ
290 2360 368 2390 Vere
380 2359 475 2390 viduae
484 2367 549 2399 quae
558 2357 692 2397 undique
708 2355 845 2387 dcsertaa'
861 2358 938 2385 sunt.
950 2353 1022 2385 Nam

194 2403 246 2444 qui
262 2403 319 2435 hoc
326 2404 406 2441 facit,
415 2413 475 2435 nou
483 2403 579 2434 solum
592 2402 644 2433 alit
659 2410 747 2442 quam
760 2400 823 2438 alit,
847 2399 900 2430 sed
911 2402 940 2429 et
949 2399 1024 2444 reli-

195 2443 262 2489 quis
286 2448 411 2480 multum
437 2447 564 2488 confert,
595 2447 667 2478 dum
684 2445 802 2477 occasio
834 2447 890 2481 est,
906 2448 938 2474 ut
965 2443 1024 2475 illis

194 2492 399 2525 abundantius
410 2492 629 2533 suppeditetur.

502 2535 624 2569 CAPUT
647 2535 711 2568 XII.

392 2582 437 2614 De
448 2582 691 2623 presbyterorem
706 2580 831 2612 honore.

216 2626 251 2664 V,
258 2626 349 2658 17-21
356 2649 364 2658 .
370 2627 429 2666 Qui
438 2621 510 2659 liene
515 2621 961 2667 prwsunlpresbyteriﬁuplici
968 2621 1024 2653 ho-

192 2679 268 2702 nore
274 2671 360 2712 digni
366 2671 686 2703 habeanturmuxime
692 2670 717 2700 ii
724 2669 779 2709 qui
784 2668 924 2700 laborant
972 2675 1027 2697 ser'

191 2723 281 2746 mone
288 2717 471 2748 etdoctrina.
478 2716 561 2748 Dicit
571 2714 828 2754 cnimScriptura:
839 2714 903 2743 Non
912 2711 1025 2752 obliga-

193 2760 238 2791 bis
245 2768 278 2791 os
285 2760 353 2794 bovi
360 2761 591 2794 lrituranti.Et:
598 2760 715 2799 Dignus
724 2762 768 2789 est
777 2757 937 2798 operarius
943 2764 1026 2786 mer-

192 2805 490 2839 cedesua.Aduersus
495 2806 643 2838 seniorem
650 2812 687 2834 ne
695 2802 854 2834 admiseris
862 2800 1026 2832 accusatio-

1109 2800 1161 2827 πθοῦ
1201 2801 1290 2829 αὺτοῦ.
1332 2801 1403 2828 Κατὰ
1431 2799 1604 2839 πρεσϐυτέρου
1640 2802 1803 2840 κατηγορίαν

1067 2177 1157 2207 λονται
1176 2202 1182 2209 .
1198 2180 1244 2206 οἷα
1258 2177 1291 2211 δὴ
1320 2178 1358 2216 μὴ
1387 2177 1551 2216 βαρουμένης
1581 2178 1630 2210 τῆς
1656 2176 1832 2214 Ἐκκλησίας,
1849 2179 1898 2205 καὶ

1067 2221 1109 2250 διὰ
1142 2225 1219 2251 τοῦτο
1248 2222 1426 2262 ἀφθονώτερον
1455 2222 1613 2261 τρεφούσης,
1642 2221 1673 2253 ἃς
1703 2221 1804 2261 τρέφει,
1845 2222 1895 2253 τὰς

1066 2266 1147 2300 ὅντως
1165 2266 1266 2301 δηλαδὴ
1297 2268 1401 2307 χήρας,
1427 2267 1546 2296 τουτέστι
1574 2267 1622 2299 τὰς
1651 2266 1896 2305 ἆπροστατεύτους,

1066 2312 1108 2340 καὶ
1124 2306 1324 2350 μεμονωμένοις.
1345 2323 1358 2338 (ι
1383 2306 1402 2318 Η
1417 2317 1459 2340 [να
1473 2318 1534 2344 ταῖς
1555 2311 1639 2342 ὅντως
1654 2312 1770 2350 χήραις.
1792 2323 1803 2338 ι
1824 2306 1897 2341 ιὈν-

1066 2367 1118 2388 τως
1142 2358 1226 2396 χῆραι
1276 2357 1300 2384 αἱ
1345 2356 1471 2384 πάντοθεν
1514 2355 1622 2395 ἔρημοι.
1674 2352 1702 2384 ιΟ
1727 2356 1778 2394 γὰρ
1813 2360 1896 2385 τοῦτο

1065 2400 1160 2438 ποιῶν,
1180 2401 1268 2440 φησὶν,
1284 2402 1314 2429 οὒ
1328 2401 1409 2438 μόνον
1433 2400 1466 2434 ἣν
1494 2400 1594 2440 τρέφει,
1631 2399 1730 2440 τρέφει,
1762 2400 1834 2428 ἀλλὰ
1850 2403 1896 2429 χαὶ

1065 2451 1126 2476 ταῖς
1162 2444 1269 2478 λοιπαῖς
1312 2444 1379 2473 πολὺ
1421 2443 1609 2482 συμϐάλλεται,
1657 2443 1759 2476 πλάτος
1796 2444 1895 2477 wit-.11.;

1066 2489 1209 2528 προξενῶν,

1375 2537 1500 2564 ΚΕΦΑΛ.
1518 2529 1572 2566 IB'.

1262 2589 1276 2605 «
1300 2579 1360 2617 Περὶ
1374 2577 1555 2618 πρεσϐυτέρων
1571 2580 1663 2616 τιμῆς.
1682 2588 1695 2607 ι

1110 2634 1124 2649 ιι
1154 2624 1183 2651 Οἱ
1218 2621 1305 2655 καλῶς
1347 2626 1511 2662 προεστῶτες
1558 2621 1740 2663 πρεσϐύτεροι,
1793 2623 1891 2658 διπλῆς

1067 2669 1146 2704 τιμῆς
1189 2665 1372 2699 ἀξιούσθωσαν.
1423 2667 1543 2695 Μάλιστα
1586 2669 1609 2695 οἱ
1656 2668 1806 2699 κοπιῶντες
1865 2669 1891 2697 έν

1066 2710 1138 2749 λόγῳ
1171 2711 1214 2738 καὶ
1242 2709 1403 2747 διδασκαλίᾳ,
1443 2712 1519 2750 Λέγει

1068 2755 1188 2783 ἀλοῶντῖ.
1222 2756 1250 2783 οὔ
1283 2756 1423 2794 φιμώσεις,
1455 2757 1514 2795 Καὶ,

1824 2717 1844 2740 Β
1848 2717 1892 2741 οὖν

1558 2756 1633 2788 Λξιος
1662 2757 1675 2784 ὁ
1704 2756 1820 2794 ἐργάτης
1845 2765 1892 2788 τοῦ

1852 2805 1890 2840 μὴ

1547 2712 1597 2751 γὰρ
1632 2713 1648 2745 ἡ
1679 2713 1770 2751 Γρπφή
1787 2720 1794 2727 ·

1502 1196 1675 1236 περισσοτέρᾳ
1716 1196 1803 1234 θλίψει
1848 1198 1898 1224 καὶ
1945 1197 1947 1205 ⁴
