1947 3079
195 160 252 193 183

750 162 955 195 CEGUMENII
977 162 1125 194 TRICG/E
1146 161 1315 195 EPISCOPI

1824 159 1879 192 184

193 230 262 257 sunt
276 227 384 266 angeli,
401 227 453 259 sed
462 227 595 268 reprobi.
605 244 642 250 —
655 227 775 258 Aliud..
789 230 845 259 Aut
855 227 885 259 id
896 228 974 269 quod
981 237 1015 260 re
1024 242 1032 258 λ

1121 229 1159 260 io.
1181 230 1342 269 [OlKOI‘M.]
1359 222 1392 259 nH
1420 231 1450 258 τὸ
1479 231 1507 259 ὃν
1536 231 1624 269 εἶπεν,
1661 230 1679 264 ἢ
1715 230 1779 269 πρὸς
1801 229 1878 257 ἀντι-

192 280 266 302 vera
281 275 354 309 erat,
366 270 452 311 dixit,
465 275 519 303 aut
535 271 573 303 ad
585 271 747 303 discrimen
757 273 948 312 rejectorum.
959 285 970 302 α
980 272 1018 304 Ut

193 316 257 347 haec
268 325 371 347 serves
382 316 446 347 sine
459 316 691 357 praacipitatione
698 316 816 357 judicii.
832 330 845 346 »
859 316 937 354 Haec,
948 322 1017 358 puta

196 369 262 401 quae
276 360 361 391 dixit.
378 360 449 392 Sine
478 361 710 402 praecipitatione
735 362 853 402 judicii,
868 362 899 393 id
915 366 971 402 est,
987 366 1019 393 ut

198 404 274 436 nihil
291 414 394 436 eorum
411 415 477 445 quae
490 405 570 437 dicta
584 410 652 437 sunt
669 411 782 438 temere
798 410 826 437 et
841 407 1018 447 impruden-

197 453 243 480 ter
257 459 291 480 ac
307 458 367 480 non
389 454 540 490 praeeunte
563 450 676 490 judicio
690 455 740 481 aut
766 451 890 482 consilio
916 450 1017 483 facias.

202 504 214 522 ε
228 493 315 525 Juxta
325 493 557 534 propensionem
568 495 670 526 animi.
683 508 695 523 ι
705 495 766 526 Hoc
776 499 869 533 est,ex
882 505 1021 536 praesum-

199 537 310 578 ptione.
327 538 397 568 242
411 538 564 579 Siquidem
581 539 824 580 praesumptiones
852 541 1022 580 frequenter

201 583 406 614 destituuntur
420 583 554 615 veritate.
571 583 622 615 Est
631 584 711 615 enim
723 585 885 625 πρόσκλησις
901 586 1019 616 affecta-

200 626 254 667 tio,
266 636 331 668 quas
343 627 471 669 aliquem
485 629 664 668 provocatad
672 629 822 670 quidpiam
835 630 899 661 sine
905 629 1021 669 judicio

200 671 381 703 faciendum.
396 685 409 700 ι
423 672 494 704 Sine
503 673 735 714 praecipitatione
741 674 878 714 judicii.»
885 674 1022 706 Clemens

202 717 328 757 septimo
337 718 595 757 Informationum
615 717 690 749 libro
711 718 851 759 intelligit
863 720 946 760 χωρὶς
961 731 1023 759 προ-

202 761 340 801 κρίματος,
356 761 414 793 hoc
442 766 498 800 est,
521 771 628 794 cavens
656 772 695 794 ne
722 763 759 794 ad
787 763 897 804 aliquid
913 763 1025 804 impin-

204 805 312 845 gendo,
330 805 500 846 subjiciaris
511 807 625 847 judicio
643 812 672 839 et
686 807 792 839 ultioni
804 808 1023 840 inobedientiae.

205 849 333 880 Sanctus
342 855 440 881 autem
450 851 577 882 Basilius
588 853 618 882 in
643 852 888 893 interpretatione
903 853 1024 893 parabo-

205 893 302 924 larum
315 894 381 925 ait:
411 894 475 926 Non
502 895 668 927 secundum
697 885 926 928 adclinationein
944 885 1056 937 (legitB

206 937 287 969 enim
304 939 458 978 πρόσκλισιν
473 949 527 981 per
540 941 616 981 ἰῶτα)
632 940 662 971 id
675 946 731 979 est,
749 951 807 972 non
823 941 976 973 declinans
990 942 1026 972 ad

1057 267 1197 307 διαστολὴν
1230 277 1282 303 τῶν
1310 267 1515 314 ἀποῤῥιφέντων.
1548 286 1563 302 α
1592 267 1643 304 ’ἱνα
1664 267 1747 304 ταῦτα
1762 271 1881 314 φυλάξῃς

1059 319 1140 358 χωρὶς
1169 319 1358 358 προκρίματος.
1375 331 1389 346 ι)
1414 323 1501 349 Ταῦτα
1515 319 1565 357 μὲν
1593 319 1659 359 ἅπερ
1687 319 1793 358 εῗρηκε.
1815 321 1882 346 Χω-

1060 366 1097 404 ρὶς
1132 366 1328 405 προκρίματως,
1369 365 1498 403 τουτέστι,
1548 366 1632 406 χωρὶς
1659 368 1705 394 τοῦ
1740 364 1883 404 προπετῶς

1059 421 1085 438 τι
1106 410 1150 437 καὶ
1164 409 1255 441 ἁπλῶς
1282 411 1326 438 καὶ
1347 408 1410 450 δίχα
1438 409 1594 449 κεκριμένης
1623 409 1720 448 βουλῆς
1748 407 1844 448 πρᾶξαί
1858 419 1885 435 τι

1061 454 1088 482 ὲν
1103 453 1164 485 τοῖς
1186 454 1344 493 εἰρημένοις,
1378 465 1390 482 ι
1406 455 1478 483 Κατὰ
1492 454 1667 494 πρόσκλησιν,
1688 465 1699 483 ι
1726 456 1797 490 οἷον,
1814 452 1886 480 κατᾶ

1062 497 1207 538 πρόληψιν,
1224 500 1254 527 Αἱ
1270 499 1318 538 γὰρ
1333 498 1481 538 προλήψεις
1503 498 1632 531 πολλάκις
1660 500 1706 527 οὒκ
1731 498 1824 538 ἔχουσι
1854 497 1887 524 τὸ

1063 541 1171 576 ἀληθές.
1202 542 1368 582 Πρόσκλησις
1396 543 1445 582 γάρ
1492 543 1573 580 ἐστιν,
1617 542 1635 576 ἢ
1670 541 1888 582 προκαλούμενόν

1063 597 1121 614 τινα
1141 585 1200 615 τόδε
1227 598 1252 615 τι
1280 587 1390 621 ποιῆσαι
1418 586 1480 627 δίχα
1515 587 1635 627 κρίσεως.
1666 598 1680 614 α
1703 587 1786 625 Χωρὶς
1813 596 1886 624 προ-

1062 631 1227 670 κρίματος.»
1259 633 1323 661 Οῖον
1349 631 1409 660 ἄνευ
1433 637 1478 661 τοῦ
1519 632 1559 664 εἴς
1588 643 1613 660 τι
1641 631 1787 660 πταίσαντα
1814 631 1888 658 ὑπο-

1063 682 1155 704 πεσεῖν
1190 679 1224 714 τῇ
1251 676 1333 716 κρίσει
1358 677 1402 704 καὶ
1427 680 1461 715 τῇ
1500 679 1549 710 τῆς
1591 678 1729 715 παρακοῆς
1762 674 1887 716 κολᾴσει.

1066 719 1154 752 Οὕτως
1175 722 1188 749 ὁ
1211 720 1325 757 Κλήμης
1359 721 1386 750 ἐν
1422 720 1526 759 ἑϐδόμῳ
1557 716 1776 751 Ὺποτυπώσεων,
1815 715 1846 748 ’0
1861 718 1889 746 δὲ

1064 764 1093 793 ἐν
1105 765 1188 804 ἁγίοις
1217 765 1362 806 Βασίλειος,
1390 767 1418 794 ἓν
1501 766 1626 805 ἑρμηνείᾳ
1652 768 1706 793 τῶν
1735 767 1891 804 Παροιμιῶν

1066 820 1143 850 φησι,
1171 810 1244 839 Κατὰ
1271 810 1436 849 πρόσκλισιν,
1473 812 1530 839 οἷον
1559 810 1598 848 μὴ
1625 809 1823 846 ἐπικλινόμενος
1854 809 1892 838 εἷς

1066 855 1096 882 τὸ
1118 855 1157 892 μὴ
1173 855 1257 894 ὀρθὸν,
1274 854 1333 882 ἀλλ’
1355 856 1458 883 εὒθεϊαν
1485 855 1535 888 τὴν
1564 854 1646 894 κρίσιν
1661 853 1788 894 ἐκφέρων.
1813 854 1889 886 Φησὶ

1067 899 1116 938 γὰρ
1137 898 1218 931 οὕτως
1237 907 1242 914 '
1261 899 1349 932 Μηδὲν
1378 903 1461 928 πυιῶν
1489 899 1556 927 κατὰ
1570 898 1738 938 πρόσκλισιν,
1769 897 1829 925 ἀλλ’
1846 898 1890 925 εὖ·

1067 943 1137 974 θείας
1155 944 1198 971 καὶ
1222 943 1408 984 ἀδιαστρόφους
1429 943 1544 984 ἐκφέρων
1559 944 1605 975 τὰς
1624 944 1733 982 κρίσεις.

205 982 236 1013 id
253 983 331 1022 quod
346 989 462 1015 rectum
478 993 537 1015 non
553 989 608 1023 est,
625 985 677 1016 sed
693 990 806 1017 rectum
822 986 921 1017 ferens
933 986 1093 1026 judicium.
1108 986 1150 1018 Ita
1166 987 1245 1018 enim
1271 982 1363 1019 dicit}
1391 982 1471 1019 Nihil
1488 982 1599 1019 faciens
1625 986 1791 1018 secundum
1806 985 1895 1017 accli-

208 1029 370 1067 nationem,
383 1028 435 1060 sed
450 1033 531 1060 recta
547 1034 575 1060 et
590 1039 648 1061 nen
664 1040 804 1070 perversa
818 1031 918 1063 ferens
929 1031 1058 1072 judicia.

506 1074 627 1107 CAPUT
649 1075 726 1107 XIII.

463 1118 505 1149 De
520 1124 611 1151 cauta
626 1119 780 1152 electione.

249 1161 285 1199 V,
305 1162 413 1194 22—23.
435 1164 544 1195 Manus
561 1165 620 1196 cito
634 1166 753 1196 nemini
767 1167 916 1206 imponas,
933 1175 1031 1207 neque

208 1209 409 1238 communices
422 1208 554 1248 peccatis
569 1208 690 1241 alienis.
706 1211 905 1250 Temetipsum
917 1215 1030 1242 castum

208 1259 306 1282 serva.
323 1251 368 1283 Ne
379 1252 505 1291 posthac
520 1253 603 1285 bibas
618 1263 744 1295 aquam,
759 1255 809 1286 sed
823 1256 938 1286 modico
948 1259 1031 1287 utere

209 1295 279 1326 nino
292 1300 416 1336 propter
437 1298 627 1330 stomachum
659 1303 747 1331 tuum
770 1303 798 1330 et
825 1300 948 1331 crebras
964 1304 1033 1332 tuas

210 1340 416 1380 inﬁrmitates.

251 1383 294 1415 De
308 1385 504 1430 electionibus
519 1388 607 1418 etiam
623 1387 756 1428 disserit,
781 1398 849 1420 nam
865 1389 900 1420 ad
915 1389 1034 1430 episco-

1383 1073 1576 1109 ΚΕΦΑΛ.1Γ²

1249 1132 1264 1152 ‹
1279 1124 1340 1162 Περὶ
1363 1123 1526 1163 χειροτονίας
1541 1122 1688 1162 ἀσφαλοῧς.
1706 1132 1720 1152 )

1112 1170 1210 1199 Χεῖρας
1247 1167 1353 1207 ταχέως
1382 1166 1474 1205 μηδενὶ
1516 1166 1641 1203 ἐπιτίθει,
1671 1165 1738 1204 μηδέ
1774 1164 1896 1192 κοινώνει

1073 1211 1211 1250 ἁμαρτίαις
1243 1211 1406 1251 ἀλλοτρίαις,
1450 1213 1564 1240 Σεαυτὸν
1608 1212 1686 1250 ἁγνὸν
1721 1211 1807 1248 τήρει.
1839 1213 1899 1241 Μη-

1072 1255 1128 1283 κέτι
1143 1254 1290 1296 ὑδροπότει,
1321 1256 1380 1284 ἀλλ’
1410 1256 1477 1294 οἷ’νῳ
1505 1256 1588 1295 ὀλίγῳ
1616 1257 1675 1295 χρῶ
1696 1254 1738 1283 διὰ
1761 1255 1807 1282 τὸν
1830 1253 1897 1282 στό-

1074 1300 1164 1340 μαχόν
1179 1311 1225 1329 σου
1239 1301 1283 1329 καὶ
1299 1301 1345 1333 τὰς
1360 1302 1457 1334 πυκνὰς
1472 1312 1517 1330 σου
1532 1301 1675 1332 ἀσθενείας.
1695 1310 1707 1328 ι

1118 1390 1167 1418 Καὶ
1209 1391 1268 1430 περὶ
1310 1390 1480 1430 χειροτονιῶν
1529 1387 1711 1426 διαλαμϐάνει,
1742 1387 1900 1424 Ἐπισκόπῳ

213 1437 283 1474 pum
299 1428 458 1462 scribebat.
489 1431 572 1467 Quod
588 1431 652 1464 ait:
684 1433 761 1470 Cito,
791 1433 821 1464 id
850 1438 905 1472 est,
932 1428 990 1465 non
1019 1443 1032 1465 a

1121 1428 1250 1474 n’e'ypzqae.
1278 1428 1381 1472 Τὸ’δὲ,
1412 1434 1536 1474 Ταχέως,
1559 1435 1628 1473 οἷον,
1658 1433 1697 1471 μὴ
1726 1432 1756 1460 ἐκ
1788 1433 1898 1466 πρώτης

213 1472 309 1513 prima
323 1478 373 1504 aut
387 1474 478 1506 altera
493 1476 593 1507 statim
618 1476 821 1517 inquisitione,
839 1479 893 1509 sed
909 1478 961 1510 ubi
976 1479 1032 1509 fre-

1121 1472 1265 1516 ιιμασίαςῆ
1294 1479 1424 1519 δευτέρας,
1452 1472 1675 1509 animum;
1704 1477 1827 1510 ἐξετάσας
1853 1478 1896 1505 καὶ

212 1521 339 1563 quenter
352 1527 386 1549 ac
398 1518 557 1559 diligenter
565 1521 748 1562 inquisieris.
766 1532 779 1552 (
791 1521 893 1563 Neque
902 1532 1032 1554 commu-

1121 1521 1203 1554 >t5di<.
1244 1536 1255 1552 ι
1275 1522 1347 1557 Μηδὲ
1368 1518 1497 1552 κοινώνει
1526 1523 1664 1562 ἁμαρτίαις
1692 1521 1858 1561 ἀλλοτριαις.
1885 1533 1897 1549 ι

212 1561 296 1592 nices
308 1563 567 1603 peccatisalienis:
588 1561 775 1606 {indignum
790 1561 899 1607 populo
917 1567 1032 1608 episco-

1121 1566 1254 1605 νὰνάξιον,
1277 1567 1341 1597 λαοῦ
1367 1568 1541 1607 μυσταγωγὸν
1556 1561 1741 1607 προχειρίζων,
1774 1576 1789 1595 ι
1813 1569 1900 1594 Suu-

214 1617 283 1653 pum
301 1609 479 1649 prwﬁciens.
497 1623 511 1639 »
545 1612 749 1653 Temetipsum
778 1617 890 1644 castum
907 1623 1000 1644 serva.
1023 1626 1032 1642 ι

1121 1624 1124 1634 ν
1157 1612 1235 1651 ἁγνὸν
1270 1613 1354 1652 τήρει,
1371 1622 1385 1642 ι
1415 1613 1475 1652 Περὶ
1503 1612 1672 1652 σωφροσύνης
1701 1612 1772 1648 αὗτῴ
1794 1621 1901 1649 παραγ-

212 1652 256 1684 De
264 1655 462 1694 temperantia
472 1655 499 1686 ei
512 1656 656 1697 praecipit.
666 1652 753 1694 Quod
766 1657 790 1688 si
798 1658 859 1689 haec
866 1657 1037 1689 scribitviro

213 1697 287 1729 adeo
299 1699 498 1740 sesejejuniis
512 1705 539 1732 et
548 1710 632 1742 aquae
641 1708 712 1741 potu
724 1703 904 1741 extenuanti,
920 1708 954 1734 ut
968 1703 1038 1734 inde

213 1742 301 1773 etiam
318 1748 484 1783 aegrotaret,
498 1745 568 1786 quid
580 1755 633 1777 nos
643 1745 742 1778 facere
752 1751 878 1787 oportet,
898 1751 947 1778 aut
962 1757 1037 1788 quo-

212 1795 279 1832 nam
292 1788 380 1819 modo
391 1788 547 1821 observare
560 1790 573 1820 ἲ
587 1801 598 1819 ι
610 1791 654 1822 Ne
666 1791 787 1831 posthac
796 1791 881 1822 bibus
891 1801 1009 1832 aquam.
1023 1805 1034 1820 υ

212 1831 249 1864 Et
257 1842 348 1873 quare
359 1832 467 1865 Paulus
478 1844 537 1865 non
548 1835 671 1866 sanabat
692 1836 756 1876 ejus
772 1831 969 1873 stomachum,
985 1836 1035 1877 qui

211 1877 383 1917 corporales
397 1878 485 1909 etiam
501 1880 642 1912 sanitates
671 1880 861 1920 operabatur,
878 1881 928 1912 sed
947 1880 1034 1912 diaeta

213 1921 274 1953 vult
289 1931 358 1954 eum
374 1924 473 1954 sanari
489 1923 501 1955 ?
530 1924 567 1956 Ut
584 1929 810 1956 monumentum
841 1925 927 1956 nobis
942 1926 1036 1963 ﬁeret,

212 1975 250 1997 ne
258 1967 344 1998 facile
356 1967 590 2010 otfenderemnr,
603 1969 629 2000 si
642 1969 727 2010 probi
737 1970 790 2001 viri
802 1970 1036 2003 inﬁrmarentur:

213 2015 285 2042 etut
299 2011 363 2052 ipse
388 2012 564 2045 Timotheus
593 2023 647 2054 per
670 2014 880 2054 aegritudinem
897 2014 926 2044 in
942 2014 1039 2046 omcio

214 2056 429 2095 contineretur,
444 2067 483 2089 ne
494 2058 677 2099 superbiret.
690 2059 826 2099 Denique
837 2063 868 2089 ut
881 2068 933 2089 nos
944 2059 1039 2090 scire-

1079 1655 1180 1694 γέλλει.
1199 1657 1228 1685 Εἰ
1256 1655 1283 1684 δὲ
1304 1656 1375 1697 ἀνδρὶ
1403 1657 1534 1691 νηστείαις
1562 1657 1606 1684 καὶ
1626 1655 1790 1696 ὑδροποσίαις
1809 1655 1901 1684 tau—.5»

1080 1700 1229 1739 ἐκτήκονιι,
1267 1703 1303 1734 ὡς
1335 1701 1427 1730 λοιπὸν
1456 1702 1499 1730 καὶ
1526 1701 1657 1738 ἀσθενεῖν,
1685 1700 1778 1740 γράφει
1806 1705 1901 1736 ταῦτα,

1081 1745 1105 1773 τί
1131 1746 1204 1784 ἡμᾶς
1239 1746 1295 1786 χρὴ
1330 1753 1437 1787 ποιεῖνς
1464 1747 1481 1781 ἢ
1524 1749 1580 1778 πῶς
1628 1743 1902 1785 παραφυλάττεσθαι;

1083 1803 1096 1819 α
1114 1792 1215 1825 Μηκέτι
1246 1792 1391 1832 ὃδροπότει.
1411 1807 1422 1822 ι
1454 1793 1484 1822 Τί
1511 1792 1609 1828 δήποτε
1639 1792 1678 1829 μὴ
1709 1790 1822 1830 ἔρρωσεν
1853 1790 1903 1818 αὗ-

1077 1840 1123 1864 τοῦ
1138 1837 1184 1865 τὸν
1199 1838 1338 1877 στόμαχον
1363 1839 1377 1866 ὁ
1403 1837 1518 1877 Παῦλος,
1541 1838 1569 1869 ὃς
1598 1837 1641 1865 καὶ
1668 1836 1720 1864 ἀπὸ
1735 1840 1782 1864 τοῦ
1796 1835 1905 1875 χρωτὸς

1076 1879 1160 1913 ἰάσεις
1188 1881 1317 1919 ἐπετέλει,
1361 1882 1429 1911 ἀλλὰ
1477 1881 1563 1919 διαίτῃ
1619 1881 1698 1909 «om
1746 1882 1905 1919 θεραπεῦσαι

1079 1925 1224 1966 βούλεταις
1243 1921 1303 1955 “Iv:
1330 1927 1502 1966 ὑπογραμμὸς
1537 1927 1605 1964 ἡμῖν
1633 1925 1742 1964 γένηται
1771 1924 1810 1962 μὴ
1826 1935 1906 1951 σκαν-

1081 1969 1227 2006 δαλίζεσθαι
1257 1971 1384 2011 ἒναρέτων
1425 1971 1612 2006 ἀσθενούντων,
1649 1970 1692 1998 καὶ
1722 1969 1769 1996 ἵνα
1797 1969 1877 2001 aii-5‘0;
1893 1970 1907 1996 ὁ

1082 2015 1208 2053 Τιμόθεος
1237 2015 1447 2050 καταστέλληται
1476 2019 1510 2054 τῇ
1539 2015 1608 2052 νόσῳ
1629 2015 1659 2042 τὸ
1694 2013 1828 2054 φρόνημα,
1863 2014 1908 2041 καὶ

1085 2060 1132 2088 ἵνα
1146 2064 1251 2100 γνῶμεν
1265 2062 1359 2099 ἡμεῖς,
1376 2061 1417 2088 ὅτι
1438 2061 1486 2094 τῆς
1502 2061 1583 2093 αὐτῆς
1611 2060 1680 2096 ἡμῖν
1702 2059 1804 2098 φύσεως
1820 2057 1907 2097 ὄντες,

214 2110 280 2132 mus
294 2102 372 2142 quod
390 2111 457 2134 cum
474 2103 606 2144 ejusdem
632 2103 787 2134 nobiscum
804 2108 905 2134 essent
919 2108 1031 2135 natum

1127 2106 1234 2145 εώρθουν
1264 2105 1280 2133 ἂ
1308 2105 1468 2144 κατώρθουν,
1511 2103 1585 2133 Ἐπεὶ
1620 2102 1715 2143 ἴσχυεν
1747 2103 1761 2131 ὁ
1791 2102 1907 2142 Παῦλος⁷

214 2147 292 2178 bona
301 2148 352 2179 illa
363 2158 453 2190 opera
463 2148 645 2181 exercebant
654 2158 720 2189 quae
730 2148 878 2179 faciebant
891 2157 898 2180 2
914 2149 1031 2189 quando

1121 2150 1219 2190 ᾷεῦχῇ
1248 2151 1324 2178 αὑτὸν
1345 2150 1477 2190 ἰάσασθαι,
1505 2148 1573 2177 ἄλλᾶ
1595 2149 1701 2180 πάντως
1727 2149 1757 2177 οὗ
1771 2147 1907 2187 συνέφερε,

214 2193 441 2235 (ιιιὶάθπιξροιιιίι
452 2204 519 2226 eum
532 2194 640 2226 Paulus
652 2194 740 2225 unica
754 2202 845 2234 prece
859 2202 978 2234 sanare,
991 2203 1032 2224 se:

1121 2195 1178 2225 ›λ).ὰ
1191 2195 1219 2223 δὲ
1234 2194 1305 2234 λέγει
1326 2196 1339 2223 ὁ
1361 2195 1546 2233 Χρυσόπομος
1573 2195 1609 2226 εἷς
1634 2197 1721 2223 τοῦτο.
1746 2193 1800 2225 Τὴν
1816 2191 1908 2230 βίϐλον

215 2238 338 2270 omnino
353 2249 414 2270 non
443 2239 631 2281 expediebat.
662 2238 796 2270 Plurima
823 2242 922 2269 autem
939 2238 969 2268 in
986 2238 1032 2269 hOt

1121 2240 1171 2269 ίνυν
1200 2239 1270 2278 ἄθρει
1305 2240 1353 2274 τὴν
1382 2240 1596 2279 χρηματίζουσαν
1631 2241 1688 2267 Τῶν
1737 2236 1910 2276 ἆνδριᾶντων,

214 2283 308 2315 refert
336 2285 575 2325 Chrysostomus.
605 2284 676 2315 243
698 2283 774 2315 Vide
804 2283 902 2323 itaque
933 2282 1043 2314 librum

215 2338 304 2370 quem
320 2329 363 2361 De
377 2329 562 2369 imaginibus
585 2329 655 2370 agit,
687 2333 716 2360 et
731 2327 854 2368 pulchre
883 2327 1042 2358 admodum

214 2374 330 2406 videbis
344 2384 409 2416 qua
424 2375 479 2406 hac
494 2375 524 2406 in
540 2383 573 2405 re
588 2375 618 2405 in
653 2383 687 2405 eo
712 2373 778 2404 loco
805 2376 927 2403 tractata
944 2375 1013 2403 sunt
1027 2382 1044 2403 a

217 2420 316 2452 divino
328 2420 549 2461 Chrysostomo,
561 2419 592 2450 in
609 2417 774 2460 prommiali
786 2421 819 2449 ut
828 2417 935 2457 opinor
943 2426 1041 2448 versu.

219 2479 230 2494 ι
248 2465 306 2497 Sed
320 2466 437 2497 modico
456 2472 542 2496 utere
562 2464 642 2495 vino.
655 2475 669 2494 ι
682 2464 774 2494 Tanto
784 2462 934 2499 videlicet,
948 2471 1044 2502 quan-

216 2515 278 2542 tum
293 2510 330 2542 ad
346 2510 472 2543 salutem
489 2519 563 2550 opus
578 2512 642 2540 est:
674 2509 729 2538 scit
745 2506 824 2537 enim
844 2505 933 2537 etiam
953 2505 1046 2536 abun-

216 2555 336 2588 dantius
348 2555 449 2586 vinum
465 2563 576 2586 nocere
603 2554 646 2585 45.
674 2552 751 2583 Hinc
781 2554 881 2581 autem
897 2550 1047 2590 signiﬁcat

217 2600 296 2642 quod
306 2609 368 2632 non
382 2599 446 2631 solo
462 2599 615 2630 stomacho
628 2595 871 2638 aegrotabat,_sed
887 2595 953 2627 aliis
968 2604 1045 2636 quo-

218 2655 276 2688 que
290 2644 427 2686 corporis
441 2643 598 2676 membris.

519 2688 640 2722 CAPUT
663 2687 737 2720 XIV.

366 2734 450 2772 Quod
467 2733 585 2766 nullum
600 2742 674 2774 opus
688 2733 729 2764 sit
744 2733 903 2763 occultum.

220 2781 256 2820 V,
265 2780 371 2813 24-25.
383 2779 585 2818 Quorumdam
593 2778 748 2810 hominum
754 2780 877 2817 peccata
883 2774 1049 2814 manifesta

260 2866 292 2892 ιδ
309 2864 419 2908 Ephes.
437 2874 464 2896 ν.
484 2864 532 2897 18.

1084 2285 1127 2313 καὶ
1142 2284 1204 2322 εἴσῃ
1221 2285 1248 2312 εὖ
1264 2283 1334 2322 μάλα
1349 2285 1381 2313 τὰ
1397 2284 1424 2312 ἐν
1437 2283 1502 2320 τῷδε
1530 2286 1568 2321 τῷ
1597 2283 1689 2322 χωρίῳ
1715 2282 1743 2310 ἐν
1758 2282 1826 2320 αὐτῇ
1841 2283 1908 2310 θαυ-

1084 2329 1185 2367 μασίως
1214 2328 1410 2368 διαγορευθέντα
1426 2329 1477 2356 ὑπὸ
1512 2331 1558 2356 τοῦ
1591 2328 1717 2367 θεοσόφου
1748 2326 1905 2365 Χρυσοστᾶ-

1085 2385 1147 2413 μου,
1163 2373 1190 2401 ἐν
1206 2376 1243 2410 τῷ
1259 2377 1437 2413 προοιμιακῴ,
1453 2374 1490 2404 ὡς
1504 2373 1594 2410 οἶμαι,
1612 2371 1681 2401 ἕπει.
1701 2382 1713 2400 ε
1731 2370 1825 2400 Ἀλλὰ*
1842 2371 1910 2407 οῗνιμ

1085 2419 1177 2458 ὸλίγῳ.
1200 2428 1215 2448 )
1247 2413 1332 2450 υΟιετος
1347 2419 1412 2457 πρὸς
1435 2418 1531 2456 ὑγίειαν
1555 2416 1686 2448 συντελεῖ,
1718 2415 1782 2445 Οἷδε
1798 2417 1849 2455 γὰρ
1864 2417 1910 2444 τὸν

1086 2463 1194 2492 πλείονα
1222 2463 1266 2491 καὶ
1293 2462 1509 2502 προσαδικοῦντα.
1547 2461 1634 2495 Δηλοϊ
1661 2460 1688 2489 δὲ
1721 2460 1791 2488 ’ἐνθεν
1813 2460 1855 2488 ὅτι
1885 2462 1913 2489 οὗ

1087 2509 1166 2547 μόνον
1207 2508 1252 2536 τὸν
1275 2508 1413 2548 στόμαχον
1442 2507 1555 2545 ἠσθένει,
1593 2505 1660 2535 ἄλλα
1687 2506 1732 2534 καὶ
1759 2504 1830 2533 ἄλλα
1845 2505 1911 2545 μέρη

1086 2553 1132 2582 τοῦ
1146 2553 1282 2591 σώματος.

1396 2684 1520 2713 ΚΕΦΑΛ,
1545 2686 1577 2710 ιΑ
1586 2676 1601 2711 ’.

1286 2737 1297 2754 α
1317 2732 1362 2755 Οτι
1379 2726 1452 2754 ὠδὶν
1470 2725 1546 2765 ἔργον
1562 2725 1690 2753 λανθζνει⁴
1712 2736 1725 2751 n

1133 2785 1145 2798 α
1182 2772 1265 2800 Τινῶν
1294 2771 1437 2810 ἀνθρώπων
1477 2773 1502 2798 αἱ
1547 2770 1671 2809 ἁμαρτίαι
1715 2768 1844 2808 πρόδηλοί
1872 2771 1919 2798 εἶσι
