1942 3078
211 150 267 183 179

774 152 978 185 (ΕΟΗΜΕΝΙΙ
999 151 1146 183 TRIGG/E
1167 151 1334 184 EPISCOPI

1839 145 1898 178 180

208 217 337 258 operari,
351 219 422 250 259
432 218 485 250 sed
495 222 525 251 et
537 218 691 250 mulieres.
704 218 800 250 Omne
812 219 892 249 enim
918 218 1028 249 malum

1129 217 1189 249 τοὺς
1218 216 1387 249 ἐπεισάκτους
1423 216 1515 256 ἄνδρας
1538 216 1721 257 χορηγοῦντας
1757 216 1851 245 αὐταῖς
1866 215 1899 242 τὰ

208 271 244 293 ex
259 263 319 293 otio
329 263 472 303 gignitur.
485 263 602 295 (Simul
622 266 652 294 et
672 263 773 294 otiosas
784 263 913 295 discunt.
927 276 940 292 ι
955 262 1031 299 Quo-

211 307 300 338 modo
315 312 414 339 autem
431 308 533 339 otiosae
556 308 674 339 discunt
688 308 703 338 ?
724 308 873 339 Habentes
887 307 1032 338 ascititios

207 351 287 384 viros
296 352 347 393 qui
358 353 401 384 eis
410 353 578 384 necessaria
590 352 777 393 suppeditent
784 361 900 392 ,segues
912 352 1032 393 quidem

207 401 277 428 sunt
284 397 320 428 ad
332 405 541 437 opera,curam
551 401 651 428 tamen
660 397 771 428 habent
778 398 882 428 utviris
892 397 1034 437 speciosa),

208 441 464 473 videantur.«Imo
473 451 533 473 non
544 442 640 473 solum
650 442 815 479 otiose,sed
825 445 854 472 et
860 441 1000 482 garrulae.
1017 453 1030 471 ι

205 485 288 517 Mens
305 486 385 517 enim
398 486 486 517 nobis
501 487 537 517 ad
555 485 739 526 operandum
756 495 773 517 a
784 488 922 518 Creatore
937 486 1031 517 fabri—

212 534 276 562 cata
292 534 347 562 est.
358 530 416 563 Ubi
427 540 496 571 ergo
508 531 618 563 bonum
630 540 704 572 opus
713 531 741 562 ei
752 541 812 562 non
825 531 1032 562 subministra-

209 575 352 616 verimus,
366 576 429 616 ipsa
440 575 566 607 assumit
581 585 673 617 opera
687 575 828 607 absurda.

249 620 286 656 V,
302 620 401 652 14-16.
420 619 491 652 Volo
502 621 599 661 igitur
621 621 757 659 iuniores
780 620 900 658 nubere,
921 620 1033 652 liberos

206 673 310 705 gnere.
328 664 448 696 domum
467 665 699 706 administrare,
710 664 831 696 nullam
845 665 1031 696 occasionem

205 709 280 740 dare
305 709 479 740 adversario
497 713 532 740 ut
543 709 654 741 habeat
679 709 1029 741 muledicendicausam.

209 752 283 784 Jam
293 755 373 784 enim
386 753 537 785 nonnullas
562 754 756 793 deﬂemerunt
782 758 849 795 post
869 754 1032 786 Satanam.

210 796 293 834 Quod
308 798 335 829 si
349 798 417 839 quis
431 798 541 838 ﬁdelis,
555 802 640 830 autsi
645 807 704 838 qua
712 798 1032 839 ﬁdelishabetviduas,

209 842 373 882 seppeditet
387 842 464 883 illis,
481 846 510 874 et
524 851 587 874 non
613 846 756 874 oneretur
779 842 929 880 Ecclesia,
945 847 978 874 ut
995 843 1064 885 iis};

209 895 278 927 quae
292 895 362 918 vere
376 891 446 918 sunt
461 887 562 918 viduae
578 890 728 927 suppetat.

250 931 365 962 Bonum
377 931 496 972 quidem
506 932 611 962 fuisset
622 935 655 963 ut
663 941 734 973 quae
745 932 921 964 semelinter
931 932 1033 963 viduas

214 976 327 1007 allectus
339 981 451 1014 essent,
467 986 527 1007 non
541 977 648 1007 lascive
663 980 785 1016 agerent
800 977 940 1008 adversus
952 977 1034 1008 Chri-

213 1024 303 1061 stum,
315 1030 412 1061 neque
421 1021 545 1062 primam
560 1021 647 1052 ﬁdem
660 1021 829 1061 rejicereut.
843 1021 952 1053 Verum
965 1021 1033 1062 quia

211 1065 267 1096 hoc
278 1065 400 1103 faciunt,
413 1065 526 1096 nubant
540 1076 547 1097 2
565 1066 677 1105 seipsas
693 1065 809 1097 Christo
825 1075 884 1096 non
900 1066 1033 1106 despon-

212 1109 311 1150 deant,
329 1113 357 1141 et
371 1111 412 1141 ita
438 1110 573 1141 nubant:
596 1110 651 1141 hoc
675 1110 756 1141 enim
787 1114 907 1151 peccato
937 1115 1031 1148 vacat,

210 1153 283 1184 illud
293 1163 362 1185 vero
373 1154 498 1195 impium
511 1162 555 1186 εει
563 1158 592 1186 et
602 1155 759 1186 scelestum
767 1155 895 1187 .lllarum
905 1164 1034 1196 namque

210 1197 336 1230 inhiatio
352 1203 382 1229 et
395 1199 534 1230 socordia
547 1199 587 1230 ita
601 1204 755 1230 coercetur
770 1200 943 1231 exuberanti
960 1200 1033 1231 afﬂi-

210 1243 309 1274 ctione
324 1247 353 1275 et
361 1253 442 1275 cura.
461 1256 471 1273 ε
486 1244 603 1275 Nullam
611 1245 798 1275 occasionem
815 1245 885 1275 dare
893 1245 1029 1275 adversa-

209 1287 266 1319 rio.
284 1299 296 1317 ι
313 1288 345 1320 Si
361 1289 440 1320 enim
456 1293 538 1319 recta
558 1289 723 1329 nupserint,
742 1299 801 1320 non
817 1290 900 1329 prius
915 1289 1032 1320 Christo

209 1332 406 1373 desponsatas,
419 1333 456 1364 ad
472 1332 671 1364 maledicendi
703 1333 892 1364 occasionem
919 1334 1033 1374 seipsas

210 1386 272 1408 non
287 1377 447 1409 deducent.
460 1378 525 1409 Non
540 1381 572 1408 ut
597 1377 662 1408 sine
688 1377 794 1409 timore
810 1378 906 1409 vivant
919 1378 1033 1410 nubere

210 1422 361 1463 praecepit,
379 1423 432 1453 sed
448 1426 479 1453 ut
493 1423 573 1454 curis
586 1431 708 1462 pressae,
734 1422 915 1462 prospiciant
931 1427 962 1454 ut
976 1423 1032 1455 de-

210 1470 314 1498 center
329 1467 439 1498 vivant.
460 1479 472 1495 «
485 1468 550 1498 Jam
562 1466 643 1498 enim
655 1467 805 1497 nonnullw
815 1467 1030 1500 deﬂexerunt.»

211 1510 310 1548 Quare
338 1514 438 1542 autem
482 1515 592 1542 tantam
630 1511 846 1542 observantiam
874 1511 953 1542 cirea
980 1505 1062 1543 hasC

209 1555 351 1594 habuisti,
363 1559 393 1587 et
401 1556 545 1596 majorem
559 1555 611 1596 qui
624 1555 702 1586 circa
729 1555 874 1594 virgines?
887 1555 961 1592 Quia
975 1556 1030 1595 hae,

209 1599 318 1640 inquit,
345 1600 532 1631 occasionem
557 1599 716 1638 dederunt,
748 1599 940 1631 deﬂectentes
968 1605 1033 1640 post

211 1643 359 1675 Satanam.
377 1644 451 1676 Nam
467 1645 530 1675 haec
545 1644 622 1682 dico,
639 1644 746 1685 inquit,
765 1654 824 1675 non
853 1649 884 1675 ut
899 1654 957 1676 non
974 1645 1034 1676 sint

209 1688 305 1720 viduae
314 1689 458 1728 juniores,
471 1689 522 1720 sed
535 1689 648 1720 ueritus
660 1698 697 1720 ne
705 1688 854 1720 Christum
863 1689 1028 1729 rejicerem.

212 1745 225 1761 «ι
244 1733 359 1770 Quodsi
368 1734 433 1774 quis
446 1733 555 1765 ﬁdelis.
571 1746 584 1762 n
599 1733 770 1766 Rectedicit
785 1733 834 1766 :Si
844 1734 910 1774 quis
923 1734 1029 1772 ﬁdelis.

209 1781 259 1809 aut
274 1778 299 1810 si
310 1787 367 1819 qua
380 1778 488 1810 ﬁdelis.
519 1779 593 1810 Nam
621 1778 648 1809 si
677 1777 814 1809 inﬁdeles
844 1783 954 1818 essent,
973 1788 1032 1810 non

208 1826 362 1863 oporteret
375 1828 408 1854 ut
419 1823 455 1854 ab
469 1823 513 1854 eis
526 1823 688 1860 alerentur,
705 1832 742 1853 ne
750 1823 1033 1854 viderenturﬁdeles

208 1876 297 1907 egere
325 1867 509 1899 inﬁdelibus.
535 1869 683 1900 Praeterea
698 1876 816 1908 quoque
832 1867 1032 1907 legislationes

207 1912 274 1944 illos
284 1917 470 1944 concernuut
485 1913 536 1954 qui
547 1913 620 1954 ipsis
635 1916 752 1952 parent,
764 1921 822 1942 non
834 1921 886 1943 eos
898 1912 949 1953 qui
964 1913 1032 1944 sub-

202 1957 276 1997 jecti
292 1966 352 1988 non
379 1962 458 1990 sunt.
492 1971 504 1986 σ
521 1957 698 1998 Suppeditet
722 1957 792 1989 illis.
812 1969 823 1986 ι)
843 1957 918 1989 Rem
943 1957 1031 1989 faciat

207 2002 403 2042 quaeminime
414 2002 484 2033 240
495 2003 591 2043 gravis
598 2011 664 2033 esse
679 2002 782 2034 debet.
803 2002 861 2032 Per
873 2001 929 2032 hoc
951 2002 1028 2033 enim

205 2047 285 2087 quod
301 2048 351 2084 ait,
370 2048 527 2088 ἐπαρκείτω,
544 2047 574 2078 id
603 2050 660 2087 est,
686 2046 866 2087 suppeditet,
890 2055 1029 2077 necessa-

208 2092 285 2123 rium
302 2092 478 2132 signiﬁcavit
505 2093 692 2124 alimentum.
723 2103 734 2119 (ι
754 2090 789 2122 Et
814 2100 872 2121 non
889 2095 1031 2122 oneretur

1072 261 1137 300 πρὸς
1155 262 1260 301 χρείαν,
1295 264 1348 289 τῶν
1378 261 1427 300 μὲν
1455 261 1538 301 ἔργων
1569 261 1735 301 ῥᾳθυμοῦσιν,
1762 259 1836 290 ὅπως
1872 257 1899 286 δὲ

1073 305 1239 346 εὒπρόσωποι
1277 313 1336 338 τοῖς
1377 305 1483 346 ἀνδράσι
1523 305 1644 343 δόξωσιν,
1695 304 1898 344 ἐπιμελοῦνται.

1076 359 1091 379 (
1107 351 1142 379 Οὒ
1163 351 1244 388 μόνον
1259 350 1286 379 δὲ
1308 350 1397 391 ἀργαὶ,
1426 351 1493 379 ἀλλὰ
1521 352 1565 380 καὶ
1594 350 1714 391 φλύαροι.
1734 363 1747 378 ι)
1773 349 1899 388 Ἐνεργὸς

1075 395 1124 434 γὰρ
1139 396 1153 423 ὁ
1168 398 1226 427 νοῦς
1262 396 1330 433 ἡμῖν
1356 396 1426 435 παρὰ
1460 401 1506 425 τοῦ
1543 400 1711 435 Δημιουργοῦ
1739 394 1901 423 κατεσκεύα-

1076 450 1147 471 σται.
1172 435 1259 468 Ποταν
1274 440 1318 469 οὖν
1333 440 1404 478 αὒτῷ
1430 452 1469 479 μη
1497 439 1583 478 δῶμεν
1610 441 1732 480 ἐργασίαν
1760 438 1898 480 χρηστὴν,

1075 485 1153 516 αὐτὸς
1173 483 1380 523 ἐπιλαμϐάνεται
1395 484 1518 525 ἐργασίας
1533 484 1692 525 ἀτόπου[ς].

1117 628 1130 646 α
1161 617 1293 655 Βούλομαι
1329 618 1373 646 οὖν
1409 618 1537 658 νεωτέρας
1575 624 1685 658 γαμεῖν,
1715 625 1897 657 τεκιογονετν⁷

1074 661 1273 692 οἰκοδεσποτεῖν
1276 686 1286 700 ,
1345 662 1476 701 μηδεμίαν
1544 663 1667 703 ἆφορμῂν
1721 662 1817 691 διδόναι
1859 666 1900 699 τῷ

1074 707 1247 745 ἀντικειμένῳ
1276 697 1423 747 γλοιδορίας
1476 697 1573 748 χάριν..
1597 697 1689 741 ""361.
1736 709 1787 748 γὰρ
1827 697 1898 739 τινες

1074 751 1254 791 ἐξετράπησαν
1279 753 1363 781 ὀπίσω
1393 757 1440 782 τοῦ
1475 756 1591 782 Σατανᾶ.
1623 752 1656 781 Εἴ
1691 764 1735 784 πις
1757 753 1853 784 πιστὸς
1875 753 1894 786 ἢ

1075 797 1156 831 πιστὴ
1184 797 1243 837 ἔχει
1292 798 1391 837 χήρας,
1447 797 1593 837 ἐπαρκείτω
1640 796 1746 837 αὒτατς,
1782 798 1826 825 καὶ
1855 798 1896 834 μὴ

1074 841 1201 881 βαρείσθω
1231 842 1248 876 ἦ
1290 841 1448 881 Ἐκκλησία,
1487 841 1533 870 ’ίνα
1571 848 1631 874 ταῖς
1673 841 1755 873 ὅντως
1792 842 1894 881 χήραις

1073 885 1207 925 ἐπαρκέσῃ
1213 909 1221 917 ,
1238 897 1252 913 ι)

1114 931 1150 959 Τὸ
1164 930 1213 967 μὲν
1228 929 1309 958 καλὸν
1322 930 1368 970 ἧν,
1397 929 1465 962 ἅπαξ
1492 936 1552 961 ταῖς
1579 930 1679 969 χήραις
1706 928 1898 968 καταλεγείσας

1074 975 1112 1012 μὴ
1146 977 1339 1014 καταστρηνιᾷν
1377 979 1423 1004 τοῦ
1457 974 1578 1014 Χριστοῦ,
1618 973 1686 1012 μηδέ
1714 974 1818 1002 ἀθετεῖν
1848 974 1898 1008 τὴν

1074 1019 1181 1059 πρώτην
1196 1020 1294 1051 πίστιν,
1323 1019 1431 1053 Ἐπειδὴ
1461 1018 1489 1047 δὲ
1519 1023 1596 1048 τοῦτο
1628 1020 1741 1055 ποιοῦσι,
1758 1019 1897 1058 γαμείτω-

1075 1075 1134 1101 σαν,
1148 1064 1192 1092 καὶ
1221 1064 1260 1102 μὴ
1282 1065 1504 1104 κατεγγυάτωσαν
1532 1064 1626 1096 ἑαυτὰς
1654 1067 1692 1101 τῷ
1720 1067 1835 1102 Χριστῷ,
1853 1064 1900 1091 καὶ

1075 1108 1158 1140 οὕτως
1173 1109 1350 1148 γαμείτωσαν,
1381 1110 1416 1138 Τὸ
1445 1109 1493 1147 μὲν
1522 1109 1572 1148 γὰρ
1600 1108 1797 1148 ἀναμάρτητον,
1827 1109 1860 1136 τὸ
1875 1107 1897 1135 δ’

1076 1153 1190 1184 ἀνόσιον.
1214 1155 1249 1183 Τὸ
1271 1154 1320 1193 γὰρ
1347 1154 1465 1193 κεχηνὸς
1487 1154 1572 1181 αὐτῶν
1596 1153 1640 1181 καὶ
1675 1153 1802 1191 ῥῄθυμον,
1827 1153 1897 1181 οὕτω

1074 1202 1137 1237 γοῦν
1165 1198 1384 1238 καταστέλλεται,
1426 1202 1460 1237 τῇ
1509 1197 1681 1236 περισσοτέρᾳ
1722 1197 1808 1235 θλίψει
1852 1198 1895 1225 καὶ

1074 1244 1198 1285 φροντίδι,
1238 1255 1255 1285 a_
1282 1244 1417 1282 Μηδεμίαν
1445 1244 1566 1285 ἀφορμὴν
1594 1242 1691 1272 διδόναι
1719 1247 1757 1281 τῷ
1782 1244 1896 1271 ἀντικει-

1074 1281 1156 1327 μένῳ.
1197 1300 1208 1318 α
1242 1281 1283 1318 Ἂν
1312 1290 1362 1329 γὰρ
1385 1289 1411 1321 ἐς
1440 1281 1517 1328 ὀρθόῦ
1542 1289 1684 1327 γαμήσωσι
1715 1288 1753 1325 μή
1768 1288 1895 1327 πρότερον

1075 1333 1168 1366 ἑαυτὰς
1199 1336 1304 1373 Χριστῷ
1350 1334 1576 1372 κατεγγυήσασαι,
1617 1333 1665 1360 οὐκ
1698 1332 1734 1364 εὶς
1770 1332 1894 1372 ἀφορμὴν

1074 1377 1201 1417 λοιδορίας
1233 1377 1347 1411 ἥξουσιν.
1378 1378 1436 1418 Οὐχ
1463 1377 1510 1406 ἵνα
1539 1376 1566 1405 δὲ
1591 1376 1674 1408 ἆδεῶς
1702 1377 1778 1414 ζῶσι,
1796 1383 1896 1416 γαμεῖ-ι

1074 1422 1240 1461 προσέταξεν,
1259 1422 1318 1450 ἀλλ’
1348 1422 1394 1450 ’ίνα
1436 1428 1497 1454 ταῖς
1532 1422 1647 1462 φροντίσι
1674 1421 1893 1465 γυῦνυπιεζόμε-

1075 1478 1126 1507 ναι,
1159 1470 1204 1495 τοῦ
1243 1467 1360 1504 κοσμίως
1409 1470 1455 1505 ζῇν
1484 1467 1678 1506 προνοήσωσιν.
1699 1477 1713 1493 α
1753 1465 1810 1499 Ηδη
1846 1467 1895 1505 γὰρ

1074 1522 1141 1544 τινες
1157 1511 1344 1551 ἐξετράπησαν.
1365 1522 1377 1540 ι
1403 1512 1453 1540 Διὰ
1477 1511 1502 1539 τί
1521 1510 1548 1539 δὲ
1576 1511 1705 1544 τοσαύτην
1735 1510 1895 1550 παραφυλα-

1074 1557 1124 1590 κὴν
1140 1557 1199 1596 περὶ
1213 1559 1296 1586 αὐτῶν
1325 1556 1455 1593 ἐποιήσω,
1479 1556 1523 1584 καὶ
1554 1555 1638 1584 πλείω
1667 1554 1733 1594 ἥπερ
1763 1555 1805 1582 ἐπὶ
1842 1558 1893 1583 τῶν

1074 1595 1231 1641 παρθένων,
1265 1595 1329 1630 τὀτι
1351 1601 1437 1639 αὐταὶ,
1467 1601 1541 1641 φησὶ,
1567 1600 1616 1633 τὴν
1638 1600 1760 1639 ἀφορμὴν
1775 1599 1894 1628 δεδώκα-

1075 1656 1115 1674 σιν
1148 1645 1312 1685 ἐκτραπῆσαι
1355 1645 1440 1674 ὀπίσω
1482 1648 1527 1672 τοῦ
1567 1647 1683 1675 Σατανᾶ,
1715 1647 1802 1673 Ταῦτα
1830 1645 1892 1683 γὰρ,

1074 1691 1149 1730 φησὶ,
1166 1690 1249 1730 λέγω,
1265 1690 1316 1730 οὔχ
1337 1689 1383 1718 ’ίνα
1413 1689 1451 1727 μὴ
1478 1690 1528 1716 ὦσι
1553 1689 1677 1728 νεώτεραι
1707 1691 1804 1728 χῆραι,
1827 1688 1895 1717 ἀλλὰ

1075 1734 1196 1766 δεδοικὼς
1220 1735 1259 1772 μὴ
1287 1735 1333 1762 τὸν
1360 1735 1471 1774 Χριστὸν
1499 1733 1660 1768 summa.
1685 1743 1697 1761 ι
1722 1732 1755 1761 Εἴ
1784 1744 1824 1764 τις
1847 1745 1894 1761 πι-

1075 1780 1147 1811 στός,
1168 1791 1179 1808 n
1200 1778 1292 1811 Καλῶς
1318 1779 1359 1809 τὸ,
1387 1779 1481 1810 Πιστὸς
1510 1777 1528 1812 ἢ
1557 1777 1650 1812 πιστὴ.
1687 1778 1716 1806 Εἰ
1743 1778 1793 1817 γὰρ
1828 1778 1895 1812 ἦσαν

1074 1825 1191 1860 ἄπιστοι,
1220 1825 1266 1852 οὐκ
1293 1822 1345 1851 ἔδει
1372 1824 1435 1862 παρ’
1463 1823 1548 1852 αὐτῶν
1589 1822 1754 1865 τρέφεσθαιλ,
1773 1822 1820 1850 ’ίνα
1856 1824 1894 1860 μὴ

1074 1868 1166 1902 δόξωσι
1182 1868 1282 1897 δέεσθαι
1312 1869 1337 1896 αἱ
1364 1868 1454 1896 πισταὶ
1488 1870 1541 1895 τῶν
1577 1866 1705 1896 ἀπίστων.
1752 1866 1845 1899 Αλλως
1868 1867 1894 1895 δί

1073 1914 1196 1953 καὶπρὸς
1212 1913 1272 1944 τοὺς
1287 1911 1457 1950 πειθομένους
1486 1912 1511 1939 αἱ
1540 1910 1700 1949 νομοθεσίαι,
1732 1911 1762 1939 οὗ
1789 1912 1852 1943 τοὺς
1867 1913 1896 1939 οὗ

1073 1957 1308 1996 πεισθησομένους.
1348 1969 1361 1984 ι
1379 1955 1541 1996 Ἐπαρκείτω
1587 1957 1693 1987 αὐταῖς.
1731 1965 1746 1985 )
1786 1955 1896 1996 Ἀϐαρὲς

1072 2003 1179 2031 ποιείτω
1207 2003 1238 2031 τὸ
1267 2005 1387 2041 πρᾶγμα.
1421 2002 1470 2029 Διὰ
1496 2001 1545 2041 γὰρ
1573 2004 1630 2038 τοῦ,
1659 2000 1818 2040 ἐπαρκείτω,
1846 2001 1896 2034 τὴν

1072 2047 1215 2086 ἀναγκαίαν
1251 2046 1368 2081 ἐδήλωσε
1393 2046 1503 2086 τροφήν.
1539 2055 1551 2073 ί
1571 2046 1619 2074 Καὶ
1645 2045 1698 2083 μὴν
1726 2045 1855 2084 βαρείσθω
1877 2046 1893 2079 1',

1072 2091 1228 2125 Ἐκκλησία,
1247 2100 1261 2121 )
1296 2086 1383 2119 ’Ὥστε
1413 2092 1435 2118 οἱ
1461 2091 1549 2119 πιστοὶ
1578 2089 1713 2129 τρέφοντες
1732 2090 1779 2122 τὰς
1795 2090 1895 2119 ἑαυτῶν

202 2135 348 2167 Ecclesia.
366 2148 380 2167 ι
399 2136 499 2178 Itaque
515 2136 611 2168 ﬁdelis
635 2135 687 2177 qui
711 2144 779 2166 suas
805 2135 888 2166 alunt
912 2135 1028 2176 viduas,

1115 2147 1169 2176 ρας,
1202 2137 1244 2164 καὶ
1287 2143 1348 2168 ταῖς
1375 2138 1423 2168 τῆς
1447 2134 1607 2167 Ἐκκλησίας
1649 2135 1747 2174 χήραις
1777 2133 1892 2172 συμϐάλι

206 2179 294 2211 etiam
311 2180 452 2213 Ecclesiae,
462 2181 567 2213 viduas
571 2181 694 2221 juvant:
712 2179 953 2221 quandoquidem
970 2189 1030 2210 non

204 2226 464 2264 gravataEcelesia
485 2226 607 2258 uberius
622 2225 681 2257 alet
690 2234 763 2266 quas
772 2224 836 2265 alit,
848 2233 954 2264 nempe
965 2233 1030 2264 quae

202 2278 272 2301 vere
283 2276 352 2303 sunt
363 2272 470 2309 viduae,
484 2272 542 2302 hoc
555 2270 723 2311 est.quibus
734 2269 831 2300 nullus
841 2273 961 2309 praeest,
976 2268 1028 2299 sed

203 2314 344 2348 desolatas
353 2320 434 2348 sunt.
452 2328 463 2343 ι
473 2315 511 2348 Ut
523 2315 560 2346 iis
571 2324 636 2356 quae
647 2324 716 2346 vere
725 2318 795 2346 sunt
805 2313 899 2344 viduae
915 2322 1027 2354 suppe-

202 2363 253 2391 tat.
270 2373 282 2391 ν
297 2361 374 2393 Vere
386 2361 481 2392 viduae
489 2359 697 2402 quaeundique
712 2358 849 2390 dcsertae’
865 2362 942 2388 sunt.
953 2357 1025 2389 Nam

201 2405 253 2446 qui
269 2406 325 2437 hoc
332 2406 412 2444 facit,
421 2416 481 2438 non
489 2406 585 2437 solum
598 2405 650 2436 alit
664 2413 751 2445 quam
764 2404 827 2441 alit,
851 2403 903 2433 sed
914 2406 943 2433 et
952 2403 1027 2434 reli—

201 2451 268 2492 quis
292 2451 416 2482 multum
442 2450 570 2490 confert,
601 2449 672 2481 dum
689 2448 806 2480 occasio
837 2451 892 2485 est,
909 2452 940 2478 ut
968 2447 1027 2479 illis

201 2495 404 2528 abundantius
415 2495 634 2536 suppeditetur.

508 2538 630 2572 CAPUT
652 2538 715 2571 ΧΙΙ.

397 2585 442 2618 De
452 2585 696 2627 presbyterorem
711 2583 834 2615 honore.

221 2630 369 2668 v,17-21.
375 2631 434 2669 Qui
443 2631 516 2662 bene
520 2633 656 2671 prwsunt
660 2628 962 2669 presbyteri,duplici
970 2627 1026 2659 ho-

196 2683 272 2707 nore
278 2675 365 2716 digni
371 2674 691 2708 habeantumnaxime
697 2674 721 2704 ii
728 2673 926 2714 quilaborant
933 2673 965 2703 in
973 2681 1028 2703 ser-

194 2728 285 2752 mone
293 2724 321 2752 et
327 2721 476 2752 doctrina.
483 2719 566 2751 Dicit
577 2718 830 2758 enimScriptura:
841 2719 905 2749 Non
913 2717 1026 2758 obliga-

196 2765 241 2796 bis
247 2773 281 2797 os
288 2765 357 2799 bovi
364 2764 598 2797 trituranti.Et:
604 2764 719 2803 Dignus
728 2767 771 2794 est
780 2763 938 2803 operarius
944 2771 1026 2793 mer-

195 2810 495 2843 cedesua.Adoersus
501 2809 648 2842 seniorem
654 2816 691 2838 ne
699 2807 855 2839 admiseris
863 2807 1030 2840 accusatio-

1071 2181 1161 2210 λονται
1179 2205 1186 2212 .
1203 2183 1248 2208 οἷα
1263 2179 1295 2214 δὴ
1325 2181 1363 2218 μὴ
1392 2179 1556 2218 βαρουμένης
1586 2180 1634 2212 τῆς
1661 2178 1833 2216 Ἐκκλησίας,
1850 2181 1894 2207 καὶ

1071 2224 1112 2254 διὰ
1146 2228 1223 2254 τοῦτο
1252 2225 1431 2264 ἀφθονώτερον
1460 2224 1617 2264 τρεφούσης,
1647 2223 1677 2254 ἃς
1706 2223 1806 2263 τρέφει,
1846 2225 1892 2255 τὰς

1070 2269 1151 2303 ὄντως
1169 2269 1271 2304 δηλαδὴ
1302 2271 1401 2310 χήρας,
1431 2269 1550 2298 τουτέστι
1579 2269 1626 2301 τὰς
1655 2268 1891 2308 ἀπροστατεύτους,

1069 2316 1112 2344 καὶ
1128 2309 1328 2354 μεμονωμένας,
1349 2326 1363 2341 (ι
1388 2309 1407 2320 υ
1422 2319 1464 2343 [να
1478 2320 1538 2346 ταῖς
1560 2313 1643 2344 ὅντως
1658 2314 1773 2352 χήραις.
1794 2325 1805 2340 ι
1827 2309 1893 2343 "0v-

1069 2371 1121 2392 τως
1146 2362 1230 2399 χῆραι
1279 2360 1304 2387 αἰ
1350 2360 1476 2387 πάντοθεν
1519 2358 1626 2397 ἔρημοι.
1677 2354 1705 2386 (Ο
1731 2358 1780 2397 γὰρ
1815 2362 1892 2386 τοῦτο

1068 2404 1163 2442 ποιῶν,
1183 2405 1272 2444 φησὶν,
1288 2406 1318 2433 οὒ
1332 2404 1414 2441 μόνον
1438 2403 1471 2437 ἢν
1499 2402 1598 2443 τρέφει,
1635 2402 1734 2442 τρέφει,
1765 2402 1834 2430 ἀλλὰ
1849 2404 1892 2430 καὶ

1068 2455 1129 2481 ταῖς
1165 2448 1272 2482 λοιπαῖς
1315 2448 1383 2477 πολὺ
1425 2446 1613 2486 συμϐάλλεται,
1661 2446 1761 2478 πλάτος
1797 2447 1891 2479 αὖταϊς

1069 2493 1212 2533 προξενῶν,
1559 2532 1565 2541 Ι

1379 2541 1504 2567 ΚΕΦΑΛ.
1522 2541 1553 2566 lB
1568 2561 1576 2569 .

1265 2593 1279 2609 α
1303 2584 1364 2622 Περὶ
1378 2581 1559 2622 πρεσϐυτέρων
1574 2583 1665 2619 τιμῆς.
1685 2591 1698 2610 Ι

1111 2640 1125 2655 ιι
1155 2630 1185 2657 Οἱ
1220 2626 1309 2660 καλῶς
1351 2630 1516 2667 προεστῶτες
1562 2625 1742 2666 πρεσϐύτεροι,
1793 2625 1888 2660 διπλῆς

1067 2675 1148 2711 τιμῆς
1190 2671 1376 2705 ἀξιούσθωσαν.
1427 2671 1547 2699 Μάλιστα
1589 2672 1613 2699 οἱ
1659 2671 1806 2702 κοπιῶντες
1863 2671 1889 2699 ἐν

1067 2717 1139 2756 λόγῳ
1173 2717 1216 2745 καὶ
1245 2715 1407 2752 διδασκαλίᾳ,
1446 2716 1523 2754 Λέγει
1551 2716 1600 2754 γὰρ
1635 2716 1652 2749 ἡ
1681 2716 1794 2754 Γραφή*
1824 2720 1889 2744 Βοῦν

1068 2762 1189 2790 ἀλοῶντα
1223 2763 1252 2790 οὗ
1285 2761 1427 2800 φιμώσεις,
1459 2761 1518 2799 Καὶ,
1561 2760 1636 2792 ΛΞιος
1664 2761 1678 2788 ὁ
1706 2759 1819 2798 ἐργάτης
1844 2767 1890 2792 τοῦ

1070 2808 1162 2845 μισθοῦ
1202 2808 1292 2836 αὺτοῦ,
1334 2807 1406 2834 Κατὰ
1434 2803 1608 2844 πρεσϐυτέρου
1644 2805 1803 2843 κατηγορίαν
1850 2807 1889 2843 μὴ
