1942 3078
241 122 301 158 203

809 126 1019 160 (EGUMENII
1040 126 1188 159 TRICC/E
1207 128 1373 161 EPISCOPI

1886 126 1930 160 20-

242 193 408 225 secundum
419 201 510 234 opera
515 193 690 234 nostra,sed
705 193 869 225 secundum
876 194 1059 234 propositun

1156 196 1223 224 κατὰ
1238 196 1271 225 τὰ
1285 196 1348 236 ἔργα
1371 197 1460 236 ἡμῶν,
1489 196 1557 224 ἀλλὰ
1579 197 1638 225 κατ’
1667 196 1731 225 ἰδίαν
1760 198 1884 236 πρόθεσιν
1898 209 1930 225 κα

240 242 268 269 et
279 239 413 278 gratiam
419 247 481 279 qua
489 239 569 270 docta
577 241 619 271 est
635 238 721 270 nobis
738 247 796 279 per
809 238 966 270 Christum
979 238 1059 270 Jesut

1143 240 1202 279 ‘aipw
1217 241 1266 275 τὴν
1280 239 1400 269 δοθεῖσαν
1414 241 1482 279 ἡμῖν
1497 241 1524 269 ἑν
1540 245 1644 282 Χριστῷ
1658 241 1746 275 ’[ησοῦ
1767 242 1815 281 πρὸ
1837 242 1930 282 χρόνων

242 287 313 314 ante
328 286 465 324 tempora
476 287 602 315 (eterna.

283 326 438 363 Quomodo
454 332 552 359 autem
563 327 714 359 suscitabo
725 327 836 358 donum
850 327 920 359 Dei?
938 327 969 359 Si
983 327 1074 358 virili-

244 375 291 403 ter
306 372 344 403 ad
360 373 540 404 tentationes
554 372 1069 413 etatl'ectionespermanseris.«Non

243 416 324 447 enim
340 416 428 448 nobis
442 417 526 448 dedit
539 416 617 448 Deus
633 416 770 457 spiritum
788 416 967 453 timiditatis,
988 429 1001 444 »
1018 416 1071 447 Est

244 461 324 492 enim
341 465 386 492 est
401 461 524 502 spiritus
547 462 609 492 sive
637 461 748 492 donum
765 460 944 501 timiditatis,
961 470 1069 502 quem-

244 505 404 537 admodum
428 505 459 537 in
477 505 562 537 libris
586 508 698 545 Regum
717 505 757 536 ait
775 516 781 537 :
800 507 836 537 Et
852 505 959 537 cecidit
980 513 1071 545 super

245 550 313 581 illos
338 550 458 591 spiritus
486 550 665 588 timiditatis,
693 550 744 581 ubi
767 550 842 581 utile
868 550 991 581 omnino
1005 553 1069 581 erat

245 594 422 627 timere.Sed
439 594 698 636 potentiaajnquit,
711 595 822 625 donum
837 594 936 625 datum
952 597 997 624 est
1011 603 1068 625 no-

244 638 303 670 bis.
323 651 335 668 α
352 640 507 671 Potentia.
525 651 536 669 ι
555 639 626 675 Quae
641 642 686 670 est
704 638 847 670 adversus
876 638 1065 669 tentationes.

246 695 260 711 α
276 683 459 715 Dilectionis.
478 696 492 712 ι
511 684 583 721 Quae
598 688 642 715 est
657 691 729 723 erga
742 684 859 715 fratres.
884 695 894 712 ι
911 682 1067 714 Sobrieta-

243 728 292 760 tis.
312 740 323 758 ι
343 729 430 760 Circa
443 733 555 760 rectam
571 729 674 760 vitam.
690 728 733 760 Im
749 729 798 760 his
812 733 910 760 autem
929 728 1067 759 omnibus

243 773 399 806 inferenda
414 775 501 805 etiam
519 777 564 805 est
577 783 594 804 a
613 773 701 805 nobis
728 772 821 804 animi
850 772 1064 813 promptitudo.

241 817 284 849 Ne
297 818 389 858 igitur
401 823 429 850 te
438 819 547 859 pudeat
558 818 720 849 testimonii
733 818 852 848 Domini
862 817 967 848 nostri.
975 817 1066 849 nMul-

244 862 266 893 ti
286 862 424 894 homines
447 862 623 897 miserrimi,
647 862 880 902 dispensationis
894 861 1065 902 mysterium

241 907 325 947 juxta
352 908 499 939 humanas
524 907 655 938 rationes
679 906 901 945 investigantes,
919 905 1064 946 pudorem

244 960 311 983 esse
325 951 429 984 dicunt
443 951 469 983 si
484 951 538 982 Dei
553 951 660 983 Filium
676 951 849 982 cruciﬁxum
873 959 939 982 esse
955 949 1064 990 praedi-

243 1000 355 1034 carent,
372 997 546 1037 ignorantes
562 996 632 1036 quid
646 996 812 1036 praestitum
827 995 865 1026 sit
876 1004 929 1035 per
944 1003 1063 1025 crucem

239 1045 270 1072 et
285 1045 412 1072 mortem
438 1041 568 1073 Domini.
586 1040 628 1072 Te
656 1040 744 1080 igitur
765 1050 802 1071 ne
817 1041 936 1081 pudeat,
952 1039 1059 1080 inquit,

240 1086 404 1117 testimonii
419 1085 482 1117 sive
497 1085 701 1126 martyrii,hoc
721 1088 766 1116 est
781 1084 926 1125 passionis
938 1083 1058 1121 Christi,

239 1130 294 1161 sed
311 1130 407 1162 libere
422 1130 560 1171 praedica.
576 1142 590 1158 α
606 1129 709 1170 Neque
724 1129 783 1160 mei
799 1129 850 1170 qui
865 1137 929 1159 sum
944 1128 1060 1159 vinctus

238 1173 330 1206 illius.
349 1187 362 1203 ι
381 1174 482 1216 Neque
506 1178 535 1205 te
553 1174 662 1215 pudeat
677 1173 754 1214 quod
780 1183 848 1204 eum
872 1173 923 1213 qui
943 1173 1060 1204 vinctus

238 1222 284 1250 est
297 1219 407 1251 habeas
423 1218 685 1259 praeceptorem.Si
699 1218 779 1249 enim
795 1217 929 1249 Christus
939 1216 977 1247 ob
993 1226 1060 1248 cru-

239 1272 305 1295 cem
332 1273 391 1295 non
416 1263 546 1301 erubuit,
573 1272 672 1304 neque
699 1272 753 1302 ego
774 1262 811 1293 ob
825 1261 952 1292 vincula.
973 1273 985 1289 α
1004 1259 1061 1292 Sed

238 1308 385 1348 particeps
401 1311 465 1339 esto
481 1307 708 1339 afﬂictionum.»
720 1306 779 1338 Nec
789 1305 884 1337 solum
896 1310 924 1336 te
934 1313 994 1336 non
1005 1314 1060 1345 pu-

239 1351 516 1390 deat,verumetiam
538 1361 596 1382 una
611 1361 729 1383 mecum
744 1350 894 1392 particeps
909 1353 972 1380 esto
983 1348 1062 1380 aﬂli-

239 1396 456 1428 ctionumzhoc
478 1395 571 1433 est,Si
586 1399 615 1427 et
626 1400 654 1427 te
666 1398 799 1436 oporteat
813 1393 984 1434 hujusmodi
1004 1393 1063 1433 pati

242 1443 363 1480 propter
377 1439 579 1480 Evangelium,
596 1449 635 1470 ne
651 1439 805 1470 formides.
820 1437 893 1469 Nam
909 1438 966 1468 hoc
977 1445 1062 1477 supe-

1121 285 1243 317 αἰωνίων.
1262 297 1276 313 n

1156 331 1217 362 Πῶς
1231 328 1258 358 δὲ
1273 329 1472 370 ἀναζωπυρήσω
1485 331 1516 359 τὸ
1540 330 1659 371 χάρισμα
1682 336 1729 361 τοῦ
1759 334 1823 360 Θεοῦ
1839 339 1848 369 ;
1877 331 1930 360 Ἐαι

1112 377 1177 412 στῇς
1204 375 1269 414 πρὸς
1291 375 1454 415 πειρασμοὺς
1484 375 1622 416 γενναίως.
1654 385 1668 405 ι
1698 378 1735 406 Οὐ
1762 376 1812 416 γὰρ
1843 375 1930 404 ἒόωκει

1111 419 1178 456 ἡμῖν
1193 423 1296 457 πνεῦμα
1324 419 1432 452 δειλίας,
1462 432 1476 448 »
1503 415 1566 449 “Exn
1592 421 1643 460 γὰρ
1664 421 1708 448 καὶ
1737 424 1853 458 πνεῦμα,
1880 422 1930 448 οἷον

1111 464 1231 503 χάρισμα
1258 463 1366 503 δειλίας,
1393 465 1430 497 ὡς
1460 465 1487 493 ἐν
1508 472 1569 496 ταῖς
1590 463 1741 496 Βασιλείαις
1769 465 1834 505 φησί
1851 473 1858 480 ³
1888 466 1930 494 Καὶ

1111 507 1237 537 ἐπέπεσεν
1272 508 1313 537 ἐπ’
1342 510 1433 542 αὐτοὺς
1459 513 1562 548 πνεῦμα
1591 508 1699 546 δειλίας,
1722 509 1781 538 ἔθνα
1809 509 1928 549 συμφέρει

1109 553 1215 584 πάντως
1236 553 1266 582 τὸ
1295 552 1393 590 δειλιᾷν
1411 563 1419 571 ⁸
1440 553 1500 582 ἀλλ’
1528 555 1608 592 ἡμῖν,
1625 554 1700 593 φησὶ,
1723 554 1847 594 χάρισμα
1861 553 1929 582 δυνά-

1110 608 1180 634 μεως
1201 596 1313 629 δέδοται.
1334 610 1348 626 α
1367 599 1520 637 Δυνάμεως.
1545 610 1556 626 ι
1581 601 1636 632 Τῆς
1663 599 1730 638 πρὸς
1759 599 1928 638 πειρασμούς.

1109 642 1243 681 Ἀγάπης.
1273 654 1285 670 ι
1317 645 1370 676 Τῆς
1400 644 1465 683 πρὸς
1493 643 1552 676 τοὺς
1587 642 1724 684 ἀδελφούς.
1757 655 1771 670 cr
1801 647 1926 683 Σωφρονι-

1109 690 1187 724 σμοῦ.
1213 699 1226 715 ι
1258 688 1319 726 Περὶ
1345 688 1400 726 βίον
1428 687 1515 727 ὀρθόν,
1532 687 1591 728 Ἐφ’
1612 687 1694 717 ἂπασι
1716 687 1743 716 δὲ
1758 688 1876 724 τούτοις,
1892 689 1928 715 καὶ

1107 732 1179 769 ἡμᾶς
1195 731 1373 760 συνεισεκτέον
1391 732 1441 765 τὴν
1463 733 1618 772 προθυμίαν.
1650 744 1664 760 σ
1698 732 1742 766 Μὴ
1777 732 1827 760 οὖν
1855 732 1927 760 ἐπαι-

1108 777 1224 815 σχυνθῇς
1246 777 1277 804 τὸ
1313 777 1451 816 μαρτύριον
1479 780 1526 805 τοῦ
1556 777 1648 816 Κυρίου
1676 777 1764 814 ἡμῶν.
1798 788 1810 806 1
1838 777 1926 805 Πολλοὶ

1108 820 1248 860 τρισάθλιοι
1275 820 1404 860 ἄιθρωποι
1434 821 1576 860 λογισμοῖς
1607 822 1777 861 ἀνθρωπίνοις
1806 822 1839 850 τὸ
1866 822 1925 849 κατὰ

1107 865 1157 898 τὴν
1196 866 1345 903 οἰκονομίαν
1390 865 1551 902 ἐξετάζοντες
1601 867 1759 906 μσστήριον,
1803 867 1925 906 αἰσχύνην

1108 910 1179 938 εἶναι
1209 909 1341 950 λέγωσιν,
1371 911 1393 938 ει
1413 911 1459 939 τὸν
1489 911 1548 938 Υἷὸν
1576 914 1622 938 τοῦ
1658 913 1723 939 Θεοῦ
1751 910 1924 950 σταυρωθέντα

1105 953 1255 994 κηρύξαιεν,
1284 954 1438 993 ἀγνοοῦντες
1473 955 1498 983 τί
1525 956 1693 995 κατωρθοῦτο
1717 953 1759 983 διὰ
1779 959 1828 984 τοῦ
1855 966 1924 983 σταυ-

1106 1004 1151 1037 ροῦ
1164 1000 1208 1027 καὶ
1227 1002 1274 1027 τοῦ
1301 999 1412 1028 θανάτου
1440 1000 1487 1028 τοῦ
1515 999 1619 1039 Κυρίου.
1655 1001 1692 1027 Σὺ
1713 999 1770 1037 οὖν,
1793 1000 1870 1039 φησὶ,
1891 1000 1923 1037 μὴ

1106 1043 1284 1083 ἐπαισχυνθῇς
1321 1044 1352 1072 τὸ
1385 1044 1536 1084 μαρτύριον,
1566 1044 1695 1082 τουτέστι,
1725 1046 1770 1072 τὸν
1809 1045 1922 1083 σταυρὸν,

1101 1092 1147 1116 τοῦ
1175 1091 1300 1128 Χριστοῦ,
1337 1088 1405 1117 ἀλλὰ
1434 1089 1550 1128 κήρυσσε
1571 1089 1713 1128 παρρησίᾳ,
1741 1100 1752 1116 α
1786 1087 1861 1123 Μηδέ
1882 1088 1922 1127 ἐμὲ

1101 1133 1146 1161 τὸν
1161 1131 1278 1171 δέσμιον.
1297 1145 1309 1162 I
1341 1132 1427 1170 Μηδὲ,
1456 1133 1496 1162 ὅτι
1524 1133 1599 1174 ἔχεις
1628 1133 1733 1172 δέσμιον
1759 1132 1920 1170 διδάσκαλον1

1101 1176 1290 1217 ἐπαισχυνθῇς.
1322 1179 1351 1207 Εἰ
1378 1178 1428 1219 γὰρ
1455 1179 1479 1207 ἃ
1497 1179 1609 1218 Χριστὸς
1638 1178 1686 1207 οὒκ
1708 1178 1866 1218 ἐπῃσχύνθη
1880 1179 1920 1205 τὸν

1103 1222 1223 1260 σταυρὸν,
1247 1220 1304 1249 οὒδὲ
1331 1221 1384 1261 ἐγὼ
1412 1222 1444 1250 τὰ
1465 1221 1560 1260 δεσμά.
1592 1233 1605 1250 σ
1635 1221 1719 1251 Ἀλλὰ
1748 1222 1914 1261 συγκακοπά-

1102 1266 1194 1298 θησον.
1213 1277 1227 1293 ι
1253 1267 1302 1295 Καὶ
1329 1267 1368 1304 μὴ
1397 1266 1561 1307 ἐπαισχυθῇς
1584 1267 1676 1305 μόνον,
1702 1265 1770 1296 αλλὰ
1793 1267 1838 1294 καὶ
1866 1277 1919 1304 συγ-

1103 1310 1290 1344 κακοπάθησον
1319 1310 1378 1349 μετ’
1406 1311 1470 1349 ἐμοῦ
1487 1319 1495 1327 ⁸
1525 1311 1669 1348 τουτέστιν,
1701 1312 1730 1340 Εἰ
1751 1310 1805 1339 δέοι
1831 1311 1873 1338 καὶ
1894 1311 1917 1337 σὲ

1103 1358 1211 1383 τοιαῦτα
1239 1356 1334 1383 παθεῖν
1361 1354 1403 1383 διὰ
1430 1357 1461 1384 τὸ
1496 1355 1670 1396 Εὖαγγέλιον,
1701 1355 1741 1394 μὴ
1776 1354 1916 1393 δειλιάσῃς.

1104 1403 1185 1428 Τοῦτο
1218 1400 1267 1440 γὰρ
1301 1399 1405 1438 ᾐνίξατο
1440 1401 1484 1428 καὶ
1518 1400 1573 1428 ἄνω
1601 1401 1660 1429 ἔνθα
1691 1401 1783 1441 φησὶν,
1814 1400 1849 1429 Οὖ
1875 1401 1916 1439 γὰρ

1104 1442 1231 1482 ἐλάϐομεν
1260 1445 1363 1482 πνεύμα
1389 1443 1498 1482 δειλίας,
1526 1444 1594 1474 ἀλλὰ
1622 1444 1768 1483 δυνάμεως.
1811 1455 1824 1472 (ι
1853 1444 1915 1473 Κατὲι

240 1483 304 1530 rius
316 1493 433 1525 quoque
444 1484 607 1522 innuit,ubi
619 1485 660 1515 ait
668 1482 742 1530 :Non
754 1483 917 1530 accipimus
926 1482 1059 1530 spiritum

1143 1499 1211 1526 ιαμιν
1247 1493 1322 1520 Θεοῦ.
1354 1489 1423 1518 Εἶτα
1451 1490 1495 1518 καὶ
1523 1490 1663 1530 προτρέπει
1687 1482 1778 1520 αὐτόν.
1798 1489 1854 1530 ,Μὴ
1874 1489 1914 1528 γὰρ

238 1527 474 1565 timiditatis,sed
491 1528 653 1569 potestatis.
675 1539 687 1557 α
699 1527 785 1559 Juxta
799 1527 854 1558 Dei
867 1525 1059 1567 potentiam.»

241 1572 359 1604 Deinde
375 1574 464 1605 etiam
481 1573 652 1604 exhortatur
668 1572 829 1603 illum.Non
838 1571 917 1602 enim
930 1570 1059 1611 propria,

238 1616 345 1657 inquit,
375 1619 504 1658 potentia
529 1617 609 1649 vales
634 1616 781 1648 sustinere
804 1616 991 1652 afﬂictiones,
1007 1614 1060 1646 sed

240 1660 318 1692 Deus
343 1662 515 1701 hujusmodi
542 1662 625 1693 dedit
653 1661 794 1701 dabitque
822 1659 1000 1701 potentiam,
1030 1663 1060 1690 tu

239 1706 328 1738 modo
355 1707 387 1737 id
412 1707 518 1738 aﬂ'eras
543 1710 577 1737 ut
597 1706 627 1737 in
652 1706 709 1737 hoc
735 1709 888 1747 promptus
904 1705 956 1736 sis.
974 1716 985 1733 α
1003 1703 1060 1740 Qui

237 1750 334 1782 salvos
346 1751 417 1782 fecit
431 1751 569 1783 nos.-Ad
586 1751 649 1782 haec
664 1750 857 1792 probationes
872 1752 1010 1780 recenset
1023 1749 1060 1780 de

239 1794 337 1826 divino
347 1796 457 1827 auxilio
469 1805 504 1827 ac
519 1795 731 1837 potentia,quae
743 1795 773 1826 id
785 1794 876 1826 efﬁcit
890 1798 921 1824 ut
936 1793 1062 1824 viriliter

239 1840 400 1872 toleremus
425 1841 605 1872 afﬂictiones
621 1844 651 1871 et
664 1840 802 1880 injurias.
819 1838 933 1876 Salvos,
949 1838 1058 1879 inquit,

235 1883 305 1915 fecit
319 1894 373 1916 nos
389 1885 426 1916 de
441 1889 536 1916 morte
549 1884 674 1926 peccati,
692 1889 721 1916 et
731 1883 845 1915 vocavit
862 1893 914 1914 nos
929 1882 1058 1914 vocatio-

234 1928 424 1962 tionesancta
430 1939 496 1960 cum
507 1929 804 1960 obsurdesceremus:
821 1938 880 1959 non
887 1927 968 1968 quod
977 1927 1058 1967 digni

235 1982 370 2005 essemus
384 1974 550 2011 vocatione,
564 1973 633 2004 259
648 1974 701 2004 sed
711 1973 775 2014 ipse
790 1982 843 2003 suo
862 1972 1012 2013 proposito
1028 1975 1058 2002 et

230 2018 323 2057 gratia
339 2019 396 2050 hoc
412 2018 519 2050 etfacit.
536 2017 593 2054 Qui
615 2018 713 2058 igitur,
731 2017 825 2058 inquit
839 2017 919 2058 (nam
936 2017 997 2047 haec
1013 2020 1057 2047 est

230 2064 404 2104 sententia),
415 2063 485 2094 dum
502 2063 616 2094 inimici
631 2071 766 2094 essemus
779 2062 821 2093 ita
838 2071 907 2101 erga
932 2071 987 2092 nos
1002 2061 1056 2104 fuit

231 2107 366 2146 aﬂ'ectus,
393 2108 485 2139 multo
503 2108 596 2147 magis
612 2116 679 2139 cum
698 2107 787 2138 amici
811 2106 880 2137 facti
905 2106 1007 2143 simus,
1027 2110 1055 2136 ct

1105 1533 1197 1572 οἰκείᾳ,
1228 1534 1303 1573 φησὶ,
1326 1532 1432 1572 δυνάμει
1459 1533 1531 1574 ἔχεις
1553 1535 1763 1574 κακοπαθῆσαι,
1797 1529 1826 1562 Ὀ
1860 1534 1915 1564 Θεὸς

1102 1577 1152 1611 τὴν
1166 1578 1292 1611 τοιαύτην
1313 1576 1393 1606 ἔδωκέ
1407 1589 1436 1606 τε
1464 1579 1508 1607 καὶ
1535 1577 1612 1607 δώσει
1639 1578 1746 1616 δύναμιν
1764 1586 1772 1594 ⁸
1798 1579 1828 1606 σὺ
1844 1578 1913 1615 μόνον

1102 1622 1133 1649 τὸ
1154 1623 1352 1662 προθυμηθῆναι
1367 1623 1501 1662 εἰσάγαγε.
1532 1632 1544 1650 α
1567 1627 1618 1652 Τοῦ
1639 1623 1772 1655 σώσαντος
1802 1623 1881 1660 ἡμᾶς.
1903 1634 1914 1648 ι

1103 1666 1171 1694 Εἶτα
1199 1667 1242 1695 καὶ
1270 1669 1319 1700 τῆς
1349 1666 1519 1707 συμπράξεως
1547 1667 1593 1696 τοῦ
1621 1670 1686 1696 Θεοῦ
1715 1669 1758 1696 καὶ
1779 1669 1831 1700 τῆς
1853 1666 1915 1695 δυνά-

1101 1720 1184 1748 μεως,
1207 1713 1256 1744 τῆς
1272 1710 1358 1751 φέρειν
1383 1712 1508 1750 γενναίως
1524 1711 1652 1745 ποιούσης
1674 1712 1735 1744 τοὺς
1758 1711 1912 1749 πειρασμοὺς

1135 1755 1142 1765 \
1177 1755 1184 1765 κ
1279 1750 1283 1751 ⁷
1454 1755 1459 1764 I
1550 1757 1558 1766 κ
1661 1755 1674 1764 ς
1698 1756 1709 1766 r
1794 1750 1813 1761 θ’
1826 1760 1832 1766 ς

1099 1765 1144 1783 και
1157 1766 1207 1788 την
1220 1756 1406 1794 κακοπάθειαν,
1431 1755 1503 1795 λεγει
1531 1766 1577 1789 τας
1605 1756 1762 1789 ἀποοείςεις.
1815 1760 1911 1784 hquis-sv

1100 1801 1183 1839 ἡμᾶς,
1213 1800 1303 1840 φησὶν,
1333 1799 1363 1828 ἐκ
1389 1803 1435 1828 τοῦ
1463 1801 1574 1829 θανάτου
1603 1803 1653 1835 τῆς
1695 1800 1837 1840 ἁμαρτίας,
1876 1800 1911 1828 καὶ

1100 1843 1224 1872 ἐκάλεσεν
1252 1845 1324 1882 ἡμᾶς
1351 1844 1445 1880 κλήσει
1486 1845 1558 1885 ἁγίᾳ,
1600 1845 1830 1885 ἀποπιρτῶντας,
1873 1845 1912 1873 οὒκ

1100 1887 1190 1922 ἐπειδὴ
1218 1887 1284 1921 ἄξιοι
1313 1892 1380 1927 ἦμεν
1407 1892 1456 1923 τῆς
1485 1889 1618 1928 κλήσεως,
1649 1888 1709 1917 ἀλλ’
1739 1890 1818 1922 αὐτὸς
1841 1890 1913 1924 οἰκείᾳ

1098 1933 1216 1971 προθέσει
1245 1934 1289 1961 καὶ
1313 1934 1403 1973 χάριτι
1424 1938 1500 1963 τοῦτο
1534 1934 1688 1968 πεποίηκεν.
1720 1929 1749 1963 εΟ
1779 1934 1835 1972 οὗν,
1858 1934 1912 1974 ιρηοῖ

1099 1977 1185 2016 (τοῦτο
1199 1977 1250 2017 γὰρ
1271 1978 1301 2006 τὸ
1325 1978 1517 2019 ἀποτέλεσμα),
1547 1978 1657 2019 ἐχθροὺς
1687 1977 1764 2011 ὄντας
1787 1978 1856 2007 οὕτω
1878 1978 1912 2006 δι-

1096 2022 1230 2062 τεθεικὼς,
1267 2021 1359 2060 πολλῷ
1388 2022 1487 2060 μᾶλλον
1516 2022 1600 2063 φίλοις
1636 2022 1759 2062 γεγονόσι
1784 2024 1828 2051 καὶ
1856 2022 1911 2059 ὑπὲρ

1096 2067 1174 2095 αὐτοῦ
1198 2068 1360 2095 κακοπαθεῖν
1387 2067 1550 2105 βουληθεῖσι,
1573 2066 1652 2096 δώσει
1679 2066 1787 2106 δύναμιν
1818 2068 1854 2099 εἷς
1886 2068 1909 2094 τὸ

1095 2110 1285 2150 περιγενέσθαι.
1318 2123 1332 2139 ε
1371 2113 1420 2141 Καὶ
1455 2112 1534 2152 χάριν
1569 2112 1617 2146 τὴν
1646 2111 1766 2140 δοθεῖσαν
1796 2113 1862 2150 ἡμῖν
1885 2111 1907 2138 ἐν

227 2160 281 2191 pro
297 2161 333 2183 eo
348 2152 441 2193 afﬂigi
455 2152 620 2193 cupiamus.
633 2153 796 2197 potentiam
809 2151 889 2197 dabit
905 2155 936 2181 ut
951 2150 986 2181 ad
997 2160 1051 2197 trir-

1145 2161 1208 2193 στῷ.
1227 2167 1242 2184 ι
1261 2157 1394 2185 Δείκνυσιν
1409 2156 1448 2185 ὅτι
1464 2158 1494 2185 τὸ
1522 2156 1627 2191 δοθῆναι
1651 2158 1720 2195 ἡμῖν
1746 2157 1838 2197 χάριτι
1865 2157 1907 2189 τήν

227 2199 304 2227 tutes
320 2197 489 2228 evadamus.
510 2209 523 2225 nr
540 2197 577 2228 Et
591 2196 714 2236 gratiam
732 2205 798 2237 quas
813 2196 881 2226 data
896 2199 941 2226 est
965 2195 1051 2226 nobis

225 2249 279 2281 per
291 2241 453 2273 Christum.
472 2254 485 2269 n
503 2240 640 2273 Ostendit
654 2240 732 2281 quod
745 2241 872 2271 salutem
884 2240 970 2271 nobis
987 2240 1051 2270 dari

223 2294 278 2325 per
292 2285 523 2322 Chrisiummam
536 2286 564 2314 ἒν
572 2285 687 2326 capitur
700 2294 752 2326 pro
763 2284 848 2323 διὰ,ἰά
859 2284 1051 2325 est,in,prop—

224 2330 368 2369 ter)antea
381 2330 599 2371 praeﬁguratum
612 2333 676 2361 erat
685 2334 754 2360 ante
772 2333 904 2370 tempora
920 2333 1044 2360 aeterna.

261 2378 379 2415 Ι,10-14
385 2401 392 2409 .
401 2378 562 2418 Manifesta
570 2381 612 2408 est
622 2381 724 2408 autem
733 2385 873 2416 nuncper
881 2377 1044 2417 apparitio-

220 2430 291 2452 nem
298 2421 837 2462 SaluatorisnostriJesuC/zrtsti,qui
845 2425 973 2453 mortem
979 2422 1045 2461 qui-

219 2466 288 2497 dem
306 2467 439 2499 abolevit
451 2491 458 2508 ,
471 2468 566 2498 vitam
581 2470 679 2498 autem
691 2466 725 2497 in
738 2465 831 2497 lucem
843 2466 994 2506 produxit
1008 2475 1044 2498 ac

218 2512 480 2544 immortalitatem
493 2521 547 2553 per
565 2511 782 2551 Evangelium,
808 2512 840 2541 in
861 2511 939 2551 quod
961 2511 1043 2551 posi-

217 2558 267 2586 tus
281 2564 349 2588 sum
363 2565 418 2597 ego
431 2565 549 2598 prewco
574 2560 602 2587 et
624 2555 775 2596 apostolus
797 2564 832 2587 ac
850 2556 954 2587 doctor
967 2565 1042 2596 gen-

221 2603 322 2631 tium:
337 2609 432 2641 quam
446 2600 482 2632 ob
496 2609 621 2632 causam
643 2603 734 2631 etiam
757 2609 813 2631 nec
832 2601 946 2641 patior,
959 2604 1042 2632 atta-

215 2653 284 2676 men
305 2654 366 2676 non
394 2645 547 2678 erubesco.
564 2645 642 2677 Novi
669 2646 752 2676 enim
775 2647 826 2676 cui
849 2645 1040 2687 crediderim,

217 2694 376 2730 certusque
387 2699 456 2722 sum
470 2691 549 2731 quod
562 2693 666 2732 potens
688 2690 727 2721 sit
750 2689 919 2730 depositum
941 2698 1041 2722 meum

214 2734 366 2767 e’ustodire
375 2735 410 2767 tn
418 2735 509 2768 illum
515 2735 606 2768 diem.
621 2735 765 2767 Formam
777 2734 883 2766 habeto
896 2742 1039 2766 sanorum

1092 2201 1223 2240 σωτηρίαν
1254 2199 1295 2228 διὰ
1323 2205 1370 2230 τοῦ
1398 2205 1509 2241 Χριστοῦ
1530 2203 1617 2240 (τοῦτο
1644 2201 1716 2240 λέγει
1746 2202 1772 2229 ἐν
1810 2204 1905 2241 Χριστῴ

1092 2243 1206 2285 Ἰησοῦ),
1232 2245 1467 2285 προτετυπωμένον
1507 2248 1541 2280 ἦν
1578 2245 1676 2274 ἄνωθεν
1724 2246 1774 2285 πρὸ
1809 2246 1904 2286 χρόνω-ι

1092 2289 1213 2319 αἰωνίων.

1131 2391 1145 2407 α
1167 2381 1369 2420 Φανερωθεῖσαν
1396 2377 1424 2407 δὲ
1452 2384 1496 2409 νῦν
1525 2378 1567 2408 διὰ
1596 2381 1645 2414 τῆς
1673 2379 1825 2420 ἐπιφανείας
1865 2382 1902 2407 τοῦ

1086 2424 1211 2463 Σωτῆρος
1259 2424 1337 2462 ἡμῶν
1388 2422 1475 2457 Ἰησοῦ
1516 2428 1641 2464 Χριστοῦ,
1694 2425 1902 2465 καταργήσαντος

1085 2469 1134 2506 μὲν
1175 2469 1221 2496 τὸν
1274 2468 1395 2505 θάνατον,
1454 2469 1615 2509 φωτίσαντος
1671 2468 1698 2497 δὲ
1755 2472 1827 2505 ζωὴν
1865 2468 1901 2496 καὶ

1085 2513 1226 2553 ἀφθαρσίαν
1268 2511 1310 2541 διὰ
1359 2516 1404 2541 τοῦ
1457 2514 1628 2554 Εὖαγγελίου,
1679 2515 1716 2546 εἰς
1759 2514 1773 2542 ὂ
1816 2513 1899 2546 ἐτέθην

1085 2557 1138 2597 ἐγὼ
1175 2558 1255 2598 κήρυξ
1288 2558 1332 2586 καὶ
1366 2557 1514 2590 ἀπόστολος
1543 2560 1586 2587 καὶ
1615 2558 1772 2592 διδάσκαλος
1814 2559 1897 2594 ἐθνῶν,

1083 2600 1116 2629 δι’
1152 2602 1183 2635 ἦν
1213 2602 1296 2630 αἰτίαν
1325 2602 1368 2630 καὶ
1402 2607 1484 2632 ταῦτα
1511 2603 1624 2644 πάσχω,
1655 2602 1715 2632 ἀλλ’
1751 2604 1798 2632 οὒκ
1827 2603 1897 2631 ἐπαι-

1083 2646 1227 2686 ιινχύνομαι⁸
1270 2645 1337 2675 Οἶδα
1378 2647 1428 2686 γὰρ
1469 2649 1492 2685 ᾧ
1532 2648 1704 2686 πεπίστευκα,
1740 2649 1783 2676 καὶ
1808 2647 1896 2676 πέττει-

1083 2702 1161 2730 σμαι,
1205 2691 1244 2720 ὅτι
1286 2690 1393 2724 δυνατός
1449 2692 1504 2721 ἐστι
1557 2693 1606 2726 τὴν
1657 2694 1814 2733 παραθήκην
1853 2701 1897 2730 μου

1084 2734 1193 2776 φυλάξαι
1236 2737 1272 2768 εἷς
1319 2737 1422 2771 ἐκείνην
1469 2738 1520 2772 τὴν
1565 2737 1678 2779 ἡμέραν,
1724 2733 1897 2766 ἰ’ποτύπωσιν
