1942 3078
203 136 262 171 207

202 250 250 282 De
263 252 456 284 eonvenienti
472 206 643 283 τι·αὲἒῖἓῖ
649 206 825 283 gguine/rum
835 252 1021 292 dogmatum.

240 339 264 378 Ι,
279 340 384 372 15-15.
410 339 496 372 Nosti
509 340 564 371 hoc
577 340 656 380 quod
672 340 828 372 adversati
842 349 889 371 me
909 340 1024 379 fuerint

201 392 303 416 omnes
314 385 368 424 qui
382 387 453 416 sunt
467 386 500 416 in
515 385 604 423 Asia,
630 393 760 424 quorum
773 388 816 416 est
831 385 976 425 Prygelu:
997 387 1024 415 et

202 428 414 469 Hermogenes.
435 430 488 460 Det
512 429 579 459 261
605 429 843 460 misericordiam
873 429 1024 460 Dominus

757 139 963 172 CECUMENII
985 136 1134 169 TRICC/E
1153 135 1320 170 EPISCOPI

1829 133 1889 166 208

1383 206 1508 234 ΚΕΦΑΛ.
1535 199 1575 234 B'.

1067 262 1078 279 ι
1098 252 1159 291 Περὶ
1173 252 1220 286 τῆς
1247 251 1412 292 ἁρμοζούσης
1435 249 1600 288 μεταδόσεως
1622 253 1674 279 τῶν
1697 251 1773 278 θείων
1790 249 1891 289 δογμά-

1426 302 1480 319 των
1485 315 1491 322 ,
1508 302 1520 318 ΙΙ

1109 350 1121 367 α
1154 338 1236 371 Οἶδας
1258 342 1334 368 τοῦτο
1362 339 1402 368 ὅτι
1437 338 1643 379 ἀπεστράφησάν
1680 349 1719 379 με
1743 337 1841 369 πάντες
1867 338 1893 365 οἱ

1065 384 1093 412 ἐν
1133 386 1167 422 τῇ
1201 383 1276 420 Ἀσίᾳ
1309 385 1346 412 ὧν
1387 383 1442 413 ἐστι
1471 378 1604 423 Φρύγελος
1639 383 1683 411 καὶ
1713 378 1891 421 Ἑρμογένης.

1066 429 1129 465 Δῴη
1160 428 1235 460 ἕλεος
1276 430 1291 457 ὁ
1325 429 1418 468 Κύριος
1453 431 1492 466 τῷ
1521 427 1696 467 Ὀνησιφόρου
1729 427 1809 466 οἴκῳ,
1849 426 1892 454 ὅτι

202 473 380 514 Onesiphori
389 473 678 514 familiae,quoniam
687 477 798 514 sapius
809 483 855 504 me
869 473 1023 513 refocilla-

1109 473 1192 506 ιλάκις
1220 483 1253 511 με
1281 472 1396 511 ἐνέψυξε,
1434 473 1477 502 καὶ
1514 473 1563 506 τὴν
1611 471 1702 514 ἅλοσίν
1744 483 1795 510 μου
1845 473 1894 500 οὒκ

201 519 257 555 vit,
273 512 301 549 et
313 518 350 549 de
368 512 474 550 catena
488 512 558 549 me}:
577 527 639 549 non
653 512 789 557 erubuit,
801 518 854 550 sed
867 512 933 550 cum
947 522 1024 550 esset

1109 519 1230 558 Ῑσχύνθη,
1275 517 1343 546 ἀλλὰ
1384 519 1525 557 γενόμενος
1581 517 1607 546 ὲν
1652 512 1755 557 Ῥώμῃ,
1801 527 1892 544 σπου-

200 561 315 600 Roma,
332 562 486 594 studiOsus
498 563 638 603 quaesivit
652 571 710 597 me,
724 566 752 594 et
781 565 908 594 invenit.
926 563 981 594 Det
996 565 1024 594 ei

1109 563 1197 602 ότερον
1238 563 1350 599 ἐζήτησε
1391 573 1425 601 με
1466 563 1510 593 καὶ
1552 563 1621 602 εὗρε,
1667 562 1730 599 Δῴη
1772 562 1846 599 αὺτῷ
1878 561 1893 588 ὃ

201 606 357 644 Dominus,
369 610 402 638 ut
416 607 554 638 inveniat
567 606 811 638 misericordiam
823 607 910 648 apud
924 607 1024 638 Domi-

1109 618 1158 638 )ιος
1194 607 1279 646 εὑρεῖν
1315 607 1388 640 ἕλεος
1422 607 1493 647 παρὰ
1534 607 1626 646 Κυρίου
1669 607 1697 635 ἐν
1732 606 1818 645 ἐκείνῃ
1857 608 1894 643 τῇ

201 659 275 682 num
289 651 323 682 in
337 650 387 682 die
397 650 507 682 illo.Et
520 653 554 682 in
568 659 659 691 quam
672 651 775 683 multis
790 651 903 692 Ephesi
918 651 1020 683 minis-

1109 651 1162 691 έρᾳ,
1197 652 1242 680 καί
1273 651 1322 680 ὅσα
1357 652 1384 680 ἐν
1416 651 1520 692 Ἐφέσῷ
1547 651 1702 692 διηκόνησε³
1733 651 1838 690 βέλτιον
1862 650 1895 679 σὺ

202 695 332 726 traverit
346 698 378 727 tu
391 695 499 727 melius
511 697 604 728 nosti.

1110 696 1217 729 ὠσκεις,
1236 708 1250 724 ι

244 739 429 772 Afﬂictiones
444 744 732 781 commemorat,non
745 744 776 771 ut
788 740 967 781 discipulum
981 750 1024 772 re-

1109 739 1258 780 Ἐξηγεῐται
1293 740 1354 772 τοὺς
1388 741 1562 781 πειρασμοὺς,
1594 742 1645 781 οὔχ
1670 741 1716 769 ἵνα
1751 739 1895 777 καταϐάλῃ

202 784 438 824 prehendat,sed
449 789 481 816 ut
490 785 596 817 doceat
607 785 643 816 ad
655 785 764 816 similia
774 785 890 816 fortiter
900 785 1024 816 toleran-

1109 786 1270 824 νμαθητήν,
1313 785 1373 814 ἀλλ’
1407 786 1453 814 ἵνα
1493 785 1582 824 διδάξῃ
1619 786 1661 814 ἐπὶ
1696 793 1754 818 τοῖς
1790 787 1896 823 ὁμοίοις

202 830 362 861 dum.Nam
379 839 447 861 cum
462 839 479 861 a
493 829 610 861 Nerone
625 829 862 870 comprehensus
869 834 957 869 esset,
970 830 1024 861 de-

1109 832 1199 870 γτερῶς
1240 830 1338 871 φέρειν,
1386 830 1572 870 Συλληφθέντα
1621 831 1671 869 γὰρ
1706 831 1784 858 αὐτὸν
1811 830 1895 871 γπαρὲι

203 875 388 916 reliquerunt
399 883 465 906 eum
473 874 562 905 amici
574 873 624 915 qui
634 878 719 906 erant
728 874 757 904 in
767 874 934 905 Asia.Multi
946 875 1024 905 enim

1109 887 1199 915 ρωνος,
1217 878 1240 905 οἱ
1263 876 1332 916 φίλοι
1360 876 1502 905 κατέλιπον
1530 878 1552 905 οἱ
1582 876 1608 904 ἒν
1637 879 1671 915 τῇ
1694 876 1780 912 Ἀσίᾳ.
1808 870 1896 904 Ἠσαν

202 919 305 951 Romae
316 923 400 951 erant
412 919 462 960 qui
478 919 515 950 ab
527 919 600 950 Asia
619 918 713 949 secuti
733 923 818 950 erant
840 918 962 949 Paulum
978 923 1024 950 aut

1109 932 1117 949 >
1138 920 1166 948 ἐν
1189 916 1279 959 Ῥώμῃ
1305 920 1400 949 πολλοὶ
1430 920 1460 948 ἐκ
1492 923 1542 953 τῆς
1570 919 1660 954 Ἀσίας
1696 921 1822 959 ἑπόμενοι
1854 924 1896 957 τῷ

203 964 261 996 alio
278 964 365 995 modo
386 963 554 1000 credentes;
576 972 682 994 omnes
705 967 802 994 autem
823 962 1024 994 subduxerunt

1109 964 1175 1002 ύλῳ,
1206 965 1223 999 ἢ
1252 964 1340 997 ἄλλως
1376 965 1476 995 πιστοί.
1509 965 1608 997 Πάντες
1643 964 1671 993 δὲ
1699 965 1895 1005 ἆπεσχοίνισαν

203 1018 272 1040 sese
283 1012 438 1050 postquam
453 1011 497 1039 est
507 1017 524 1038 a
534 1008 654 1039 Nerone
666 1007 914 1048 comprehensus.
939 1020 953 1035 α
971 1007 1024 1043 Qui

1109 1009 1174 1041 ποὺς
1189 1009 1257 1047 μετὰ
1271 1009 1321 1042 τὴν
1344 1010 1394 1037 ὑπὸ
1419 1009 1536 1048 Νέρωνος
1564 1008 1707 1047 σύλληψιν.
1734 1021 1748 1037 ε
1772 1011 1802 1038 Οἱ
1817 1009 1845 1037 ἐν

204 1057 271 1084 sunt
286 1053 317 1084 in
330 1052 400 1084 Asia
414 1063 421 1083 :
439 1064 453 1080 ι
470 1052 528 1083 hoc
542 1056 599 1089 est,
613 1061 649 1083 ex
664 1052 744 1084 Asia.
761 1064 773 1080 ε
789 1051 844 1082 Det
855 1051 1024 1083 misericor»

1109 1054 1152 1090 νίᾳ,
1170 1065 1185 1081 ι
1202 1052 1354 1089 Τουτὲστιν,
1380 1054 1403 1082 οἱ
1432 1053 1463 1081 ἐκ
1489 1056 1538 1087 τῆς
1560 1052 1662 1086 Ἀσίας,
1694 1064 1706 1081 α
1733 1054 1795 1091 Δῴη
1819 1053 1896 1086 ἕλεος

203 1097 282 1128 diam
298 1096 453 1129 Dominus.
472 1107 485 1123 ι
501 1096 710 1128 Animadverte
724 1096 788 1136 ejus
801 1096 941 1127 studium.
958 1096 1023 1127 Non

1109 1098 1212 1137 Κύριος.
1244 1109 1258 1125 ι
1298 1092 1370 1137 υΟρα
1398 1097 1564 1138 φιλοσοφίαν.
1604 1099 1670 1130 Τοὺς
1706 1099 1753 1137 μὲν
1782 1099 1896 1127 καταλι-

203 1145 373 1173 exsecratur
387 1150 438 1172 eos
457 1141 507 1181 qui
531 1141 725 1181 reliquerant.
742 1140 796 1172 sed
812 1141 908 1171 solum
925 1144 1024 1171 narrat

1109 1153 1175 1179 ιτας,
1192 1142 1221 1170 οὗ
1241 1143 1419 1182 κατηράσατο,
1442 1142 1510 1171 ἀλλὰ
1539 1142 1618 1180 μόνον
1647 1144 1680 1172 τὰ
1707 1142 1766 1171 κατ’
1795 1145 1892 1175 αὖτοὺς

202 1195 268 1227 quae
279 1186 317 1217 ab
331 1186 404 1226 ipsis
418 1185 528 1217 fiebant
541 1186 585 1217 :ei
596 1195 665 1216 vero
678 1185 729 1226 qui
748 1193 834 1225 opem
850 1185 916 1216 tulit
931 1185 1022 1216 multa

1111 1187 1213 1225 γήσατο
1230 1194 1238 1201 ·
1275 1190 1314 1224 τῷ
1341 1186 1369 1215 δὲ
1404 1186 1581 1226 συμπράξαντι
1612 1187 1700 1216 πολλὰ
1735 1187 1892 1227 ἐπεύχεται,

203 1230 281 1263 bona
292 1234 440 1271 precatur,
463 1239 518 1261 nec
534 1230 590 1261 soli
601 1230 728 1270 ipsi,sed
741 1233 770 1260 et
785 1229 905 1260 familiae
919 1229 1022 1270 ipsius:

1109 1255 1110 1259 η
1124 1232 1171 1260 οὒκ
1186 1233 1257 1269 αύτῷ
1273 1232 1356 1270 μόνῳ,
1381 1230 1449 1261 ἀλλὰ
1463 1233 1507 1260 καὶ
1521 1235 1559 1270 τῷ
1584 1231 1653 1269 οἴκῳ
1680 1235 1770 1264 αὐτοῦ,
1800 1232 1894 1264 Οὕτως

201 1275 275 1306 adeo
292 1275 376 1316 probi
400 1278 495 1312 erant,
513 1278 542 1306 et
561 1274 601 1305 ita
616 1274 822 1314 Onesiphorus
840 1282 892 1305 eos
913 1274 1024 1304 instru-

1109 1287 1134 1304 zv
1149 1276 1276 1316 ἐνάρετοι,
1301 1277 1344 1305 καὶ
1367 1276 1450 1308 οὕτως
1477 1276 1570 1309 αὖτοὺς
1601 1277 1774 1317 Ὀνησιφόρος
1811 1277 1893 1305 ἐπαί-

201 1323 295 1351 xerat.
315 1319 520 1360 «Onesiphori
545 1319 673 1349 familiae.
694 1329 705 1346 ›
725 1317 748 1349 0
763 1318 832 1349 felix
856 1317 1024 1358 Onesipho-

1110 1331 1166 1353 σεν,
1198 1331 1213 1351 ‹
1241 1324 1284 1358 Τῷ
1318 1320 1491 1361 Ὀνησιφόρου
1533 1321 1612 1358 οἴκῳ.
1656 1333 1668 1350 ι
1709 1316 1741 1349 Ὠ
1779 1323 1894 1361 μακάριε

202 1365 255 1395 re!
283 1363 334 1404 qui
360 1364 468 1403 dignus
493 1363 613 1394 habitus
640 1372 672 1394 es
696 1367 728 1393 ut
751 1363 873 1393 Paulum
903 1362 1024 1393 refocil—

1109 1364 1243 1405 νησιφόρεξ
1281 1366 1309 1398 ὃς
1329 1365 1443 1399 ἡξιώθης
1464 1365 1587 1398 ὰναλῦξαι
1616 1366 1731 1404 Παῦλον,
1761 1366 1808 1399 εἴη
1823 1367 1894 1404 ἡμῖν

203 1408 293 1446 lares,
309 1409 347 1439 sit
357 1408 443 1439 nobis
468 1412 497 1440 et
519 1417 586 1449 pars
610 1412 719 1439 tecum.
740 1420 753 1435 ε
769 1407 884 1448 Saepius
907 1416 953 1438 me
973 1417 1024 1438 re-

1109 1410 1140 1442 )ὶς
1156 1410 1222 1447 μετὰ
1237 1413 1294 1439 σοῦ’
1321 1421 1335 1438 ι
1352 1409 1484 1442 Πολλάκις
1513 1421 1546 1447 με
1576 1410 1697 1448 ἀνέψυξε.
1724 1422 1738 1438 α
1770 1411 1894 1448 Καθάπερ

204 1453 356 1484 focillavit.
371 1453 483 1483 »Vetut
504 1452 647 1484 athletam
672 1452 801 1492 aliquem
829 1453 967 1492 squalore
992 1461 1024 1482 ac

1109 1455 1186 1490 ln‘nﬁv
1214 1466 1271 1483 τινα
1304 1455 1355 1483 ὑπὸ
1384 1458 1431 1484 τοῦ
1466 1454 1572 1495 αὐχμοῦ
1599 1458 1648 1489 τῆς
1689 1455 1778 1489 πάλης
1808 1467 1892 1484 κατε-

205 1497 375 1537 fatigatione
393 1497 498 1529 alucta
514 1500 700 1537 occupatum.
721 1509 734 1524 α
746 1496 782 1527 Et
796 1496 833 1528 de
849 1500 953 1528 catena
961 1505 1024 1527 mea

1109 1500 1264 1537 μενονξΚαὶ
1278 1500 1327 1533 τὴν
1349 1498 1438 1528 ἅλυσίν
1467 1492 1519 1537 μού
1543 1501 1590 1528 οὒκ
1624 1499 1793 1539 ἐπῃσχύνθη.
1824 1500 1892 1531 Τοὺς

204 1551 264 1573 non
279 1542 408 1574 erubuit.
429 1554 441 1571 ι
456 1541 579 1573 Relictis
599 1540 739 1582 periculis
763 1541 906 1581 pudorem
931 1541 1024 1572 solum

1109 1542 1199 1576 δύνους
1235 1543 1320 1584 ἀφεὶς,
1363 1545 1412 1578 τὴν
1457 1545 1587 1584 αἰσχύνην
1621 1544 1758 1583 προέταξε,
1796 1545 1895 1572 πείθων

205 1586 366 1627 proposuit,
381 1586 510 1618 suadens
524 1585 702 1626 discipulum
728 1585 805 1616 bono
827 1594 893 1616 esse
913 1585 1024 1622 animo,

1109 1588 1247 1626 ιμαθητὴν
1261 1588 1376 1628 θαῤῥετν.
1409 1589 1446 1620 ὡς
1474 1589 1604 1628 αἰσχύνης
1631 1589 1716 1627 μόνης
1730 1589 1894 1627 τικτομένης

203 1631 295 1662 veluti
309 1631 391 1662 solus
405 1632 499 1672 pudor
509 1640 544 1662 ex
555 1640 589 1662 ea
599 1630 846 1671 procederet,nec
861 1629 1024 1670 periculum

1111 1636 1157 1661 τοῦ
1171 1633 1338 1673 πράγματος¹
1362 1634 1405 1662 καὶ
1426 1633 1455 1662 οὔ
1483 1632 1600 1662 κινδύνου
1620 1633 1766 1673 προσόντος
1781 1643 1790 1652 ⁸
1805 1635 1895 1663 καίτοι

204 1675 370 1713 accederet,
398 1685 465 1707 cum
491 1679 588 1706 tamen
610 1675 730 1706 adesset
744 1674 831 1705 etiam
848 1674 1024 1715 periculum.

1112 1677 1156 1706 καὶ
1171 1677 1286 1710 κίνδυνος
1302 1680 1415 1718 προσῆν,
1440 1673 1469 1706 1Ο
1492 1677 1542 1717 γὰρ
1565 1677 1656 1718 Νέρων
1672 1678 1793 1715 ἐμαίνετο
1822 1679 1893 1707 κατᾶ

204 1719 282 1751 Nero
304 1720 383 1751 enim
409 1719 525 1751 insania
540 1719 706 1760 agitabatur
725 1719 867 1750 adversus
888 1719 1023 1757 Paulum,

1109 1721 1170 1750 ύλου
1205 1723 1241 1755 ὡς
1281 1722 1489 1763 κατηχήσαντός
1511 1733 1570 1751 τινα
1595 1724 1649 1751 τῶν
1670 1723 1772 1751 οἰκείων
1807 1725 1894 1761 αὐτῷ.

205 1764 284 1804 quod
301 1764 461 1805 quemdam
476 1773 493 1795 e
507 1764 682 1796 domesticis
696 1764 758 1795 suis
782 1763 811 1794 in
838 1763 896 1794 fide
911 1764 1024 1794 instru-

1120 1766 1328 1807 Σπουδαιότερον
1356 1767 1469 1803 ἐζήτησε
1497 1778 1542 1805 με,
1569 1777 1580 1795 ι
1614 1768 1650 1796 Οὐ
1674 1768 1766 1808 μόνον,
1796 1769 1891 1808 ιςδηεγὶν⁷

202 1808 305 1841 xisset.
324 1820 335 1837 ι
348 1808 514 1840 Studiosius
528 1808 662 1849 quaesivit
675 1818 733 1840 me.
754 1821 765 1837 ο
780 1808 844 1839 Non
860 1808 967 1845 solum,
982 1808 1024 1839 in-

1109 1822 1114 1839 ι
1160 1810 1238 1851 ἔφυγὲ
1279 1823 1330 1850 μου
1371 1812 1421 1845 τὴν
1463 1811 1616 1852 συντυχίαν,
1654 1813 1738 1840 καίτοι
1773 1812 1896 1842 κινδύνου

204 1854 277 1894 quit,
307 1863 368 1885 non
395 1854 469 1893 fugit
498 1863 594 1884 meam
624 1853 809 1889 societatem,
826 1862 892 1884 cum
923 1856 1023 1897 tamen

1111 1866 1139 1888 ος
1153 1857 1198 1884 καὶ
1212 1856 1402 1896 συντυγχάνειν
1430 1858 1501 1894 αὒτῷ
1531 1856 1598 1885 μετὰ
1627 1857 1657 1884 τὸ
1692 1855 1894 1897 ἒγπιιλειειθῆνιι⁷

203 1898 290 1929 etiam
307 1898 472 1938 periculum
485 1902 563 1929 esset
578 1907 695 1929 mecum
712 1897 884 1929 conversari
901 1896 953 1928 ubi
972 1906 1024 1928 re-

1109 1911 1132 1940 ιρ
1159 1901 1203 1928 καὶ
1237 1900 1439 1941 σπουδαιότερον
1460 1905 1506 1929 τοῦ
1534 1900 1686 1941 ὀφείλοντος
1715 1901 1830 1936 ἐζήτησέ
1859 1896 1895 1940 με

202 1942 302 1974 clusus
314 1952 409 1974 essem
424 1951 431 1974 :
444 1951 545 1974 verum
575 1942 663 1973 etiam
687 1942 851 1973 studiosius
866 1950 952 1982 quam
970 1942 1024 1972 de-

1109 1956 1116 1978 :
1145 1944 1202 1985 εὗρέ
1229 1956 1271 1982 με.
1303 1946 1333 1974 οἱ
1361 1949 1549 1977 κοινωνοῦντες
1578 1944 1606 1973 δὲ
1632 1946 1685 1974 τῶν
1714 1945 1802 1974 πόνων
1833 1954 1895 1978 τοῖς

203 1987 267 2018 buit
280 1987 416 2028 quasivit
429 1996 477 2018 me
492 1988 588 2018 donec
603 1987 767 2018 invenisset
782 1996 840 2018 me.
854 1986 910 2023 Qui
923 1991 1024 2017 autem

1109 1990 1162 2026 οις,
1177 1990 1367 2025 κοινωνήσουσι
1381 1991 1426 2018 καὶ
1446 1993 1500 2018 τῶν
1527 1989 1676 2030 στεφάνων²
1702 1991 1741 2022 ὡς
1775 1990 1820 2020 καὶ
1842 1991 1896 2018 αὐ-

203 2033 361 2073 participes
396 2041 462 2063 cum
485 2031 598 2063 sanctis
621 2032 749 2062 erantin
767 2031 915 2062 laboribus
937 2034 1024 2062 erunt

1109 2045 1209 2074 ’φησι.
1235 2045 1249 2061 ε
1281 2034 1374 2067 Καλῶς
1408 2035 1563 2075 ἐποιήσατε⁷
1590 2034 1799 2071 κοινωνήσαντες
1842 2047 1896 2072 μου

202 2086 320 2117 quoque
336 2077 497 2118 participes
510 2076 540 2107 in
556 2076 688 2113 coronis,
711 2076 788 2106 sicut
813 2076 878 2116 ipse
904 2076 1022 2108 dicit‘:

1114 2078 1213 2116 θλίψει.
1244 2090 1258 2106 ι
1291 2095 1330 2101 -—
1353 2079 1416 2116 Δῴη
1444 2079 1517 2116 αὐτῷ
1544 2081 1558 2107 ὁ
1581 2079 1673 2119 Κύριος
1703 2080 1788 2119 εὑρεῖν
1817 2078 1894 2112 ἕλεος

205 2133 217 2149 ι
246 2121 338 2153 Recte
366 2121 463 2152 fecisti
490 2121 568 2161 quod
601 2120 844 2151 communicastis
873 2120 1024 2152 afﬂictioni

1109 2123 1138 2162 ρὰ
1152 2122 1256 2162 Κυρίου.
1288 2132 1303 2152 ι
1329 2125 1359 2152 Οἱ
1386 2124 1420 2152 τὰ
1454 2123 1607 2163 Μαρκίωνος
1643 2127 1798 2163 φρονοῦντες
1833 2124 1894 2152 ἐπι-

203 2175 307 2199 meae.»
321 2165 376 2197 Det
390 2166 418 2198 ei
434 2165 578 2197 Dominus
593 2169 625 2197 ut
641 2165 772 2196 inveniat
792 2165 1024 2196 misericordiam

1109 2166 1173 2195 δῶσι
1187 2170 1221 2205 τῇ
1244 2171 1347 2207 Γραφῇ,
1377 2169 1413 2199 ὡς
1442 2167 1486 2196 δύο
1516 2168 1616 2208 Κυρίων
1643 2167 1736 2206 ὀᾭνων,
1767 2167 1827 2198 ἀλλ’
1849 2171 1894 2201 εἷς

202 2211 279 2251 apud
295 2210 486 2242 Dominum.»
502 2209 558 2246 Qui
574 2209 731 2240 Marcionis
748 2209 886 2250 dogmata
898 2219 1024 2250 sequun-

1109 2222 1157 2249 ριος
1181 2211 1302 2252 ἀλλαχοῦ
1329 2224 1420 2252 φησιν,
1446 2224 1459 2240 α
1492 2208 1574 2250 Ἠμϊν
1595 2211 1622 2240 δὲ
1651 2214 1692 2245 εἷς
1724 2213 1817 2252 Κύριος
1841 2212 1896 2247 ἰη-

203 2259 262 2292 tur.
279 2255 425 2287 assultum
450 2255 560 2286 faciunt
587 2254 619 2285 in
646 2254 841 2294 Scripturam,
868 2254 951 2294 quasi
967 2255 1024 2285 duo

1109 2261 1127 2288 ις
1149 2257 1272 2296 Χριστὸς,
1295 2255 1328 2284 δι’
1350 2258 1379 2285 οὗ
1406 2257 1440 2285 τὰ
1466 2257 1563 2287 πάντα.
1592 2268 1606 2284 σ
1633 2257 1663 2285 Τί
1691 2256 1735 2285 οὖν
1750 2257 1866 2298 ἐροῦμεν
1885 2268 1893 2298 ;

203 2300 262 2330 sint
289 2300 409 2331 Domini
435 2309 525 2330 unum
543 2303 642 2330 tamen
669 2299 738 2330 alibi
767 2299 839 2330 dicit
852 2298 1023 2331 Dominum.

1109 2301 1185 2335 ιήθης
1214 2302 1231 2335 ἡ
1246 2300 1363 2334 σύνταξις
1383 2301 1450 2336 αὕτη
1471 2305 1505 2340 τῇ
1529 2301 1585 2338 Θείᾳ
1612 2305 1715 2342 Γραφῇ.
1748 2297 1795 2335 Ὠς
1821 2297 1894 2334 ἐκεῖξ

203 2356 218 2373 ι
234 2344 328 2376 Nobis
344 2348 443 2376 tamen
459 2353 539 2376 unus
562 2347 609 2376 est
618 2343 763 2375 Dominus
784 2343 870 2375 Jesus
892 2343 1025 2374 Christus

201 2398 255 2429 per
267 2399 357 2430 quem
370 2389 472 2420 omnia
484 2389 510 2420 5.
527 2399 540 2418 ι
557 2388 632 2425 Quid
646 2398 715 2428 ergo
727 2388 884 2419 dicemus?
899 2387 968 2420 Hac
979 2398 1026 2419 or-

201 2434 315 2466 dinatio
330 2434 361 2465 in
378 2443 433 2465 usu
451 2437 496 2464 est
516 2433 593 2474 apud
618 2433 746 2464 divinam
772 2432 977 2473 Scripturam:
994 2437 1026 2463 ut

201 2483 248 2510 est
273 2478 347 2510 illud
363 2488 370 2509 :
384 2478 464 2509 Dixit
489 2477 866 2518 Abraham:Nequaquam
880 2481 960 2507 σοι
975 2477 1022 2507 in-

199 2531 320 2561 gressus
335 2527 382 2554 est
394 2523 560 2554 Abraham.
583 2522 626 2554 Ac
650 2521 676 2553 si
701 2522 758 2553 hoc
784 2522 847 2552 loco
875 2521 1021 2552 dixisset:

200 2566 325 2599 Tribuat
338 2567 383 2598 illi
407 2567 551 2599 Dominus
572 2571 606 2598 ut
627 2568 757 2598 inveniat
787 2566 1021 2597 misericordiam

199 2612 277 2653 apud
292 2612 402 2653 ipsum.
419 2612 503 2648 Quod
519 2612 545 2643 si
560 2611 648 2643 etiam
665 2616 779 2652 patrem
802 2621 836 2642 ac
851 2611 957 2642 Filium
974 2611 1021 2642 hir

199 2656 360 2696 signiﬁcari
385 2656 532 2697 accipias,
557 2665 596 2688 ne
621 2656 678 2687 hoc
707 2655 828 2696 quidem
859 2655 1020 2686 absurdum

199 2701 268 2734 erit.
284 2700 359 2733 Nam
376 2705 406 2733 et
418 2702 507 2733 Pater
520 2700 665 2734 Dominus
684 2705 740 2739 est,
764 2704 795 2732 et
810 2699 903 2731 Filius
916 2699 1020 2732 Domi-

236 2787 253 2812 4
268 2786 395 2828 Philipp.
412 2795 454 2828 IV,
473 2787 520 2819 14.
564 2785 605 2816 51
619 2787 685 2818 Cor.
703 2793 766 2823 vm,
781 2785 812 2818 6.

1067 2345 1151 2374 Εἶπεν
1181 2344 1312 2386 Ἀϐραὰμ,
1342 2348 1378 2375 Οὐ
1418 2347 1457 2384 μὴ
1492 2346 1594 2385 εἰσέλθῃ
1623 2345 1744 2386 Ἀϐραάμ
1763 2354 1770 2361 ⁸
1808 2348 1847 2378 ὡς
1874 2349 1896 2376 εἷ

1066 2388 1152 2429 ἔλεγε,
1182 2390 1314 2430 Παράσχῃ
1341 2391 1412 2427 αότῷ
1442 2391 1456 2419 ὸ
1478 2391 1570 2430 Κύριος
1600 2391 1686 2430 εὑρεῖν
1716 2390 1791 2423 ἕλεος
1828 2392 1893 2431 παρ’

1067 2434 1149 2472 αὐτῷ.
1167 2435 1196 2463 Εἰ
1211 2433 1238 2462 δὲ
1253 2435 1296 2463 καὶ
1317 2435 1362 2463 τὸν
1386 2435 1489 2475 Πατέρα
1517 2436 1561 2463 καὶ
1589 2435 1634 2463 τὸν
1656 2436 1715 2464 Υἱὸν
1747 2434 1892 2470 δηλοῦσθαι

1066 2479 1175 2507 ἐνταῦθα
1189 2477 1261 2519 δέξῃ,
1291 2478 1348 2509 οὐδὲ
1374 2483 1450 2508 τοῦτο
1472 2478 1582 2511 ἄτοπον,
1612 2480 1662 2508 Καὶ
1690 2481 1704 2508 ὁ
1727 2481 1820 2520 Πατὴρ
1842 2482 1894 2521 γὰρ

1063 2524 1106 2551 καὶ
1127 2524 1141 2551 ὁ
1170 2524 1229 2555 Υἱὸς
1252 2524 1355 2564 Κύριος,
1385 2525 1430 2553 καὶ
1456 2525 1487 2553 τὸ
1510 2527 1615 2562 Πνεῦμα
1645 2524 1749 2564 Κύριος,
1775 2524 1892 2558 ἀλλἐἶς

1065 2567 1157 2606 Κύριος
1208 2574 1270 2598 ταῖς
1321 2569 1403 2608 τρισὶν
1455 2570 1629 2598 ὺποοτάσεσιν
1644 2600 1656 2613 ⁷.
1681 2568 1892 2609 ἒμφαινόμενος,

1066 2624 1079 2639 ι
1097 2612 1182 2640 Εἶπεν
1197 2613 1211 2640 ὁ
1226 2613 1319 2652 Κύριος
1335 2616 1373 2650 τῷ
1404 2614 1489 2653 Κυρίῳ
1516 2625 1578 2651 μοι).
1596 2623 1611 2643 )
1645 2612 1673 2641 Η
1703 2613 1744 2641 ὅτι
1772 2613 1894 2655 διευκρι-

1063 2656 1167 2688 νοῦντός
1197 2656 1252 2685 ἐστι
1286 2658 1317 2685 τὸ
1346 2657 1429 2700 οὕτως
1457 2659 1542 2686 εἰπεῖν
1570 2657 1618 2689 τὰς
1654 2658 1729 2697 ἁγίας
1765 2658 1889 2689 ὑποστά-

1062 2702 1180 2738 σεις,ὡς
1210 2700 1267 2729 ἐκεῖ
1284 2709 1292 2717 ⁶
1322 2713 1336 2729 ε
1376 2701 1468 2742 Εϐρεξε
1492 2703 1584 2742 Κύριος
1609 2702 1682 2742 παρὰ
1710 2702 1806 2742 Κυρίου
1835 2707 1893 2744 πῦρ
