1942 3078
41 134 74 166 21

543 132 740 165 COMMENT.
764 132 805 163 IN
828 129 949 162 EPIST.
973 131 1000 162 ΙΙ
1022 130 1071 162 AD
1093 130 1254 162 TIMOTH.

1682 129 1742 162 214

10 200 20 215 ⁷
44 214 57 229 ι
74 201 156 230 Ἀλλ’
171 203 185 230 6
214 201 295 240 λόγος
323 205 369 230 τοῦ
399 205 466 230 Θεοῦ
494 202 524 230 οὗ
544 199 654 229 δέδεται.
674 210 686 229 ι
704 199 788 236 Ἐμοῦ
801 196 870 226 δεδε-

955 196 1011 228 Sed
1026 205 1125 228 sermo
1141 196 1193 227 Dei
1210 205 1268 227 non
1278 200 1323 227 est
1335 196 1525 229 vinctus.nEt
1534 196 1560 228 si
1571 195 1739 237 ego,inqnit

37 247 134 284 μένου,
172 247 265 286 φησὶν,
303 247 332 276 ob
373 244 520 275 συνδέδεται
554 246 586 272 τὸ
626 244 761 284 κήρυγμα,
808 241 876 270 ἀλλᾶ

40 298 204 330 περιπατεῖ.
263 291 321 320 Τῶν
370 291 420 329 γαρ
470 292 568 330 χειρῶν
620 287 814 327 δεσμουμένων,
858 288 875 321 ἡ

38 336 156 375 γλῶσσα
183 335 274 366 λαλεῖ.
311 334 439 366 Γλώσσης
467 335 517 373 γὰρ
541 333 650 373 δεσμὸς,
682 332 764 360 δειλία
792 332 874 370 μόνον

39 381 85 408 καὶ
116 380 237 409 ἀπιστία.
283 383 366 408 Τοῦτο
401 377 427 406 δέ
462 389 539 418 φησι,
580 378 623 405 καὶ
663 378 700 408 εἷς
736 376 874 416 προτοπὴν

38 428 93 452 τῶν
125 424 290 462 λελυμένων,
330 424 358 452 Εἰ
398 423 447 461 γὰρ
480 422 534 460 ἐγὼ
566 421 702 459 δεδεμένος
737 421 871 460 κηρύσσω,

36 470 102 497 ποία
118 469 278 508 συγγνώμη,
295 469 370 508 ιρτισῖ,
387 474 446 500 τοῖς
472 467 624 505 λελυμένοις
654 467 697 495 καὶ
725 465 870 505 ἀμελοῦσι,

40 525 53 542 σ
73 515 126 542 Διὰ
142 515 202 546 τοὺς
225 513 376 544 ἐκλεκτούς.
395 524 409 539 ι
436 513 485 540 Δια
499 513 560 544 τοὺς
573 511 694 549 πιστοὺς,
718 511 808 551 φησὶν,
826 511 870 542 οὒς

37 560 50 586 ὁ
74 559 145 590 Θεὸς
173 558 308 591 ἐξελέξατο
325 567 332 574 ·
363 556 454 591 ἐπειδὴ
484 558 534 597 γὰρ
562 557 655 588 αὐτοὺς
683 558 696 584 6
726 556 790 587 Θεὸς
813 555 871 588 ἑξε-

37 602 148 640 )έξ²το³
179 601 221 630 δεῖ
258 603 301 630 καὶ
337 601 385 639 ἐμὲ
414 601 500 629 πάντα
528 601 644 640 πάσχειν
672 601 736 640 ὑπὲρ
771 600 867 635 αδτῶνι

36 646 136 680 ἐπειδὴ
174 647 217 675 καὶ
252 648 266 674 ὁ
302 647 366 678 Θεὸς
401 647 465 686 ὑπὲρ
498 647 573 683 ἡμῶν
613 645 717 682 ἔπαθεν,
747 646 783 676 ὡς
799 645 868 672 εἶναι

37 691 210 728 ἀντιμισθίαν
247 691 277 719 τὸ
312 694 432 729 πρᾶγμα,
469 689 515 718 ’ἕνα
555 690 598 718 καὶ
639 690 711 718 αὐτοὶ
749 690 786 721 ὡς
827 689 870 716 καὶ

35 737 136 773 ἡμεῖς,
173 736 250 775 φησὶ,
281 736 414 774 σωτηρίας
443 735 562 774 τύχωσιν
579 757 587 764 .
630 735 667 765 ὼς
696 734 718 762 εἰ
746 733 836 772 ἔλεγεν
861 743 866 749 ”

35 780 114 813 ἘΞὸν
143 780 177 814 ἧν
199 791 245 817 μοι
273 783 319 817 ζῇν
354 779 506 816 ἀκινδύνως,
540 779 562 806 εί
596 779 627 806 τὸ
648 779 712 816 sub»
741 778 868 806 indi-ron

37 826 134 861 μόνον,
181 823 242 852 ἀλλ’
284 824 348 863 ὑπὲρ
389 827 442 851 τῶν
483 822 627 863 ἀλλοτρίων
660 826 742 851 ταῦτα
769 823 868 862 πάσχω

36 870 159 909 ἀγαθῶν,
182 869 228 896 ἵνα
250 867 323 896 ἄλλοι
346 869 449 908 τύχωσι
465 868 610 903 σωτηρίας.
631 879 643 894 ι
675 870 729 900 Τῆς
752 866 779 895 ἐν
800 870 866 905 Χρι-

38 917 94 951 στῷ
110 913 212 946 Ἰησοῦ,
239 924 250 940 ι
272 914 300 941 Εἰ
315 923 411 949 arma),
436 913 525 952 φησὶν,
555 913 585 940 0’)
613 911 754 949 δυνάμενος
777 902 899 944 σωτη-Β

37 958 95 997 ρίαν
127 959 313 997 περιποιῆσαι,
350 956 409 984 ἀλλ’
447 956 501 985 ἰδοὺ
537 956 713 991 ἀποθνήσκειν
749 955 866 994 μέλ)εις,

38 1006 98 1034 πῶς
116 1002 217 1041 ἑτέροις
232 1000 367 1040 προξενεῖς
385 1011 394 1038 ;
425 1002 474 1030 Καί
494 1012 574 1041 φησιν
592 1009 598 1016 '
629 1003 666 1030 0τῦ
686 1001 746 1040 περὶ
772 1001 869 1033 ταύτης

38 1046 112 1085 λέγω
122 1049 174 1079 τῆς
189 1045 357 1084 προσκαίρου,
376 1044 444 1073 ἀλλὰ
457 1047 506 1078 τῆς
529 1045 555 1073 ἐν
572 1048 676 1084 Χριστῷ
691 1043 790 1082 Ἰησοῦ,
806 1055 868 1072 του-

40 1091 127 1129 τέστι,
144 1093 193 1124 τῆς
209 1089 251 1118 διὰ
276 1093 386 1129 Χριστοῦ
411 1089 584 1128 δωρηθιίσης,
611 1092 660 1123 τῆς
682 1090 797 1126 αἰωνίου,
821 1091 870 1122 τῆς

41 1137 110 1172 μετὰ
126 1135 205 1168 δόξης
222 1134 362 1172 ἐσομένης.
382 1130 412 1163 ’Β
425 1135 474 1174 γὰρ
486 1139 532 1164 τοῦ
545 1135 646 1172 κόσμου
660 1135 788 1173 σωτηρία,
806 1133 867 1162 ἀδο-

41 1182 95 1215 ξίαν
119 1182 191 1222 ἔχει.

360 1272 485 1301 sema.
511 1265 553 1299 ΔΖ

44 1326 58 1341 ε
78 1315 140 1351 Περὶ
156 1317 205 1348 τῆς
223 1314 258 1346 είς
275 1314 385 1352 Χριστὸν
406 1314 519 1346 πίστεως
540 1315 584 1342 καὶ
605 1314 754 1352 ὑπομονῆς,
771 1312 813 1342 ἐπ’
829 1313 870 1342 ἑλ-

364 1353 419 1382 πίδι
436 1354 516 1387 Εωῆς.
535 1365 546 1382 ι

83 1411 99 1428 σ
133 1401 229 1433 Πιστὸς
260 1401 274 1428 6
307 1399 398 1439 λόγος.
432 1401 460 1428 Εἰ
491 1401 540 1440 γὰρ
568 1400 792 1439 συναπεθάνομεν,
827 1400 871 1427 καὶ

48 1446 208 1482 συζήσομεν.
265 1445 293 1473 El
342 1444 518 1483 ὑπομένομεν,
570 1445 613 1473 καὶ
663 1444 869 1483 συμϐασιλεύσο-

45 1500 104 1524 μεν.
150 1490 179 1518 Εἰ
223 1489 378 1529 ἀρνούμεθα,
436 1489 559 1522 κακεῖνος
601 1490 741 1529 ἀρνήσεται
783 1491 866 1527 ἡμᾶς.

45 1533 72 1561 Et
114 1533 291 1573 ἀπιστοῦμεν,
345 1533 446 1566 ἐκεῖνος
494 1535 587 1566 πιστὸς
638 1533 722 1571 μένει.
767 1533 867 1573 Ἀρνή-

46 1582 137 1608 σασθαι
181 1581 274 1608 ἑαυτὸν
314 1582 344 1610 οὖ
394 1579 511 1611 δύναται,
553 1585 640 1611 Ταῦτα
681 1581 867 1619 ὑπομίμνησκε

44 1623 298 1663 διαρμαρτυρὸμενος
340 1624 452 1652 ἐνώπιον
492 1629 539 1654 τοῦ
581 1625 685 1664 Κυρίου,
728 1626 767 1663 μὴ
792 1624 870 1664 λογο-

45 1676 146 1707 μαχεῖν
162 1670 200 1701 εἰς
215 1668 287 1697 οὖδὲν
303 1670 436 1709 χρήσιμον
451 1669 494 1697 ἐπὶ
509 1673 676 1710 καταστροφῇ
689 1673 742 1698 τῶν
756 1669 870 1698 ἀκούον-

43 1724 107 1742 των.
125 1712 280 1743 Σπουδάσον
306 1714 414 1742 σεαυτὸν
439 1712 548 1752 δόκιμον
568 1715 734 1753 παραστῆσαι
749 1717 787 1751 τῷ
801 1717 869 1751 Θεῷ,

46 1757 160 1796 ἐργάτην
189 1758 409 1799 ἀνεπαίσχυντον,
439 1758 629 1798 ὀρθοτομοῦντα
650 1759 695 1786 τὸν
724 1758 802 1798 λόγον
823 1760 872 1791 τῆς

46 1801 185 1834 ἀληθείας,
204 1814 218 1830 ι

85 1848 184 1880 Πιστὸς
200 1848 214 1875 6
229 1846 321 1887 λόγος,
344 1848 384 1876 ὅτι
406 1849 430 1876 οἱ
454 1847 572 1876 ἐκλεκτοὶ
600 1846 702 1880 ἐνδόξου
731 1849 775 1876 καὶ
803 1849 869 1876 alw-

47 1891 99 1924 νίας
126 1892 233 1932 τύχωσι
268 1893 411 1932 σωτηρίας,
455 1891 551 1926 Ἐπιόὴ
594 1893 643 1931 γάρ
684 1903 754 1924 τινες
781 1892 869 1932 ἀμφέ-

47 1934 144 1964 emo»
179 1937 245 1975 πρὸς
287 1937 337 1970 τὴν
365 1937 518 1973 ἀνάστασιν,
554 1937 653 1970 ταύτης
695 1936 789 1972 ἐδεήθη
823 1937 870 1970 τῆς

45 1979 227 2017 βεϐαιώσεως.
252 1976 316 2010 ιὈτι
338 1980 362 2009 δὲ
385 1982 478 2013 πιστὸς
501 1983 515 2009 ὁ
542 1981 635 2022 λόγος,
658 1983 701 2010 καὶ
723 1982 776 2010 ἀπὸ
791 1981 870 2020 λογι-

46 2026 118 2062 σμῶν
149 2025 227 2053 αὐτὸν
256 2026 453 2061 κατασκευάζει.
480 2038 494 2054 α
525 2027 554 2054 Εἰ
583 2027 631 2066 γὰρ
658 2026 868 2064 συναπεθάνομεν

45 2073 81 2106 τῷ
103 2073 222 2109 Χριστῷ,
248 2070 366 2105 (θάνατον
394 2070 479 2110 λέγων
506 2071 552 2099 τόν
572 2082 600 2098 τε
629 2070 670 2099 διὰ
686 2071 867 2109 βαπτίσματος

46 2115 86 2142 καὶ
113 2115 146 2142 τὸ
175 2113 218 2142 διὰ
252 2115 428 2155 παθημάτων,
455 2118 547 2144 τοῦτον
575 2114 607 2149 δὴ
635 2116 680 2143 τὸν
715 2115 863 2154 αἰσθητὸν,)

918 241 1032 272 vinctus
1046 241 1114 280 sim,
1132 239 1301 281 praedicatio
1318 250 1377 271 non
1393 245 1441 272 est
1456 241 1544 272 simul
1557 241 1664 278 vincta,
1681 240 1735 272 sed

918 286 1112 326 perambulat.
1129 285 1202 316 Nam
1219 284 1324 316 vinctis
1349 285 1485 316 manibus
1510 285 1610 325 lingua
1636 285 1735 326 loqui-

918 335 975 362 tur.
992 330 1145 371 Siquidem
1173 330 1279 370 linguae
1298 339 1402 361 carcer
1431 330 1511 360 solus
1536 335 1632 361 metus
1647 334 1692 360 est
1706 333 1736 362 et

916 375 1119 406 incredulitas.
1135 375 1205 406 265
1229 375 1290 406 Hoc
1307 378 1405 405 autem
1421 374 1494 404 dicit
1519 374 1607 405 etiam
1625 374 1662 405 ad
1678 383 1734 405 eo-

915 429 980 450 rum
996 419 1231 450 exhorlationem
1247 419 1297 458 qui
1317 418 1406 449 soluti
1421 422 1517 450 erant.
1534 419 1564 449 Si
1582 418 1662 449 enim
1679 427 1732 458 ego

915 464 964 504 qui
981 463 1095 494 vinctus
1109 473 1173 494 sum
1186 463 1395 504 prmdico,quze
1407 463 1492 494 venia
1506 463 1569 494 dari
1583 466 1680 503 potest
1690 462 1736 494 his

913 509 963 549 qui
979 508 1068 540 soluti
1082 513 1150 539 sunt
1168 513 1196 538 et
1211 512 1309 539 tamen
1326 507 1644 548 negligunt?«Propter
1654 507 1735 538 elec-

914 555 1118 593 tos.»Propter
1133 552 1441 593 titleles,inquit,quos
1455 553 1536 584 Deus
1551 551 1654 591 elegit:
1665 561 1733 582 nam

912 598 981 638 quia
1003 599 1082 629 Deus
1106 598 1173 628 illos
1199 597 1299 636 elegit,
1317 600 1436 637 oportet
1460 606 1508 628 me
1523 596 1661 627 universa
1675 595 1753 636 pati,

912 652 964 683 pro
980 642 1065 682 ipsis,
1083 642 1221 682 quoniam
1238 641 1317 672 Deus
1331 651 1450 682 quoque
1466 651 1517 682 pro
1530 641 1616 672 nobis
1629 649 1735 682 passus

911 691 966 727 est,
983 692 1011 717 et
1028 686 1126 726 reipsa
1141 687 1179 717 sit
1198 686 1298 726 aliqua
1326 685 1464 726 repensio
1489 695 1523 717 ac
1552 685 1732 718 retributio:

911 735 941 762 ut
957 731 1044 761 etiam
1061 730 1117 771 ipsi
1133 730 1211 762 sicut
1226 734 1254 761 et
1270 739 1334 767 nos,
1351 730 1459 770 inquit,
1477 731 1601 762 salutem
1626 739 1734 761 conse-

911 779 1049 816 quantur.
1067 775 1109 806 Ac
1126 775 1150 804 si
1166 775 1300 806 diceret:
1318 775 1387 805 Mihi
1413 783 1485 806 sane
1511 774 1615 806 liceret
1630 774 1733 815 procul

910 829 926 850 a
942 819 1082 860 periculis
1098 819 1204 857 vivere,
1222 819 1248 850 si
1264 819 1322 850 mei
1338 819 1430 850 solius
1452 824 1621 860 respectum
1645 818 1733 850 habe-

909 872 972 894 rem
988 875 996 901 ;
1012 863 1063 894 sed
1080 864 1141 895 haec
1157 863 1194 894 ob
1210 863 1334 894 aliorum
1347 863 1424 894 bona
1448 863 1553 903 patior,
1569 867 1601 894 ut
1616 863 1672 904 ipsi
1688 872 1734 894 sa-

911 908 1000 939 lutem
1020 913 1251 948 consequantur.
1272 918 1286 937 ‹
1303 907 1376 944 Quae
1390 908 1481 938 estin
1499 908 1615 940 Christo
1629 907 1731 940 Iesu.»

910 953 1027 984 Diceret
1038 953 1143 993 aliquis
1157 962 1164 984 :
1181 952 1212 984 Si
1229 952 1281 983 tibi
1297 953 1354 993 ipsi
1368 962 1426 983 non
1443 957 1526 994 potes
1541 953 1665 984 salutem
1676 962 1729 984 ac-

910 998 1040 1038 quirere,
1066 997 1118 1028 sed
1145 1006 1214 1028 ecce
1243 997 1405 1028 moriturus
1424 1006 1467 1034 es,
1494 997 1644 1038 quomodo
1666 997 1734 1028 aliis

911 1041 1086 1073 conciliabis
1098 1041 1222 1072 salutem
1235 1041 1248 1072 ί
1261 1041 1344 1072 Etait
1359 1052 1366 1074 :
1383 1041 1446 1073 Non
1462 1042 1499 1072 de
1515 1042 1569 1072 hac
1585 1046 1732 1082 tempora-

913 1086 932 1117 li
948 1087 1005 1117 vita
1024 1087 1138 1126 loquor,
1155 1086 1208 1117 sed
1224 1086 1261 1116 de
1272 1095 1307 1116 ea
1321 1095 1385 1126 quae
1401 1090 1445 1117 est
1468 1086 1498 1116 in
1514 1086 1630 1118 Christo
1648 1085 1732 1126 Jesu,

912 1131 968 1161 hoc
983 1135 1026 1161 est
1038 1139 1102 1170 quae
1118 1139 1170 1170 per
1181 1129 1329 1161 Christum
1341 1131 1451 1162 donata
1467 1134 1524 1168 est,
1541 1138 1606 1170 quas
1620 1133 1732 1160 aeterna

912 1178 968 1214 est,
985 1184 1049 1214 quas
1059 1174 1155 1205 futura
1170 1178 1214 1205 est
1224 1184 1290 1205 cum
1307 1174 1403 1214 gloria
1419 1182 1426 1206 :
1445 1173 1547 1204 mundi
1559 1173 1639 1206 enim
1651 1173 1733 1205 salus

911 1219 1104 1259 ignominiam
1119 1218 1219 1250 habet.

1229 1265 1349 1298 CAPUT
1373 1265 1424 1297 IV.

915 1305 957 1337 De
968 1305 1025 1346 ﬁde
1042 1305 1252 1344 inChristum,
1272 1310 1300 1337 et
1321 1306 1483 1338 tolerantia
1504 1305 1540 1338 ob
1552 1315 1635 1346 spem
1650 1306 1731 1338 vitae.

953 1397 989 1434 ll,
1016 1397 1123 1427 11-15.
1140 1396 1217 1427 Fide
1245 1397 1444 1438 dignissimus
1465 1406 1569 1429 sermo.
1606 1398 1681 1428 Nam
1705 1397 1733 1428 si

911 1444 1089 1472 commortui
1102 1450 1218 1479 sumus,
1235 1444 1262 1472 et
1276 1443 1467 1474 convivemus
1485 1453 1491 1471 :
1508 1441 1731 1482 sisufferimus,

912 1489 940 1518 et
957 1485 1206 1526 conregnabimus
1223 1496 1229 1514 :
1246 1487 1274 1516 si
1296 1496 1453 1527 negamus,
1484 1490 1512 1518 et
1536 1486 1587 1518 ille
1607 1486 1732 1528 negabit

908 1540 963 1562 nos
977 1540 983 1563 :
1000 1532 1028 1562 si
1044 1531 1193 1562 increduli
1207 1532 1378 1569 sumus,ilte
1385 1533 1490 1572 ﬁdelis
1503 1535 1733 1572 manet,negare

908 1576 1041 1615 seipsum
1070 1584 1131 1606 non
1157 1580 1264 1616 potest.
1290 1576 1365 1608 llwc
1394 1577 1524 1609 admone
1560 1580 1731 1607 contestans

910 1629 1011 1650 coram
1029 1619 1169 1660 Domino,
1186 1629 1225 1651 ne
1238 1620 1338 1652 verbis
1362 1622 1541 1653 contendant
1559 1621 1600 1652 ad
1613 1620 1734 1652 nullam

912 1665 1090 1702 utilitatem,
1106 1666 1160 1696 sed
1178 1665 1402 1697 subversc'onem
1415 1666 1615 1698 audientium.
1637 1665 1734 1697 Stude

913 1712 1037 1748 teipsum
1076 1709 1236 1749 probatum
1265 1709 1405 1742 exhibere
1443 1711 1527 1748 Deo,
1558 1712 1734 1751 operarium

913 1763 974 1785 non
1003 1754 1261 1793 erubescendum,
1290 1758 1370 1786 recte
1396 1759 1544 1787 secantem
1565 1763 1733 1786 sermonem

914 1800 1064 1830 veritatis.

957 1843 1046 1874 «Fide
1061 1842 1255 1883 dignissimus
1271 1852 1381 1876 sermo.
1394 1854 1409 1875 ›
1425 1844 1508 1881 Quod
1524 1844 1608 1875 electi
1620 1843 1734 1884 glorio-

913 1897 974 1919 sam
1000 1891 1029 1918 et
1046 1892 1186 1918 aeternam
1205 1893 1404 1929 consequatur
1429 1889 1564 1920 salutem.
1588 1887 1733 1924 Quoniam

913 1932 991 1963 enim
1010 1941 1068 1962 non
1085 1932 1159 1963 nulli
1174 1933 1212 1964 de
1227 1935 1448 1964 resurroctione
1459 1932 1658 1973 ambigebant,
1676 1932 1732 1963 hac

913 1987 986 2017 opus
998 1977 1052 2007 fuit
1063 1977 1391 2014 conﬁrmatione.Quod
1403 1982 1500 2009 autem
1512 1987 1611 2008 sermo
1623 1977 1681 2008 ﬁde
1690 1975 1733 2007 di-

912 2031 986 2061 gnus
1002 2021 1070 2056 sit,a
1094 2021 1257 2052 rationibus
1277 2031 1393 2062 quoque
1414 2023 1579 2054 conﬁrmat.
1595 2020 1692 2052 «Nam
1707 2020 1734 2051 si

909 2066 1086 2096 commortui
1102 2075 1205 2096 sumus
1216 2067 1332 2097 Christo
1351 2068 1489 2107 (mortem
1501 2066 1606 2098 dicens
1624 2069 1653 2097 et
1666 2073 1732 2106 qua:

908 2119 961 2151 per
976 2110 1154 2150 baptismum
1173 2115 1229 2148 est,
1249 2111 1318 2141 266
1338 2116 1367 2142 et
1385 2121 1450 2152 qua:
1466 2121 1519 2152 per
1541 2111 1729 2148 afﬂictiones,

49 2160 88 2187 καὶ
108 2158 365 2196 συμϐασιλεύσομεν.
385 2171 398 2186 ι
430 2159 518 2192 Οὐδεὶς
546 2160 605 2199 γὰρ,
638 2161 714 2200 φησὶ,
736 2160 796 2192 τοὺς
811 2164 863 2187 τῶν

955 2165 1013 2195 npe
1029 2155 1105 2186 hanc
1120 2155 1317 2195 sensibilem),
1335 2156 1422 2188 etiam
1440 2155 1700 2195 conregnabimus.
1715 2166 1728 2182 ι

47 2206 208 2243 σκυθρωπῶν
229 2205 456 2244 κοινωνήσαντας,
485 2208 537 2232 τῶν
559 2208 686 2244 χρηστῶν
712 2204 866 2244 ἀποστερεῖ,

47 2248 156 2287 μήτιγε
181 2248 304 2288 Χριστὸς,
333 2249 350 2282 ἡ
381 2249 576 2287 αὖτοαγαθοτης
605 2249 648 2276 καὶ
676 2247 865 2288 φιλανθρωπία,

49 2303 61 2318 ε
84 2294 111 2321 Εἰ
135 2292 296 2332 ἀρνούμεθα,
320 2293 444 2324 κάκεῖνος
474 2293 615 2332 ἀρνήσεται
637 2294 721 2330 ἡμᾶς,
749 2305 759 2320 ι
798 2293 867 2322 Εἶτα

47 2337 86 2364 αγὶ
105 2337 161 2365 ἀπὸ
190 2340 243 2365 τῶν
264 2336 370 2376 φαύλων
391 2337 483 2368 αὖτοὺς
506 2336 594 2376 φοϐεῖ.
616 2339 666 2366 Τὸν
688 2337 714 2365 δέ
729 2348 759 2377 γε
781 2337 865 2377 ἀρνη-

46 2380 115 2409 θέντα
143 2382 195 2409 ὑπὸ
226 2384 348 2421 Χριστοῦ,
377 2381 459 2410 ἐννόει
488 2383 512 2409 τί
548 2383 642 2410 παθεῖν
677 2382 758 2414 εἰκός,
796 2393 810 2408 α
838 2383 867 2410 Εἰ

47 2425 217 2463 ἀπιστοῦμεν,
247 2425 348 2458 ἐκεῖνος
377 2427 470 2457 πιστὸς
499 2426 584 2464 μένει.
611 2437 622 2454 ι
655 2427 684 2454 Εἰ
707 2426 868 2464 ἀπιστοῦμεν

48 2469 82 2497 ὅτι
108 2470 224 2506 ἀνέστη,
250 2470 267 2504 ἢ
311 2469 351 2498 ὅτι
394 2472 458 2502 Θεός
500 2472 582 2508 ἔστιν,
620 2470 723 2503 ἐκεῖνος
761 2472 867 2506 πιστὸς,

48 2515 189 2554 τουτέστιν,
215 2514 318 2548 ἀληθὴς
349 2514 433 2552 μένει.
465 2515 551 2544 Εἰπὼν
580 2515 630 2554 γὰρ
650 2514 690 2543 ὅτι
720 2515 869 2550 ἀναστήσε-

49 2569 96 2599 ται,
125 2560 171 2588 καὶ
195 2558 236 2587 ὅτι
263 2560 328 2592 Θεὸς
357 2559 438 2599 ἐστιν,
457 2559 495 2599 (ὲν
523 2559 637 2592 πολλοῖς
652 2560 701 2599 γὰρ
717 2563 793 2588 τοῦτο
808 2560 870 2595 ἐσή-

50 2604 150 2645 μανεν),
167 2603 271 2638 ἀληθής
299 2603 382 2634 ἐστιν,
409 2604 521 2638 Ἀνέστη
558 2605 609 2644 γὰρ
630 2607 673 2632 καὶ
701 2604 765 2636 Sed;
787 2604 867 2634 ἐστιν.

49 2645 232 2688 Ἀρνήσασοαι,
277 2649 369 2688 τρησὶν,
395 2649 487 2677 ἑαυτὸν
510 2649 538 2677 οὐ
566 2648 684 2686 δύναται,
708 2649 744 2680 είς
771 2649 802 2676 τὸ
832 2649 870 2686 μὴ

52 2692 111 2722 εἶναι
136 2694 202 2724 Θεὸς
231 2693 249 2727 ἢ
273 2692 426 2732 ἔγηγέρθαι,
457 2688 503 2726 ’.ιὶς
517 2694 538 2722 εἰ
554 2694 631 2722 εἶπεν
648 2703 653 2709 ·
672 2692 751 2723 Οὐδὲν
767 2693 870 2732 παραλ-

51 2735 131 2776 λαγεὶς
174 2738 250 2766 ἐσται
293 2736 336 2765 διὰ.
376 2738 426 2772 τὴν
468 2738 600 2778 ἡμετέραν
641 2737 762 2778 ἄρνησιν,
805 2737 873 2766 ἀλλᾶ

54 2784 135 2815 πιστὸς
164 2782 238 2821 μένει
268 2783 314 2810 καὶ
349 2781 450 2816 ἀληθὴς
478 2783 515 2816 εἰς
555 2783 588 2811 τὰ
611 2784 669 2822 περὶ
689 2783 793 2813 ἑαυτοῦ.
826 2783 874 2812 Καὶ

909 2199 1011 2230 Nullus
1027 2199 1106 2230 enim
1130 2209 1181 2230 eos
1195 2201 1245 2240 qui
1261 2200 1292 2230 in
1309 2201 1442 2231 tristibus
1459 2200 1726 2237 communicarunt,

910 2244 1005 2284 privat
1029 2243 1114 2274 bonis
1140 2253 1175 2275 ac
1204 2245 1356 2285 prosperis
1377 2254 1383 2276 :
1403 2246 1513 2277 nedum
1531 2244 1666 2276 Christus
1681 2243 1732 2284 qui

908 2288 972 2330 ipsa
989 2293 1033 2319 est
1053 2287 1170 2319 bonitas
1193 2299 1226 2320 ac
1252 2289 1432 2330 benignitas.
1453 2302 1466 2317 α
1484 2289 1516 2321 Si
1532 2297 1687 2329 negamus,
1703 2291 1733 2319 et

910 2331 959 2376 ille
975 2334 1093 2373 negabit
1107 2344 1170 2366 nos.
1188 2348 1200 2363 »
1216 2336 1328 2367 Deinde
1345 2336 1381 2367 ab
1397 2336 1444 2368 his
1459 2344 1578 2376 quoque
1594 2335 1732 2366 dehorta.

908 2375 956 2412 tur
980 2391 1045 2421 quae
1071 2381 1148 2412 mala
1173 2387 1252 2413 sunt.
1285 2383 1359 2414 Eum
1389 2375 1565 2423 veroiquem
1582 2380 1734 2421 negaverit

909 2425 1155 2465 Cliristus,cogila
1171 2427 1241 2466 quid
1261 2427 1298 2458 sit
1312 2437 1500 2468 consequens
1515 2426 1585 2467 pati.
1605 2439 1618 2454 α
1635 2426 1667 2457 Si
1682 2425 1732 2456 in—

910 2470 1025 2501 creduli
1040 2479 1154 2510 sumus,
1172 2471 1222 2502 ille
1239 2472 1336 2503 ﬁdelis
1351 2475 1461 2503 manet.
1479 2484 1490 2501 ι
1509 2471 1540 2502 Si
1556 2481 1615 2502 non
1631 2470 1731 2502 credi-

913 2524 979 2545 mus
992 2514 1071 2554 quod
1090 2516 1265 2552 surrexerit,
1282 2522 1332 2547 aut
1348 2516 1427 2557 quod
1443 2515 1522 2547 Deus
1532 2515 1580 2554 sit,
1593 2515 1644 2546 ille
1656 2514 1733 2546 (ide-

913 2559 960 2597 lis,
977 2558 1005 2589 id
1020 2563 1077 2600 est,
1092 2569 1180 2591 verax
1196 2566 1306 2592 manet.
1322 2560 1395 2592 Cum
1411 2561 1490 2592 enim
1508 2560 1615 2591 dixerit
1629 2569 1662 2590 se
1681 2568 1732 2590 re-

913 2607 1128 2641 surrecturum,
1142 2614 1233 2645 seque
1246 2606 1339 2636 Deum
1354 2614 1422 2636 esse
1433 2605 1512 2645 (nam
1524 2604 1580 2636 hoc
1591 2603 1692 2635 multis
1701 2603 1734 2634 in

913 2646 986 2677 locis
997 2648 1286 2688 signiﬁcavit),verax
1297 2654 1342 2681 est
1353 2658 1360 2681 :
1371 2649 1517 2690 siquidem
1531 2652 1560 2680 et
1571 2647 1735 2680 resurrexit

913 2696 942 2722 et
955 2691 1034 2722 Deus
1049 2697 1103 2724 est.
1122 2693 1248 2733 Negare,
1261 2694 1313 2732 ait,
1331 2694 1460 2735 seipsum
1475 2703 1535 2724 non
1551 2692 1735 2734 potest,quin

914 2738 993 2768 Deus
1007 2737 1047 2768 sit
1060 2747 1094 2769 ac
1110 2739 1318 2770 resurrexerit.
1336 2740 1378 2770 Ac
1398 2739 1424 2769 si
1447 2738 1562 2769 diceret
1578 2746 1585 2769 :
1603 2737 1682 2768 Nihil
1696 2735 1733 2766 ob

915 2785 1046 2812 nostram
1056 2783 1241 2822 negationem
1254 2783 1425 2816 immutatus
1436 2781 1547 2821 est,sed
1560 2781 1658 2813 ﬁdelis
1672 2789 1734 2811 ma-
