1942 3078
225 102 285 137 203

795 105 1004 138 mCUMENII
1025 104 1173 138 TRICCxE
1192 106 1357 139 EPISCOPI

1877 104 1925 138 2O

227 173 394 205 secundum
405 181 497 214 opera
502 175 620 213 nostra,
627 172 677 204 sed
691 171 855 204 secundum
861 173 1044 212 propositun

1099 175 1128 202 οὗ
1141 174 1208 203 κατὰ
1223 175 1256 203 τὰ
1270 174 1333 214 ἔργα
1356 175 1445 214 ἡμῶν,
1473 174 1541 203 ἀλλὰ
1563 175 1622 203 κατ’
1651 175 1716 203 ἰδίαν
1745 176 1875 215 πρόθεσιν
1891 186 1925 203 κε

226 221 254 249 et
265 220 400 258 gratiam
407 227 468 259 qua
475 218 557 250 dwta
564 220 606 250 est
621 217 708 248 nobis
724 226 782 258 per
795 217 951 248 Christum
964 217 1044 248 Iesu:

1110 218 1187 257 χάριν
1202 219 1251 253 τὴν
1265 217 1384 248 δοθεῖσαν
1399 219 1467 257 ἡμῖν
1482 220 1508 248 ἐν
1524 223 1628 260 Χριστῷ
1643 219 1730 253 Ἰησοῦ
1751 220 1802 259 πρὸ
1823 219 1921 260 χρόνω

229 267 300 294 ante
315 267 452 304 tempora
462 267 589 294 aeterna.

270 306 424 342 Quomodo
440 311 538 338 autem
549 305 699 337 suscitabo
711 306 822 337 donum
835 305 905 338 Dei?
924 306 954 337 Si
968 305 1059 336 virili-

231 355 278 382 ter
292 351 330 382 ad
346 351 525 382 tentationes
540 350 746 382 etatl‘ectiones
753 350 1054 391 permanseris.«Non

229 395 310 426 enim
326 395 413 426 nobis
428 395 511 426 dedit
524 395 602 426 Deus
618 394 755 435 spiritum
774 395 952 431 timiditatis,
973 407 986 422 ››
1004 394 1056 425 Est

230 439 309 470 enim
326 443 371 470 est
387 439 509 480 spiritus
532 440 594 470 sive
623 439 734 470 donum
750 439 929 479 timiditatis,
947 448 1054 479 quem-

229 483 389 514 admodum
413 483 444 514 in
462 483 548 514 libris
572 485 684 523 Regum
702 483 743 514 ait
760 494 767 515 :
786 485 822 515 Et
837 483 945 514 cecidit
965 492 1056 523 super

230 527 298 559 illos
323 528 444 569 spiritus
471 528 651 566 timiditatis,
679 528 730 559 ubi
753 528 827 559 utile
853 528 976 559 omnino
991 531 1054 559 erat

229 572 408 605 timere.Sed
425 573 684 614 potentiai,inquit,
697 573 807 603 donum
823 572 922 603 datum
937 576 982 603 est
997 581 1052 603 no—

229 616 288 648 bis.
309 629 320 647 α
338 618 492 650 Potentiae.
511 630 522 647 lt
541 617 612 654 Quae
627 621 672 648 est
689 617 832 648 adversus
861 616 1051 647 tentationes.

232 673 245 690 α
261 661 445 693 Dilectionis.
465 675 478 691 κ
497 662 569 699 Quae
584 666 628 693 est
643 670 714 701 erga
728 662 845 693 fratres.
869 673 879 689 ι
896 660 1052 692 Sobrieta-

229 706 277 738 tis.
297 719 309 737 ι
329 708 416 739 Circa
429 711 542 739 rectam
557 707 659 738 vitam.
677 706 718 738 Im
734 707 783 738 his
797 711 896 738 autem
914 706 1052 737 omnibus

229 751 385 785 inferenda
400 753 487 784 etiam
505 755 549 783 est
563 761 580 783 a
599 751 687 783 nobis
713 750 806 782 animi
835 750 1049 792 promptitudo.

227 795 271 828 Ne
284 796 375 837 igitur
387 802 415 828 te
424 797 532 838 pudeat
543 796 705 827 testimonii
718 795 837 827 Domini
848 795 952 826 nostri.
960 795 1051 827 nMul-

230 840 252 872 ti
272 841 410 872 homines
433 841 608 876 miserrimi,
633 840 864 880 dispensationis
880 839 1050 880 mysterium

227 885 311 925 juxta
338 886 484 917 humanas
509 885 640 916 rationes
664 884 886 923 investigantes,
905 883 1049 924 pudorem

229 939 297 961 esse
311 930 415 962 dicunt
429 929 454 961 si
469 929 523 961 Dei
538 929 645 961 Filium
661 929 833 960 cruciﬁxum
859 937 924 959 esse
940 927 1049 968 praedi-

228 979 341 1012 carent,
357 975 531 1015 ignorantes
547 974 617 1014 quid
631 973 797 1014 praestitum
813 973 850 1003 sit
861 982 914 1014 per
929 981 1049 1003 crucem

225 1024 256 1051 et
271 1024 397 1051 mortem
423 1019 553 1052 Domini.
570 1018 613 1050 Te
641 1019 729 1058 igitur
750 1027 787 1049 ne
802 1018 921 1058 pudeat,
938 1017 1045 1058 inquit,

225 1064 390 1096 testimonii
405 1064 467 1095 sive
482 1063 686 1104 martyrii,hoc
707 1067 751 1094 est
766 1062 912 1103 passionis
923 1061 1043 1098 Christi,

225 1109 280 1140 sed
297 1109 392 1140 libere
408 1108 545 1150 pradica.
562 1120 575 1136 α
591 1107 694 1148 Neque
710 1107 769 1138 mei
784 1107 835 1147 qui
850 1115 915 1137 sum
930 1106 1046 1136 vinctus

224 1152 316 1185 illius.
335 1165 348 1181 ι
366 1152 468 1194 Neque
491 1156 521 1184 te
539 1152 648 1193 pudeat
662 1151 739 1192 quod
765 1161 833 1182 eum
858 1151 908 1190 qui
929 1151 1045 1181 vinctus

225 1201 270 1228 est
283 1198 393 1229 habeas
409 1195 670 1238 praeceptorem.Si
685 1196 764 1227 enim
781 1195 915 1227 Christus
925 1194 962 1225 ob
978 1203 1046 1225 cru-

225 1251 291 1274 cem
318 1252 378 1274 non
402 1237 531 1278 erubuit,
558 1250 657 1281 neque
685 1250 738 1280 ego
759 1240 796 1271 ob
810 1239 938 1270 vincula.
958 1251 970 1267 α
989 1237 1046 1270 Sed

224 1287 371 1327 particeps
387 1289 451 1317 esto
467 1285 693 1317 afﬂictionum.»
705 1284 765 1315 Nec
774 1283 869 1315 solum
880 1287 909 1315 te
919 1291 979 1314 non
990 1292 1046 1323 pu-

225 1330 501 1369 deat,verumetiam
523 1339 581 1360 una
597 1339 714 1361 mecum
729 1328 878 1370 particeps
893 1331 956 1358 esto
968 1327 1046 1357 aﬂli-

224 1374 356 1405 ctionum
367 1384 373 1406 :
384 1375 441 1406 hoc
464 1373 556 1411 est,Si
570 1377 601 1405 et
610 1378 640 1405 te
651 1376 784 1414 oporteat
798 1371 969 1413 hujusmodi
989 1371 1048 1412 pati

227 1422 348 1459 propter
361 1418 564 1458 Evangelium,
582 1427 620 1449 ne
636 1417 789 1448 formides.
805 1415 878 1447 Nam
893 1416 951 1446 hoc
961 1423 1047 1455 supe-

1105 263 1228 294 αἷωνίων,
1247 275 1261 291 n

1142 309 1202 340 Πῶς
1216 307 1243 336 δὲ
1258 307 1457 348 ἁναζωπυρήσω
1469 309 1501 337 τὸ
1525 308 1644 349 χάρισμα
1666 314 1714 339 τοῦ
1743 312 1809 338 Θεοῦ
1825 318 1833 347 ;
1866 309 1925 338 Ἐὰ-

1097 355 1162 390 στῇς
1190 353 1254 392 πρὸς
1276 354 1438 393 πειρασμοὺς
1468 354 1606 393 γενναίως.
1639 363 1653 383 ι
1683 356 1719 384 Οὖ
1747 354 1797 393 γὰρ
1829 353 1925 382 ἔδωκε’

1096 398 1163 434 ἡμῖν
1178 401 1281 436 πνεῦμα
1309 397 1417 430 δειλίας.
1447 409 1460 426 ι
1488 393 1551 427 "Evr
1577 399 1693 438 γὰρκαὶ
1722 402 1837 436 πνεῦμα,
1869 401 1925 426 οἷος

1096 442 1216 482 χάρισμα
1243 441 1350 481 δειλίας,
1378 443 1415 475 ὡς
1445 443 1472 471 ἐν
1492 450 1553 474 ταῖς
1576 442 1726 474 Βασιλείαις
1753 443 1819 483 ιρησί
1835 451 1842 458 “
1879 444 1925 472 Καῖ

1096 486 1222 515 ἐπέπεσεν
1257 487 1297 515 ἐπ’
1326 488 1418 520 αὐτοὺς
1444 491 1547 526 πνεῦμα
1575 486 1683 524 δειλίας,
1706 487 1766 515 ’ἑθνα
1794 487 1925 527 συμφέρει

1094 531 1200 563 πάντως
1220 531 1251 560 τὸ
1280 530 1378 568 δειλιᾷν
1396 541 1404 549 '
1425 531 1485 560 ἀλλ’
1512 533 1592 570 ἡμῖν,
1609 532 1684 572 φησὶ,
1707 533 1831 572 χάρισμα
1847 531 1925 560 δυνά-

1095 586 1165 613 μεως
1186 574 1297 606 δέδοται.
1319 587 1332 603 α
1352 577 1505 615 Δυνάμεως.
1529 588 1540 604 ι
1566 579 1621 610 Τῆς
1648 577 1713 616 πρὸς
1745 577 1925 616 πειρασμοῷ.

1095 620 1227 660 Ἀγάπης.
1258 632 1270 648 I
1301 623 1356 654 Τῆς
1385 622 1450 661 πρὸς
1477 622 1536 654 τοὺς
1572 620 1708 662 ἀδελφούς.
1742 633 1756 648 ι
1785 625 1924 661 Σιικρρονι-

1094 668 1172 702 σμοῦ.
1197 677 1211 693 ι
1243 666 1304 704 Περὶ
1329 665 1385 704 βίον
1413 665 1500 706 ὀρθόν.
1517 665 1575 706 Ἐφ’
1597 665 1679 694 ἂπασι
1700 664 1728 694 δὲ
1743 666 1864 702 τούτοις,
1882 667 1925 694 καὶ

1092 710 1163 747 ἡμᾶς
1179 709 1358 738 συνεισεκτέον
1376 710 1426 743 τὴν
1448 711 1603 750 προθυμίαν.
1635 721 1649 738 ι
1682 710 1726 744 Μὴ
1762 710 1810 738 οὖν
1839 710 1924 739 ἐπαι-

1092 755 1208 794 σχυνθῇς
1231 755 1262 782 τὸ
1297 755 1436 794 μαρτύριον
1464 758 1510 783 τοῦ
1540 755 1632 794 Κυρίου
1661 755 1749 793 ἡμῶν.
1782 766 1794 784 ι
1821 755 1924 783 Πολλοὶ

1092 798 1233 838 τρισάθλιοι
1260 797 1390 838 ἂνθρωποι
1419 799 1560 838 λογισμοῖς
1591 799 1762 839 ἀνθρωπίνοις
1790 801 1822 828 τὸ
1853 801 1922 828 κατά

1092 843 1142 877 τὴν
1181 844 1330 881 οἰκονομίαν
1375 843 1536 880 ἐξετάζοντες
1586 845 1744 884 μσστήριον,
1786 845 1922 884 αἰσχύνην

1093 887 1164 916 εἶναι
1194 887 1327 928 λέγουσιν,
1356 889 1378 916 εἰ
1399 889 1444 916 τὸν
1474 890 1534 916 Υἱὸν
1561 892 1607 916 τοῦ
1643 892 1708 917 Θεοῦ
1736 888 1920 928 σταυρωθέντα

1091 931 1240 972 κηρύξαιεν,
1269 932 1423 971 ἀγνοοῦντες
1457 933 1483 960 τί
1510 934 1678 973 κατωρθοῦτο
1702 931 1744 961 διὰ
1764 936 1811 962 τοῦ
1841 944 1920 961 σταυ-

1091 982 1137 1015 ροῦ
1150 978 1193 1006 καὶ
1213 980 1259 1006 τοῦ
1286 977 1398 1006 Θανάτου
1425 978 1472 1006 τοῦ
1499 977 1604 1017 Κυρίου.
1640 980 1676 1005 Σὺ
1698 977 1755 1015 οὖν,
1777 978 1857 1017 ψησὶ,
1881 979 1918 1015 μὴ

1091 1021 1269 1062 ἐπαισχυνθῇς
1306 1022 1336 1050 τὸ
1370 1022 1522 1062 μαρτύριον,
1551 1022 1680 1059 τουτέστι,
1710 1024 1756 1050 τὸν
1792 1024 1918 1062 σταυρὸν,

1086 1069 1133 1094 τοῦ
1160 1069 1286 1106 Χριστοῦ,
1322 1066 1390 1095 ἀλλὰ
1419 1072 1534 1106 κήρυσσε
1556 1066 1698 1106 παρῥησίᾳ,
1727 1078 1738 1094 σ
1770 1066 1848 1100 Μηδὲ
1871 1067 1917 1105 ἐμὲ

1086 1111 1131 1139 τὸν
1147 1109 1264 1149 δέσμιον,
1282 1122 1294 1141 ι
1326 1111 1412 1148 Μηδὲ,
1441 1111 1480 1139 ὅτι
1509 1111 1583 1152 ἔχεις
1612 1111 1718 1149 δέσμιον
1744 1110 1914 1149 δι’δάσίιιοιλον1

1087 1154 1276 1195 ἐπαισχυνθῇς.
1307 1157 1336 1185 Ei
1364 1156 1413 1196 γὰρ
1440 1157 1464 1184 ἃ
1482 1157 1594 1196 Χριστὸς
1623 1156 1671 1185 οὒκ
1693 1156 1854 1196 ἐπῃσχύνθη
1870 1157 1915 1184 τὸν

1088 1200 1208 1238 σταυρὸν,
1232 1198 1290 1227 οῦδὲ
1315 1199 1368 1239 ἐγὼ
1397 1200 1430 1228 τὰ
1450 1199 1545 1238 δεσμά.
1576 1212 1590 1228 σ
1620 1199 1704 1229 Ἀλλὰ
1733 1200 1908 1238 συγκακοπά-

1087 1244 1179 1276 θησον.
1199 1255 1213 1271 ι
1238 1245 1287 1273 Καὶ
1314 1245 1353 1282 μὴ
1381 1244 1547 1284 ἐπαισχυθῇς
1569 1245 1661 1283 μόνον,
1687 1243 1755 1274 αλλὰ
1777 1245 1824 1272 καὶ
1855 1256 1913 1283 συγ-

1088 1288 1275 1322 κακοπάθησον
1304 1288 1363 1326 μετ’
1391 1289 1456 1327 ἐμοῦ
1472 1297 1480 1305 ⁵
1510 1289 1654 1326 τουτέστιν,
1685 1289 1714 1317 Εἰ
1736 1287 1788 1317 δέοι
1815 1289 1862 1317 καὶ
1885 1289 1910 1316 σὲ

1089 1335 1196 1360 τοιαῦτα
1225 1334 1319 1361 παθεῖν
1346 1332 1388 1361 διὰ
1415 1334 1446 1362 τὸ
1481 1333 1654 1374 Εὖαγγέλιον,
1686 1333 1725 1372 μὴ
1761 1331 1908 1371 δειλιεὶσ-ῃς.

1089 1380 1170 1405 Τοῦτο
1204 1377 1252 1417 γὰρ
1286 1376 1390 1416 ᾐνίξατο
1425 1379 1469 1406 καὶ
1503 1378 1558 1406 ἄνω
1586 1379 1645 1407 ἔνθα
1676 1379 1767 1418 φησὶν,
1798 1378 1836 1407 Οὔ
1864 1379 1908 1417 γὰρ

1089 1420 1216 1460 ἐλάϐομεν
1245 1423 1348 1459 πνεύμα
1374 1421 1483 1460 δειλίας,
1511 1422 1579 1452 ἀλλὰ
1607 1422 1753 1461 δυνάμεως.
1795 1432 1808 1450 ιι
1841 1423 1906 1451 Κατᾶ

225 1462 289 1507 rius
300 1472 418 1504 quoque
429 1462 592 1501 innuit,ubi
605 1463 645 1493 ait
653 1461 728 1493 :Non
738 1461 902 1501 accipimus
911 1459 1044 1507 spiritum

1089 1459 1196 1504 δύναμιν
1232 1470 1308 1498 Θεοῦ.
1339 1467 1408 1495 Εἶτα
1436 1468 1480 1495 καὶ
1508 1468 1648 1507 προτρέπει
1671 1459 1762 1498 αὐτόν.
1794 1467 1840 1501 Μὴ
1862 1467 1905 1506 γὰρ

223 1506 460 1544 timiditatis,sed
476 1507 638 1548 potestatis.
659 1517 672 1535 ι
684 1505 770 1537 Juxta
784 1505 838 1537 Dei
852 1504 1044 1546 potentiam.»

226 1551 344 1582 Deinde
360 1552 449 1583 etiam
466 1551 638 1583 exhortatur
654 1551 814 1582 illum.Non
823 1550 902 1580 enim
915 1548 1045 1589 propria,

223 1594 331 1636 inquit,
360 1598 490 1637 potentia
514 1595 594 1627 vales
619 1595 766 1626 sustinere
789 1595 977 1630 aﬂlictiones,
993 1593 1046 1624 sed

224 1638 304 1671 Deus
329 1640 500 1680 hujusmodi
527 1640 611 1671 dedit
638 1639 779 1680 dabitque
807 1638 985 1679 potentiam,
1015 1641 1046 1668 tu

224 1685 313 1716 modo
341 1685 372 1716 id
397 1685 504 1716 aﬂ‘eras
528 1688 562 1715 ut
582 1684 613 1716 in
637 1685 694 1715 hoc
720 1687 874 1725 promptus
889 1683 941 1714 sis.
959 1694 970 1710 α
989 1681 1046 1718 Qui

223 1729 320 1760 salvos
331 1729 402 1761 fecit
417 1729 554 1761 nos-Ad
571 1729 634 1760 haec
649 1728 843 1770 probationes
857 1730 996 1758 recenset
1008 1727 1045 1757 de

225 1773 323 1805 divino
332 1774 443 1806 auxilio
455 1783 490 1805 ac
504 1773 716 1815 potentia,quae
728 1773 758 1804 id
770 1772 861 1804 efﬁcit
875 1776 906 1802 ut
921 1771 1047 1802 viriliter

224 1818 386 1850 toleremus
411 1819 590 1850 afﬂictiones
606 1822 636 1849 et
650 1818 787 1858 injurias.
805 1816 919 1854 Salvos,
934 1816 1043 1856 inquit,

221 1862 291 1894 iecit
305 1872 359 1894 nos
374 1863 412 1894 de
427 1867 521 1894 morte
534 1863 660 1903 peccati,
677 1867 706 1894 et
717 1861 830 1893 vocavit
847 1870 900 1892 nos
914 1860 1043 1892 vocatio-

220 1907 301 1940 tione
307 1912 410 1940 sancta
416 1917 482 1938 cum
493 1907 789 1938 obsnrdesceremus:
806 1915 865 1937 non
873 1905 953 1945 quod
962 1905 1044 1944 digni

221 1960 356 1984 essemus
370 1952 535 1990 vocatione,
549 1951 618 1983 259
633 1951 686 1982 sed
696 1951 760 1992 ipse
775 1960 828 1981 suo
847 1950 997 1991 proposito
1014 1953 1043 1980 et

215 1996 309 2036 gratia
325 1997 382 2028 hoc
397 1996 504 2028 etiecit.
521 1996 578 2033 Qui
600 1997 699 2036 igitur,
716 1995 811 2036 inquit
825 1995 904 2035 (nam
921 1996 982 2025 haec
998 1998 1042 2025 est

215 2042 389 2082 sententia),
400 2042 470 2072 dum
487 2041 600 2073 inimici
617 2050 751 2072 essemus
764 2040 806 2071 ita
823 2049 893 2079 erga
917 2048 972 2070 nos
987 2039 1041 2082 fuit

217 2085 352 2125 affectus,
378 2086 471 2117 multo
487 2086 581 2125 magis
597 2094 664 2117 cum
683 2085 772 2116 amici
797 2084 865 2115 facti
890 2084 993 2122 simus,
1012 2087 1041 2114 et

1090 1511 1182 1550 οίκείᾳ³
1213 1511 1288 1551 φησὶ,
1311 1510 1417 1549 δυνάμει
1444 1511 1516 1552 ἔχεις
1538 1513 1748 1552 κακοπαθῆσαι;
1781 1507 1811 1540 Ὀ
1848 1512 1905 1542 Θεὸς

1088 1555 1137 1589 τὴν
1152 1556 1277 1589 τοιαύτην
1298 1554 1378 1584 ἔδωκέ
1393 1566 1421 1584 τε
1449 1557 1493 1584 καὶ
1520 1555 1597 1585 δώσει
1624 1555 1731 1594 δύναμιν
1749 1564 1756 1572 ·
1782 1557 1813 1584 σὺ
1830 1556 1903 1594 μόνον

1088 1600 1118 1627 τὸ
1139 1601 1336 1640 προθυμηθῆναι
1352 1601 1486 1640 εἰσάγαγε,
1517 1611 1528 1628 ι
1552 1605 1604 1630 Τοῦ
1624 1601 1757 1633 σώσαντος
1786 1601 1869 1638 ἡμᾶς.
1892 1611 1903 1626 ι

1088 1643 1157 1672 Εἶτα
1185 1645 1228 1673 καὶ
1255 1647 1304 1678 τῆς
1334 1644 1504 1684 συμπράξεως
1532 1645 1577 1673 τοῦ
1606 1648 1672 1674 Θεοῦ
1700 1646 1743 1674 καὶ
1764 1647 1816 1678 τῆς
1839 1644 1903 1673 δυνά-

1087 1698 1170 1725 μεως,
1192 1691 1242 1722 τῆς
1257 1688 1343 1729 φέρειν
1368 1689 1493 1728 γενναίως
1509 1689 1637 1722 ποιούσης
1659 1690 1719 1721 τοὺς
1743 1689 1901 1729 πειρασμοὺς

1085 1733 1129 1760 καὶ
1142 1733 1192 1766 τὴν
1205 1728 1391 1770 κακοπάθειαν,
1416 1732 1488 1773 λέγει
1516 1734 1562 1766 τὰς
1590 1732 1746 1767 ἀποδείξεις.
1778 1728 1899 1762 ’Ἐσωσεν

1086 1778 1169 1817 ἡμᾶς,
1198 1779 1288 1818 φησὶν,
1318 1777 1348 1806 ἐκ
1375 1780 1420 1806 τοῦ
1448 1779 1559 1807 θανάτου
1588 1781 1638 1813 τῆς
1680 1778 1823 1818 ἁμαρτίας,
1863 1777 1899 1805 καὶ

1086 1821 1209 1850 ἐκάλεσεν
1237 1823 1308 1860 ἡμᾶς
1337 1821 1429 1857 κλήσει
1472 1823 1543 1862 ἁγίᾳ,
1585 1823 1816 1862 ἀποσκιρτιῖητας,
1859 1822 1898 1850 οὒκ

1085 1865 1175 1900 ἐπειδὴ
1203 1865 1269 1899 ἄξιοι
1298 1869 1365 1905 ἦμεν
1392 1869 1441 1900 τῆς
1470 1867 1604 1906 κλήσεως,
1634 1866 1694 1895 ἀλλ’
1723 1868 1804 1899 αὒτὸς
1826 1866 1899 1900 οἰκείᾳ

1083 1910 1202 1949 προθέσει
1230 1912 1274 1939 καὶ
1298 1912 1388 1951 χάριτι
1409 1916 1485 1941 τοῦτο
1518 1912 1673 1945 πεποίηκεν.
1705 1907 1733 1941 (Ο
1764 1912 1821 1950 οὖν,
1843 1910 1898 1951 φησί

1084 1954 1170 1993 (τοῦτο
1185 1955 1235 1995 γὰρ
1257 1956 1287 1983 τὸ
1310 1955 1502 1996 ἀποτέλεσμα),
1532 1956 1642 1996 ἐχθροὺς
1672 1955 1749 1989 ὄντας
1771 1956 1841 1985 οὕτω
1863 1955 1897 1982 δι-

1081 1999 1215 2040 τεθεικὼς,
1253 1999 1344 2037 πολλῷ
1373 1999 1472 2038 μᾶλλον
1501 2000 1585 2040 φίλοις
1621 2000 1744 2040 γεγονόσι
1769 2002 1814 2028 καὶ
1842 1998 1896 2036 ὑπὲρ

1081 2045 1160 2072 αὐτοῦ
1183 2046 1344 2073 κακοπαθεῖν
1372 2044 1535 2083 βουληθεῖσι,
1559 2044 1637 2073 δώσει
1664 2044 1773 2083 δύναμιν
1803 2046 1839 2076 εἰς
1870 2044 1893 2070 τὸ

1079 2088 1271 2128 περιγενέσθαι.
1303 2101 1317 2116 α
1356 2090 1405 2119 Καὶ
1441 2090 1519 2130 χάριν
1553 2089 1602 2124 τήν
1630 2088 1751 2118 δοθεῖσαν
1781 2091 1848 2127 ἡμῖν
1870 2087 1891 2115 ἐν

212 2138 266 2170 pro
283 2139 318 2161 eo
334 2130 426 2171 aﬂligi
441 2130 605 2171 cupiamus.
619 2131 781 2175 potentiam
793 2129 875 2175 dabit
889 2133 921 2159 ut
936 2128 972 2159 ad
982 2138 1036 2175 vir

1088 2137 1194 2172 (ριστῷ.
1213 2145 1227 2162 ι)
1246 2135 1380 2163 Δείκνυσιν
1393 2134 1433 2162 ὅτι
1449 2135 1480 2163 τὸ
1507 2134 1612 2169 δοθῆναι
1635 2135 1704 2172 ἡμῖν
1731 2135 1824 2175 χάριτι
1850 2132 1890 2164 τὴν

213 2177 290 2205 tutes
305 2175 474 2206 evadamus.
495 2187 508 2203 α
525 2175 562 2206 Et
576 2174 699 2214 gratiam
717 2183 783 2214 quae
798 2174 866 2204 data
882 2177 926 2203 est
950 2173 1036 2204 nobis

210 2227 265 2259 per
277 2219 438 2252 Christum.
457 2232 470 2247 ι
488 2218 625 2252 Ostendit
640 2219 717 2259 quod
730 2219 857 2249 salutem
869 2217 955 2248 nobis
972 2218 1036 2248 dari

209 2271 263 2303 per
278 2263 508 2299 Chrisiumtnam
521 2264 549 2292 ἓν
557 2263 672 2304 capitur
685 2272 738 2304 pro
748 2263 833 2301 διὰ,ἱά
844 2262 1037 2303 est,in,prop—

210 2308 354 2347 ter)antea
367 2309 585 2349 praeﬁguratum
597 2311 661 2338 erat
671 2312 739 2338 ante
757 2311 888 2348 tempora
905 2311 1028 2338 aiterna.

247 2356 270 2393 Ι,
278 2355 339 2387 10~t
347 2356 378 2388 4.
387 2355 547 2396 Manifesta
555 2359 597 2386 est
607 2359 709 2386 autem
718 2363 858 2394 nuncper
865 2355 1029 2395 apparitio-

206 2408 277 2431 nem
283 2401 456 2432 Saluatoris
462 2399 822 2440 nostriJesuChristz‘,qut
830 2403 958 2431 mortem
964 2407 1003 2439 qu
1008 2399 1030 2430 ἰ-

205 2443 274 2475 dem
292 2445 424 2476 abolem't
436 2470 443 2486 ,
457 2446 551 2476 vitam
566 2448 665 2476 autem
677 2445 710 2475 in
723 2443 816 2475 lucem
829 2444 979 2484 produxit
993 2453 1029 2475 ac

204 2490 465 2522 immortalitatem
477 2498 532 2531 per
551 2489 767 2529 Evangelium,
794 2490 826 2519 in
846 2489 924 2529 quod
945 2489 1028 2529 posi-

203 2536 252 2564 tus
266 2543 334 2565 sum
349 2542 403 2575 ego
416 2543 534 2575 precem
559 2538 588 2565 et
610 2533 760 2574 apostolus
782 2542 817 2565 ac
835 2534 939 2565 doctor
952 2543 1027 2574 gen-

206 2580 284 2610 tium
297 2587 307 2609 :
322 2587 417 2619 quam
431 2579 467 2610 ob
481 2587 605 2610 causam
627 2581 719 2609 etiam
742 2587 798 2610 nec
817 2579 931 2619 patior,
945 2582 1027 2610 atta-

201 2631 269 2654 men
291 2632 351 2655 non
379 2624 532 2656 erubesco.
549 2623 627 2656 Novi
654 2624 736 2654 enim
761 2625 811 2654 cui
834 2623 1025 2665 crediderim,

202 2672 361 2708 certusque
373 2677 441 2700 sum
455 2669 534 2710 quod
547 2671 651 2710 potens
673 2668 712 2699 sit
735 2667 904 2708 depositum
927 2676 1026 2700 meum

200 2713 351 2746 custodire
360 2714 394 2746 ta
404 2713 493 2747 illum
500 2713 591 2747 diem.
606 2713 750 2745 Formam
761 2712 868 2744 habeto
881 2721 1024 2744 sanorum

1078 2179 1208 2217 σωτηρίαν
1239 2177 1281 2206 διὰ
1309 2183 1355 2207 τοῦ
1382 2183 1494 2219 Χριστοῦ
1515 2180 1602 2217 (τοῦτο
1629 2179 1700 2218 λέγει
1731 2179 1757 2206 ἐν
1795 2179 1889 2218 Χριστῷ

1077 2221 1191 2263 Ἰησοῦ),
1217 2223 1453 2262 προτετυπωμένον
1492 2226 1526 2257 ἦν
1563 2223 1660 2252 ἄνωθεν
1708 2224 1759 2263 πρὸ
1794 2222 1886 2263 χρόνων

1077 2267 1198 2297 αἰωνίων.

1116 2368 1130 2384 α
1153 2358 1354 2397 Φανερωθεῖσαν
1382 2355 1409 2384 δὲ
1437 2362 1481 2386 νῦν
1511 2356 1552 2386 διὰ
1581 2359 1630 2391 τῆς
1658 2358 1809 2398 ἐπιφανείας
1848 2356 1904 2382 τοδί

1071 2402 1196 2441 Σωτῆρος
1244 2402 1322 2440 ἡμῶν
1372 2400 1460 2435 Ἰησοῦ
1502 2405 1626 2442 Χριστοῦ,
1679 2403 1881 2442 καταργήσαντος

1070 2446 1119 2484 μὲν
1160 2447 1206 2474 τὸν
1259 2446 1381 2482 θάνατον,
1439 2447 1600 2486 φωτίσαντος
1655 2446 1683 2475 δὲ
1739 2450 1811 2483 ζωὴν
1847 2442 1880 2471 καὶ

1070 2491 1211 2531 ἀφθαρσίαν
1253 2489 1295 2519 διὰ
1344 2494 1390 2519 τοῦ
1442 2491 1612 2532 Εὖαγγελίου,
1664 2493 1700 2524 είς
1743 2492 1758 2520 ὃ
1800 2489 1878 2519 ἐτέθην

1070 2535 1123 2575 ἐγὼ
1160 2535 1241 2575 κήρυξ
1273 2536 1317 2564 καὶ
1351 2535 1500 2568 ἀπόστολος
1528 2537 1571 2565 καὶ
1600 2535 1757 2570 διδάσκαλος
1798 2535 1875 2567 ἐθνῶν,

1069 2578 1102 2607 δι’
1137 2580 1169 2613 ἢν
1198 2579 1281 2608 αἰτίαν
1310 2580 1354 2608 καὶ
1387 2585 1469 2609 ταῦτα
1497 2581 1609 2621 πάσχω,
1640 2580 1700 2610 ἀλλ’
1736 2582 1782 2610 οὒκ
1810 2579 1875 2607 ἐπαι-

1068 2624 1212 2664 σχύνομαι,
1255 2623 1322 2653 Οἶδα
1363 2625 1413 2664 γὰρ
1454 2627 1477 2663 ᾧ
1517 2626 1689 2663 πεπίστευκα,
1725 2627 1768 2655 καὶ
1792 2623 1873 2652 πέπει-

1068 2680 1146 2707 σμαι,
1190 2668 1230 2697 ὅτι
1271 2667 1378 2702 δυνατός
1434 2670 1489 2698 ἐστι
1542 2671 1592 2704 τὴν
1643 2672 1797 2711 παραθήκην
1833 2674 1873 2704 μου

1069 2712 1179 2754 φυλάξαι
1221 2715 1257 2746 εἷς
1305 2715 1407 2749 ἐκείνην
1455 2716 1505 2750 τὴν
1550 2715 1663 2756 ἡμέραν.
1709 2711 1873 2744 ιΥαινιότύτῐιικην
