1942 3078
761 143 967 176 (ECUMENII
989 139 1137 174 TRICCE
1157 139 1323 173 EPISCOPI
1830 137 1886 169 208

527 210 647 244 CAPUT
664 210 703 242 ΙΙ.
1037 212 1058 237 Α

1037 212 1058 237 Α
1387 210 1512 238 ΚΕΦΑΛ.
1537 202 1578 237 B'.

206 255 254 287 De
267 257 460 289 convenienti
477 257 642 288 traditione
653 256 829 287 divinorum
839 256 973 296 dogmati

1120 256 1163 295 [ιρὶ
1176 255 1224 290 τῆς
1251 255 1415 295 ἁρμοζούσης
1437 253 1603 302 μξταόόσεως
1625 257 1677 282 τῶν
1699 254 1775 282 θείων
1793 253 1887 292 δογμά-

1429 306 1495 326 των,
1511 306 1523 322 11

206 141 266 176 207

245 344 269 384 Ι,
284 346 388 377 15-15.
414 345 500 376 Nosti
513 345 567 376 hoc
580 344 660 384 quod
676 344 831 376 adversati
846 353 892 375 me
913 344 1012 383 fuerin

1121 354 1124 370 ι
1157 342 1240 375 Οἶδας
1261 346 1337 372 τοῦτο
1365 342 1405 371 ὅτι
1441 341 1646 382 ἀπεστράφησάν
1683 352 1722 384 με.
1745 341 1842 372 πάντες
1867 342 1888 368 οἱ

206 381 308 421 omnes
319 390 372 429 qui
386 392 457 421 sunt
471 390 504 420 in
519 381 608 427 Astu,
633 397 763 428 quorum
777 392 819 420 est
834 381 973 429 Pryg'elut

1136 390 1170 426 τῇ
1204 387 1279 424 Ἀσίᾳ
1312 389 1350 416 ὦν
1389 387 1445 416 ἐστι
1474 381 1607 428 Φρύγελος
1642 387 1686 415 καὶ
1715 381 1887 424 Ἑρμογένης.

207 433 418 474 Hermogenes.
439 434 492 464 Det
515 433 582 464 261
609 434 847 464 misericordiam
877 433 974 464 Domi:

1121 443 1132 466 η
1163 431 1239 464 ἕλεος
1280 433 1294 460 ὁ
1328 432 1421 472 Κύριος
1456 435 1495 470 τῷ
1524 430 1699 471 Ὀνησιφόρου
1733 430 1811 470 οἴκῳ,
1850 430 1888 458 ὅτι

206 477 384 518 Onesipkon'
392 477 681 518 familiw,quoniam
691 480 801 518 περίεις
812 487 859 508 me
873 477 973 517 refocil

1123 476 1196 510 λάκις
1224 487 1256 515 με
1284 475 1400 515 ἒνέψυξε,
1437 477 1480 505 καὶ
1517 477 1567 510 τὴν
1614 474 1705 518 ἅλυσίν
1747 486 1798 513 μου
1846 477 1890 504 οὒκ

205 523 261 559 vit,
277 515 304 553 et
317 522 354 553 de
371 515 477 554 eatena
492 515 562 554 meo
581 531 642 553 non
657 515 792 561 erubuit,
804 522 857 554 sed
871 515 936 553 cum
951 531 972 553 ει

1122 522 1233 562 σχύνθη,
1278 521 1347 550 ἀλλᾶ
1387 522 1528 560 γενόμενος
1584 520 1610 549 ἓν
1655 515 1758 560 Ῥώμῃ,
1804 530 1888 547 σπου-

204 566 319 604 Roma,
335 566 490 598 studiosus
502 567 642 607 quaesivit
656 575 713 602 me,
728 570 755 598 et
784 569 911 598 invenit.
929 567 971 598 De

1122 567 1200 606 ἔτερον
1241 566 1353 602 ἐζήτησέ
1395 577 1428 604 με
1469 567 1513 596 καὶ
1555 567 1624 605 εὗρε,
1671 566 1733 602 Δῴη
1775 566 1848 602 αὓτῷ
1877 565 1889 591 ὃ

205 610 360 648 Dominus,
372 614 406 642 ut
419 611 558 642 inveniat
571 611 814 642 misericordiam
827 611 913 651 apud
927 611 972 642 Do

1124 622 1161 642 ιος
1197 611 1283 650 εὑρεῖν
1318 611 1390 644 ἔλεος
1426 611 1497 650 παρᾶ
1538 611 1630 650 Κυρίου
1673 610 1700 639 ἐν
1735 609 1821 648 ἐκείνῃ
1858 612 1890 647 τῇ

205 663 279 687 num
293 655 327 686 in
341 655 391 686 die
401 655 511 687 illo.Et
524 658 557 686 in
572 663 663 695 quam
676 655 779 687 multis
794 655 907 695 Ephesi
921 655 972 686 mit

1125 666 1165 694 ρᾳ,
1201 656 1245 684 καί
1277 655 1325 684 ὅσα
1361 655 1387 684 ἐν
1419 654 1523 695 Ἐφὲσῴ
1551 654 1706 695 διηκόνησε,
1736 654 1841 693 βέλτιον
1863 654 1892 682 σὺ

206 700 336 731 traverit
350 702 382 731 tu
395 699 503 731 melius
515 701 608 732 nosti.

486 709 503 731 ‘8
515 701 596 732 nosti
602 723 608 730 .
1069 700 1220 739 γινώσκεις,
1240 711 1253 728 ι

247 744 433 776 Amictiones
448 748 735 785 commemorat,non
748 748 780 775 ut
792 744 970 785 discipulum
984 753 1014 775 re

1124 743 1262 783 Εξηγεῐται
1296 744 1358 776 τοὺς
1392 745 1565 785 πειρασμοὺς,
1597 745 1649 784 οὐχ
1673 744 1720 772 ἵνα
1754 742 1891 781 καταϐάλῃ

207 788 442 828 prehendat,sed
452 793 484 820 ut
494 789 599 821 doceat
611 789 646 820 ad
658 789 767 820 similia
777 789 893 820 fortiter
904 789 974 820 toler

1139 790 1273 828 μαθητὴν,
1317 789 1377 818 ἀλλ’
1411 789 1457 818 ’ἶνα
1496 788 1585 828 διδάξῃ
1623 789 1665 818 ἐπὶ
1700 796 1758 822 τοῖς
1793 789 1891 826 ὁμοίοις

207 834 366 865 dum.Nam
383 843 451 864 cum
465 843 483 865 a
496 833 614 865 Nerone
629 833 865 874 comprehensus
873 838 961 874 esset,
973 851 974 857 η

1123 836 1202 874 τερῶς
1244 834 1342 875 φέρειν,
1390 833 1576 874 Συλληφθέντα
1625 834 1674 873 γὰρ
1709 835 1788 862 αὐτὸν
1814 833 1890 875 -παρὰ

206 879 391 920 reliquerunt
402 887 469 909 eum
477 878 566 910 amici
577 877 627 919 qui
638 873 723 909 erant
731 877 761 908 in
770 878 938 910 Asia.Multi
950 887 973 909 ei

1125 891 1204 916 ωνος,
1221 873 1335 920 οίφίλοι
1364 873 1506 909 κατέλιπον
1533 881 1556 909 οἷ
1585 879 1612 908 ἐν
1641 883 1675 918 τῇ
1697 880 1784 916 Ἀσίᾳ.
1812 873 1892 908 Ἦσαν

206 923 308 955 Romae
320 923 466 964 erantqui
481 923 518 954 ab
531 923 603 954 Asia
623 922 716 954 secuti
736 927 821 953 erant
843 922 965 953 Paulum

1141 924 1170 952 ἐν
1193 920 1283 962 Ῥώμῃ
1309 924 1404 953 πολλοὶ
1433 924 1464 952 ὲκ
1496 927 1546 957 τῆς
1573 923 1664 957 Ἀσίας
1700 924 1826 962 ἑπόμενοι
1858 927 1893 960 τῷ

207 968 265 1000 alio
282 968 369 999 modo
390 967 558 1004 credentes;
579 976 685 998 omnes
709 971 806 998 autem
826 966 974 998 subduxer

1125 968 1179 1006 ιλῳ,
1209 969 1227 1002 ἢ
1256 968 1343 1001 ἄλλως
1379 969 1479 999 πιστοί,
1512 969 1612 1001 Πάντες
1646 968 1675 996 δὲ
1703 969 1892 1008 ἆπεσχοίνισαν

207 1022 276 1045 sese
287 1016 441 1054 postquam
456 1015 500 1043 est
511 1021 528 1042 a
538 1012 658 1043 Nerone
670 1011 917 1052 comprehensus.
943 1024 957 1039 α
975 1011 1030 1047 Qui

208 1062 275 1088 sunt
289 1057 321 1088 in
333 1056 404 1088 Asia
418 1067 425 1087 :
443 1069 457 1084 ιι
475 1056 532 1087 hoc
546 1059 603 1093 est,
618 1065 653 1087 ex
668 1055 748 1088 Asia.
765 1068 777 1083 α
792 1055 848 1086 Det
859 1055 1027 1086 misericor-

207 1101 286 1133 diam
302 1101 457 1133 Dominus.
476 1111 489 1127 ι
505 1100 713 1132 Animadverte
729 1100 793 1140 ejus
805 1100 944 1131 studium.
962 1100 1027 1131 Non

207 1150 378 1178 exsecratur
392 1154 442 1176 eos
461 1145 512 1186 qui
535 1145 729 1186 reliquerant,
747 1144 800 1175 sed
815 1144 912 1175 solum
928 1147 1028 1175 narrat

207 1200 274 1232 quae
285 1190 322 1222 ab
336 1190 409 1231 ipsis
423 1190 533 1221 ﬁebant
546 1190 590 1221 :ei
601 1199 670 1221 vero
682 1189 733 1230 qui
753 1198 839 1229 opem
854 1189 920 1220 tulit
934 1189 1026 1220 multa

208 1234 286 1267 bona
297 1238 445 1276 precatur,
468 1244 523 1266 nec
538 1234 595 1265 soli
606 1234 732 1274 ipsi,sed
745 1237 774 1264 et
788 1233 908 1264 familiae
923 1233 1026 1273 ipsius:

207 1280 280 1311 adeo
297 1279 381 1321 probi
405 1283 500 1317 erant,
518 1282 547 1310 et
566 1279 605 1309 ita
620 1278 826 1318 Onesiphorus
843 1285 895 1309 eos
917 1278 1028 1308 instru-

207 1328 300 1356 xerat.
320 1323 525 1364 «Onesiphori
549 1323 678 1354 familiae.
698 1334 709 1350 ι
729 1321 751 1353 0
767 1321 836 1353 felix
860 1321 1029 1362 Onesipho-

207 1369 260 1399 re!
288 1368 339 1409 qui
365 1368 472 1408 dignus
498 1367 617 1398 habitus
644 1376 676 1398 es
700 1371 732 1397 ut
755 1366 877 1398 Paulum
907 1366 1028 1398 refocil—

208 1413 297 1450 lares,
314 1413 351 1443 sit
361 1412 447 1443 nobis
472 1417 501 1444 et
523 1421 590 1453 pars
614 1415 723 1443 tecum.
744 1424 757 1439 α
773 1411 888 1452 Saepius
910 1420 957 1442 me
977 1420 1029 1442 re-

208 1457 360 1489 focillavit.
375 1457 488 1488 nVetut
508 1456 651 1488 athletam
676 1456 805 1496 aliquem
832 1457 970 1496 squalore
996 1465 1030 1486 ac

209 1502 379 1542 fatigatione
397 1502 502 1533 alucta
518 1505 704 1542 occupatum.
725 1513 738 1529 α
750 1500 785 1531 Et
800 1501 837 1532 de
853 1504 957 1532 catena
965 1496 1059 1531 meac

208 1555 268 1578 non
283 1546 412 1578 erubuit.
433 1558 445 1576 ι
460 1546 584 1577 Relictis
602 1545 743 1586 periculis
767 1545 910 1585 pudorem
935 1545 1030 1576 solum

209 1591 370 1631 proposuit,
385 1591 514 1622 suadens
528 1590 707 1631 discipulum
731 1589 809 1620 bono
830 1599 896 1621 esse
917 1589 1028 1627 animo,

208 1635 299 1666 veluti
313 1635 396 1666 solus
409 1636 503 1677 pudor
513 1644 548 1666 ex
558 1644 593 1666 ea
603 1634 850 1675 procederet,nec
865 1633 1030 1675 periculum

208 1680 374 1717 accederet,
402 1689 469 1711 cum
495 1684 592 1710 tamen
614 1679 734 1711 adesset
748 1679 835 1710 etiam
852 1678 1028 1720 periculum.

208 1723 287 1755 Nero
308 1724 388 1755 enim
413 1723 529 1755 insania
544 1723 710 1764 agitabatur
729 1724 871 1755 adversus
893 1723 1028 1761 Paulum,

209 1768 289 1808 quod
305 1768 465 1809 quemdam
481 1778 497 1800 e
511 1768 686 1800 domesticis
700 1768 762 1799 suis
786 1768 815 1798 in
842 1767 900 1799 fide
915 1768 1029 1798 instru-

207 1812 310 1846 xisset.
329 1825 340 1841 α
353 1812 518 1845 Studiosius
532 1813 665 1854 quaesivit
679 1822 737 1844 me.
758 1825 769 1842 υ
784 1812 848 1843 Non
864 1812 971 1850 solum,
986 1812 1031 1843 in-

209 1858 282 1899 quit,
312 1868 372 1889 non
400 1858 474 1898 fugit
502 1867 598 1889 meam
627 1857 812 1894 societatem,
830 1867 896 1888 cum
928 1861 1028 1888 tamen

208 1902 296 1933 etiam
311 1903 477 1943 periculum
489 1906 567 1933 esset
582 1911 699 1933 mecum
715 1902 888 1933 conversari
905 1901 957 1933 ubi
976 1910 1028 1932 re-

207 1947 308 1978 clusus
319 1957 414 1978 essem
429 1956 435 1978 :
448 1956 550 1978 verum
579 1946 667 1978 etiam
692 1946 855 1978 studiosius
869 1954 956 1987 quam
973 1946 1028 1976 de-

208 1991 272 2022 buit
285 1991 421 2033 quaesivit
434 2001 482 2023 me
496 1992 592 2022 donec
607 1991 771 2023 invenisset
785 2000 844 2022 me.
858 1991 914 2027 Qui
927 1995 1028 2022 autem
1042 2015 1045 2019 .

208 2037 366 2077 participes
400 2046 467 2067 cum
490 2036 602 2067 sanctis
626 2041 709 2067 erant
723 2036 753 2066 in
771 2035 919 2066 laboribus
941 2038 1029 2066 erunt

207 2091 325 2122 quoque
341 2081 502 2122 participes
515 2081 545 2111 in
561 2081 692 2118 coronis,
715 2081 792 2111 sicut
817 2080 882 2120 ipse
908 2080 1026 2112 dicit‘:

211 2137 222 2153 ι
252 2125 343 2158 Recte
371 2125 468 2157 fecisti
495 2125 572 2166 quod
606 2125 848 2156 communicastis
877 2124 1030 2156 afllictioni

1071 1013 1178 1044 ἑαυτοὺς
1193 1013 1261 1051 μετὰ
1276 1013 1325 1046 τὴν
1348 1013 1398 1041 ὑπὸ
1423 1013 1540 1052 Νέρωνος
1568 1012 1710 1050 σύλληψιν.
1738 1025 1752 1040 ε
1775 1014 1807 1041 Οἱ
1822 1013 1849 1041 ὲν

1068 1056 1156 1094 Ἀσίᾳ,
1174 1069 1188 1085 ι
1205 1056 1357 1093 Τουτέστιν,
1384 1058 1406 1085 οἱ
1435 1057 1466 1084 ἐκ
1493 1059 1541 1090 τῆς
1564 1055 1666 1090 Ἀσίας.
1697 1068 1710 1085 ι
1737 1058 1800 1094 Δῴη
1823 1057 1893 1089 ἕλεος

1069 1102 1084 1129 ὁ
1112 1101 1216 1141 Κύριος.
1247 1113 1262 1129 ι
1301 1096 1374 1140 "Op:
1402 1100 1568 1142 φιλοσοφίαν.
1608 1102 1674 1134 Τοὺς
1710 1102 1757 1140 μὲν
1787 1102 1893 1130 καταλι-

1069 1145 1179 1183 πόντας,
1195 1146 1225 1174 ού
1244 1146 1423 1185 κατηράσατο,
1445 1145 1514 1175 ἀλλὰ
1543 1146 1622 1183 μόνον
1651 1147 1684 1175 τὰ
1711 1146 1770 1175 κατ’
1799 1148 1890 1178 αὖτοὺς

1069 1189 1216 1229 διηγήσατο
1234 1198 1241 1205 ⁸
1279 1193 1318 1227 τῷ
1345 1189 1373 1218 δὲ
1407 1190 1585 1230 συμπράξαντι
1615 1191 1703 1220 πολλὰ
1738 1191 1889 1231 ἐπεύχεται,

1069 1236 1114 1264 καὶ
1127 1235 1175 1263 οὒκ
1190 1237 1261 1273 αὖτῷ
1277 1236 1360 1273 μόνῳ,
1384 1234 1453 1264 ἀλλὰ
1467 1237 1511 1264 καὶ
1525 1239 1563 1273 τῷ
1587 1235 1657 1273 οἴκῳ
1684 1238 1773 1268 αὐτοῦ.
1805 1236 1892 1267 Οὕτως

1070 1280 1138 1313 ἦσαν
1152 1280 1280 1320 ἐνάρετοι,
1305 1281 1348 1308 καὶ
1370 1279 1453 1312 οὕτως
1481 1280 1574 1313 αὖτοὺς
1605 1280 1778 1320 Ὀνησιφόρος
1816 1281 1890 1309 ἐπαί-

1071 1324 1170 1356 δευσεν.
1201 1334 1216 1354 (
1245 1328 1289 1362 Τῷ
1322 1323 1496 1365 Ὀνησιφόρου
1537 1325 1616 1361 οἴκῳ.
1660 1336 1671 1353 ι
1713 1320 1744 1353 Ὠ
1782 1326 1891 1365 μακάριε

1071 1367 1247 1409 Ὀνησιφόρεί
1285 1369 1313 1402 ὃς
1333 1369 1447 1403 ἠξιώθης
1468 1368 1590 1402 ἆναλῦξαι
1620 1369 1735 1407 Παῦλον,
1765 1369 1813 1404 εἴη
1828 1371 1891 1408 ἡμῖν

1071 1414 1143 1453 μερὶς
1159 1414 1226 1452 μετὰ
1241 1417 1298 1442 σοῦ·
1325 1425 1339 1441 ι
1356 1413 1487 1446 Πολλάκις
1517 1424 1549 1451 με
1580 1414 1701 1452 ἆνέψυξε.
1727 1426 1741 1441 ι
1773 1415 1891 1451 Καθάπερ

1071 1458 1189 1494 ἀθλητήν
1218 1469 1275 1487 τινα
1308 1459 1359 1487 ὑπὸ
1388 1462 1435 1487 τοῦ
1470 1458 1576 1499 αὖχμοῦ
1603 1461 1652 1492 τῆς
1693 1458 1782 1492 πάλης
1813 1470 1889 1487 κατε-

1073 1503 1268 1543 χόμενονῇΚαὶ
1282 1503 1331 1537 τὴν
1353 1502 1442 1531 ἅλυσίν
1471 1514 1521 1541 μου
1548 1505 1594 1532 οὒκ
1628 1503 1799 1543 ἐπῃσχύνθη.
1829 1503 1890 1534 Τοὺς

1072 1546 1204 1580 κινδύνους
1238 1547 1324 1588 ἀφεὶς,
1367 1548 1417 1582 τὴν
1461 1548 1591 1588 αἰσχύνην
1625 1547 1761 1587 προέταξε,
1801 1549 1892 1576 πείθων

1071 1593 1117 1620 τὸν
1131 1592 1251 1630 μαθητὴν
1266 1591 1380 1632 θαῤῥετν.
1413 1593 1450 1624 ὡς
1478 1592 1608 1632 αἰσχύνης
1635 1593 1719 1631 μόνης
1734 1593 1891 1631 τικτομένης

1072 1636 1102 1666 ἔκ
1114 1640 1161 1665 τοῦ
1175 1637 1343 1677 πράγματος,
1366 1637 1409 1665 καὶ
1430 1637 1459 1665 οὗ
1487 1636 1605 1666 κινδύνου
1624 1637 1769 1677 προσόντος
1786 1647 1795 1656 ⁸
1811 1638 1892 1666 καίτοι

1071 1692 1101 1720 γε
1116 1681 1160 1710 καὶ
1175 1681 1291 1714 κίνδυνος
1306 1684 1419 1722 προσῆν.
1444 1677 1473 1710 Ὀ
1496 1681 1546 1720 γὰρ
1569 1681 1659 1721 Νέρων
1676 1681 1798 1719 ἐμαίνετο
1827 1682 1890 1711 κατᾶ

1071 1726 1175 1755 Παύλου
1209 1727 1245 1759 ὡς
1285 1726 1493 1767 κατηχήσαντός
1515 1737 1574 1754 τινα
1599 1727 1653 1755 τῶν
1674 1727 1777 1755 οἰκείων
1813 1728 1890 1763 αύττῷ-

1073 1782 1088 1799 ι
1125 1770 1332 1811 Σπουδαιότερον
1361 1771 1474 1807 ὲζήτησὲ
1501 1781 1546 1808 με.
1573 1781 1585 1799 ι
1618 1772 1654 1800 Οὔ
1678 1772 1770 1812 μόνον,
1802 1773 1888 1812 φησὶν,

1070 1817 1118 1845 οὐκ
1283 1826 1335 1854 μου
1375 1815 1426 1849 τὴν
1467 1815 1620 1855 συντυχίαν,
1658 1816 1742 1844 καίτοι
1777 1816 1892 1845 κινδύνου

1069 1860 1143 1892 ὄντος
1157 1860 1202 1888 καὶ
1216 1860 1406 1900 συντυγχάνειν
1434 1862 1505 1898 αὐτῷ
1535 1860 1602 1888 μετὰ
1631 1860 1662 1888 τὸ
1696 1859 1891 1900 ἔγκλεισθῆνιι,

1069 1904 1136 1944 an?
1163 1905 1207 1933 καὶ
1241 1903 1443 1945 σπουδαιότερον
1465 1908 1511 1933 τοῦ
1538 1904 1690 1945 ὀφείλοντος
1719 1904 1834 1940 ἐζήτησὲ
1862 1915 1892 1943 με

1069 1949 1120 1982 ἕως
1149 1948 1206 1989 εὗρέ
1233 1959 1276 1986 με,
1308 1950 1337 1978 Οἱ
1365 1953 1553 1981 κοινωνοῦντες
1582 1948 1610 1977 δὲ
1636 1949 1689 1978 τῶν
1718 1949 1807 1978 πόνων
1837 1956 1891 1981 τοῖς
1924 1975 1925 1983 η

1070 1993 1166 2033 ἁγίοις,
1182 1994 1371 2028 κοινωνήσουσι
1386 1995 1430 2022 καὶ
1450 1997 1504 2022 τῶν
1531 1994 1680 2034 στεφάνων,
1707 1994 1744 2026 ὡς
1779 1995 1825 2024 καὶ
1846 1994 1893 2022 αὐ-

1070 2038 1115 2070 τός
1136 2049 1213 2078 φησι.
1239 2049 1253 2066 α
1286 2037 1379 2071 Καλῶς
1412 2039 1568 2079 ἐποιήσατε,
1594 2038 1804 2075 κοινωνήσαντες
1846 2049 1892 2076 μου

1070 2086 1104 2121 τῇ
1118 2082 1217 2121 θλίψει,
1248 2094 1262 2111 ι
1296 2099 1334 2106 -—
1357 2083 1420 2120 Δῴη
1448 2083 1521 2119 αὒτῷ
1548 2085 1562 2111 ὁ
1585 2083 1678 2122 Κύριος
1707 2083 1793 2122 εὑρεῖν
1821 2082 1890 2114 ἕλεος
1923 2106 1925 2113 ,

1070 2127 1142 2166 παρᾶ
1156 2127 1260 2166 Κυρίου.
1293 2136 1308 2157 )
1333 2129 1363 2156 Οἱ
1391 2128 1424 2155 τὰ
1459 2127 1611 2167 Μαρκίωνος
1647 2131 1802 2167 φρονοῦντες
1837 2127 1890 2155 ἐπι-

208 2179 312 2203 ωεεε.»
326 2169 381 2202 Det
395 2170 424 2202 ei
439 2170 582 2202 Dominus
597 2174 630 2201 ut
645 2170 776 2201 inveniat
796 2169 975 2201 misericord.

1157 2182 1177 2199 rt
1191 2174 1226 2209 τῇ
1248 2175 1351 2212 Γραφῇ,
1381 2173 1417 2203 ὡς
1447 2171 1502 2212 δύο,
1520 2172 1620 2211 Κυρίων
1648 2171 1740 2210 ὅννων,
1770 2171 1832 2202 ἄλλ’
1852 2174 1890 2204 εἷς

207 2215 284 2256 apud
300 2215 491 2247 Dominum.»
507 2214 563 2251 Qui
578 2214 734 2245 Marcionis
752 2213 890 2254 dogmata
903 2223 1030 2254 sequun-

208 2263 267 2296 tur,
284 2260 429 2291 assultum
454 2260 564 2290 faciunt
592 2259 623 2290 in
650 2258 845 2299 Scripturam,
872 2259 955 2299 quasi
971 2259 1028 2289 duo

208 2304 268 2335 sint
295 2304 414 2336 Domini
440 2313 530 2335 unum
548 2308 646 2334 tamen
673 2304 742 2335 alibi
771 2303 843 2334 dicit
856 2302 1027 2335 Dominum.

209 2361 224 2377 ι
239 2348 333 2380 Nobis
349 2353 448 2380 tamen
463 2357 544 2380 unus
567 2351 613 2380 est
623 2348 768 2379 Dominus
788 2347 874 2379 Jesus
896 2347 1029 2379 Christus

207 2403 261 2434 per
273 2403 362 2434 quem
375 2393 476 2425 omnia
488 2394 515 2424 5.
531 2404 545 2423 ι
561 2392 637 2430 Quid
650 2402 720 2433 ergo
731 2393 888 2424 dicemus?
903 2392 972 2424 Haec
983 2402 1031 2424 or-

207 2438 320 2470 dinatio
335 2439 366 2469 in
383 2447 437 2469 usu
456 2441 501 2469 est
520 2437 598 2479 apud
622 2438 751 2468 divinam
776 2437 959 2478 Scripturam
974 2447 981 2467 :
998 2441 1030 2468 ut

206 2487 253 2514 est
279 2483 352 2514 illud
368 2493 375 2514 :
389 2482 468 2514 Dixit
494 2482 644 2513 Abraham
657 2492 664 2512 :
677 2482 870 2522 Nequaquam
884 2485 964 2512 εστ
979 2481 1027 2512 in-

205 2535 326 2566 gressus
340 2531 386 2559 est
399 2527 565 2559 Abraham.
587 2527 630 2558 Ac
654 2526 680 2557 si
705 2526 762 2558 hoc
788 2526 852 2557 loco
879 2526 1025 2557 dixisset:

205 2571 330 2603 Tribuat
344 2571 388 2603 illi
412 2571 557 2603 Dominus
577 2576 610 2603 ut
632 2572 761 2603 inveniat
791 2571 1026 2602 misericordiam

204 2616 282 2657 apud
298 2616 408 2658 ipsum.
424 2616 508 2653 Quod
524 2617 550 2648 si
565 2617 653 2648 etiam
670 2620 783 2657 patrem
806 2625 840 2647 ac
855 2616 961 2647 Filium
978 2616 1026 2647 hic

204 2661 365 2701 signiﬁcari
390 2661 537 2702 accipias,
563 2670 600 2692 ne
626 2661 683 2692 hoc
711 2660 833 2702 quidem
863 2660 1024 2691 absurdum

205 2705 273 2739 erit.
290 2705 364 2738 Nam
381 2710 411 2738 et
424 2707 512 2738 Pater
525 2705 670 2738 Dominus
688 2709 744 2744 est,
769 2709 799 2737 et
813 2705 907 2736 Filius
920 2704 1024 2736 Domi-

242 2792 258 2817 4
273 2791 400 2833 Philipp.
417 2799 458 2833 Iv,
478 2792 524 2824 14.
568 2792 584 2817 5
598 2790 610 2822 Ι
623 2792 690 2822 Cor.
707 2798 770 2828 VIII,
785 2790 816 2823 6.

1073 2216 1161 2255 Κύριος
1185 2215 1306 2256 ἀλλαχοῦ
1333 2228 1424 2256 φησιν,
1450 2228 1463 2243 ιι
1496 2211 1578 2254 Ἡμῖν
1599 2215 1627 2244 δὲ
1655 2218 1696 2249 εἷς
1728 2216 1821 2256 Κύριος
1844 2215 1892 2249 Ἰη-

1070 2265 1131 2292 σοῦς
1154 2261 1276 2300 Χριστὸς,
1299 2259 1333 2288 δι’
1354 2262 1384 2289 οὗ
1411 2261 1444 2290 τὰ
1471 2261 1567 2290 πάντα.
1596 2272 1610 2288 σ
1637 2261 1667 2289 Τί
1695 2260 1739 2289 οὖν
1760 2261 1890 2301 ἐροῦμεν;
1923 2259 1924 2262 ¹

1072 2306 1189 2340 Συνιῆθης
1218 2306 1236 2339 ἡ
1250 2305 1367 2339 σύνταξις
1388 2305 1454 2339 αὕτη
1475 2309 1510 2344 τῇ
1533 2305 1589 2342 Θείᾳ
1617 2308 1719 2345 Γραφῇ.
1752 2301 1799 2339 ιΩς
1825 2306 1890 2336 ἐκεῖ.

1072 2350 1155 2379 Εἶπεν
1185 2348 1316 2390 Ἀϐραὰμ,
1347 2352 1383 2380 Οὐ
1422 2351 1461 2388 μὴ
1496 2350 1599 2388 εἰσέλθῃ
1628 2349 1748 2389 Ἀϐραάμ
1767 2358 1773 2365 ⁵
1812 2351 1849 2382 ὡς
1873 2351 1892 2378 εἰ

1070 2393 1156 2433 ἔλεγε,
1187 2394 1318 2434 Παράσχῃ
1345 2395 1416 2432 αότῷ
1446 2396 1460 2423 ὁ
1483 2396 1575 2434 Κύριος
1605 2394 1691 2434 εὑρεῖν
1720 2394 1794 2427 ἕλεος
1831 2393 1890 2433 παρ’
1921 2403 1924 2407 ·

1071 2438 1153 2476 αὐτῷ.
1171 2439 1200 2467 Εἰ
1215 2438 1242 2467 δὲ
1257 2439 1300 2468 καὶ
1322 2440 1367 2467 τὸν
1390 2439 1494 2479 Πατέρα
1521 2440 1565 2468 καὶ
1593 2439 1638 2467 τὸν
1660 2439 1720 2467 Υἱὸν
1751 2438 1889 2474 δηλοῦσθαι

1071 2483 1179 2511 ἐνταῦθα
1193 2482 1265 2524 δέξῃ,
1296 2483 1353 2513 068%
1379 2487 1455 2512 τοῦτο
1476 2483 1586 2515 ἄτοπον.
1616 2484 1666 2512 Καὶ
1694 2485 1708 2512 ὁ
1730 2484 1823 2523 Πατὴρ
1843 2484 1890 2523 γὰρ

1067 2529 1110 2556 καὶ
1131 2529 1145 2556 ὁ
1174 2529 1233 2559 Υἱὸς
1256 2528 1360 2568 Κύριος,
1390 2529 1434 2557 καὶ
1461 2529 1491 2557 τὸ
1514 2531 1619 2566 Πνεῦμα
1649 2527 1753 2568 Κύριος,
1779 2527 1889 2559 mut;

1069 2572 1161 2611 Κύριος
1212 2579 1275 2603 ταῖς
1325 2573 1408 2612 τρισὶν
1459 2574 1660 2617 ὑποστάσεσινφ
1685 2572 1887 2613 ἐμφαινόμενος.

1070 2628 1084 2643 ι
1102 2617 1186 2645 Εἶπεν
1201 2617 1215 2644 ὁ
1231 2617 1324 2656 Κύριος
1340 2620 1378 2655 τῷ
1408 2618 1493 2657 Κυρίῳ
1521 2629 1583 2655 μου.
1600 2627 1616 2647 )
1654 2619 1677 2645 Η
1707 2617 1747 2645 ὅτι
1775 2616 1889 2657 διευκρι-

1067 2660 1172 2692 νοῦντός
1201 2660 1257 2689 ἐστι
1290 2663 1321 2690 τὸ
1351 2660 1433 2704 οὕτως
1461 2662 1547 2690 εἰπεῖν
1574 2661 1622 2693 τὰς
1658 2661 1733 2701 άγίσς
1768 2661 1885 2691 ὑποστά·
1923 2699 1924 2703 η

1067 2715 1132 2742 σεις,
1148 2706 1184 2736 ὼς
1214 2705 1271 2734 ἐκεῖ
1289 2714 1296 2722 ¹
1327 2718 1341 2734 ι
1381 2705 1473 2746 Εϐρεξε
1496 2707 1588 2746 Κύριος
1614 2706 1686 2745 παρὰ
1714 2705 1807 2745 Κυρίου
1835 2708 1888 2745 πῦρ
