1942 3078
184 152 238 187 211

750 157 954 190 CECUMENII
975 157 1122 189 TRICG/E
1143 158 1310 190 EPISCOPI

1817 157 1883 189 212

224 222 321 263 Pape!
347 227 458 263 quanta
481 223 609 264 dignitas
635 223 758 254 militem
786 233 850 255 esse
875 223 984 256 Christi

1092 221 1183 258 Βαϐαὶ,
1213 222 1274 251 ἄγον
1299 224 1330 251 τὸ
1357 222 1472 260 ἀξίωμα,
1505 223 1670 262 στρατιώτην
1699 223 1771 251 εἶναι
1808 226 1881 262 Χρι-

185 266 307 306 Signum
323 271 422 299 autem
440 268 542 299 militis
555 272 599 299 est
609 268 688 299 terre
697 268 945 299 adversa.«Nemo
957 267 1007 308 qui

182 310 317 343 militat.»
335 312 436 343 Militis
452 312 522 343 fecit
539 312 733 351 mentionem,
747 313 907 343 ostendens
927 312 1007 353 quod

182 360 353 396 promptum
370 360 400 388 et
414 356 555 388 audacem
572 366 638 388 esse
654 361 789 397 oporteat
814 357 923 388 Chrisxi
941 366 1006 388 ser-

181 410 247 431 vum
267 410 274 433 :
293 402 415 433 athletae
445 411 513 433 vero
544 402 659 440 dicens,
688 403 750 431 ’an
765 403 791 431 δὲ
807 404 849 431 καὶ
866 403 932 441 ἀθλῇ
953 414 1005 442 τις,

183 446 213 477 id
228 446 372 486 εει,ουοά
384 446 410 477 si
419 450 511 477 certet
522 447 609 477 etiam
623 446 1006 487 aliquis,utostendatquod

185 499 251 521 esse
267 490 374 521 debeat
389 490 419 521 in
437 492 575 522 continuo
592 491 703 522 labore.
731 491 762 522 Si
784 501 866 532 ergo,
896 491 1003 531 inquit,

183 534 209 565 is
225 534 275 575 qui
292 539 411 566 terreno
426 536 489 575 regi
505 536 619 574 militat,
647 545 706 566 non
732 536 903 577 implicatur
916 536 1007 566 rebus

187 588 253 619 qua
268 577 442 610 abstrahunt
457 589 523 611 eum
539 579 575 610 ab
598 580 699 618 armis,
716 585 825 621 quanto
849 580 943 619 magis
958 580 1008 620 qui

187 623 301 654 caelesti
315 623 378 663 regi
393 633 459 654 sese
475 624 634 662 dedicavit,
657 625 780 665 ejusque
797 625 910 655 militiae
925 624 1009 656 addi-

185 667 239 699 xit.
255 680 267 695 ιι
281 667 344 698 Nisi
358 667 489 705 legitime
501 669 688 701 certaverit.»
706 671 773 701 Non
789 669 869 700 enim
883 669 952 700 satis
965 672 1009 700 est

186 715 298 743 tantum
315 712 428 751 inungi,
447 713 553 753 inquit,
580 717 631 744 aut
656 714 753 745 locum
771 713 942 745 certaminis
958 713 1007 744 in-

183 756 280 796 gredi,
292 760 342 786 aut
358 765 426 787 cum
442 757 528 789 hoste
540 767 702 789 conserere
719 767 834 796 manus,
853 758 905 789 sed
919 767 1008 798 opor-

185 803 227 830 tet
244 800 332 830 etiam
347 800 475 832 tolerare
489 811 524 832 ac
539 802 660 833 vincere
677 812 684 834 :
703 803 765 834 haec
789 805 869 833 enim
892 807 936 833 est
961 802 1008 832 lex

1048 271 1132 306 0106;
1166 271 1271 306 Δεῖγμα
1299 266 1325 294 δε
1352 267 1513 306 στρατιώτου
1540 268 1571 295 τὸ
1592 269 1768 296 κακοπαθεῖν.
1788 277 1804 296 ι
1822 267 1883 294 0-3—

1048 309 1098 342 δεὶς
1127 311 1346 349 στρατευόμενος.
1386 322 1397 340 ι)
1438 312 1605 350 Στρατιώτου
1641 311 1773 351 ἐμνήσθη,
1818 309 1882 338 δει-

1048 355 1109 387 κνὺς
1138 355 1175 386 ὡς
1202 356 1334 393 πρόθυμον
1355 356 1400 383 καὶ
1427 355 1573 394 τολμητίαν
1603 355 1674 384 εἶναι
1692 355 1734 384 δεῖ
1747 357 1793 383 τὸν
1811 359 1886 394 Χρι-

1050 403 1111 427 στοῦ
1149 399 1238 428 δοῦλον
1258 408 1265 415 ·
1294 399 1408 434 ἀθλητοῦ
1435 400 1474 440 δὲ,
1514 399 1614 431 δεικνὺς
1650 400 1690 428 ὅτι
1737 400 1886 435 ἀσκήσεως

1048 444 1119 481 αὖτῷ
1133 445 1210 485 χρεία
1238 443 1386 478 διηνεκοῦς.
1414 445 1443 473 Εἰ
1472 445 1527 485 οὖν,
1550 445 1641 484 φησὶν,
1672 446 1686 472 ὁ
1715 448 1752 482 τῷ
1767 444 1885 482 ἒπιγείῳ

1048 488 1155 527 βασιλεῖ
1196 489 1414 529 στρατευόμενος,
1451 489 1499 517 οὒκ
1534 488 1693 526 ἐμπλέκεται
1736 489 1882 528 πράγμασι

1048 540 1106 564 τοῖς
1123 532 1279 573 ἆφέλκουσιν
1315 534 1392 561 αὺτὸν
1421 536 1473 561 τῶν
1502 532 1601 568 ὅπλων,
1632 532 1707 570 πόσῳ
1742 532 1849 570 μᾶλλον
1869 533 1885 560 ὁ

1049 580 1087 613 τῷ
1122 577 1232 617 οὖρανίῳ
1259 576 1366 615 βασιλεῖ
1401 577 1494 605 ἑαυτὸν
1520 577 1623 608 ἀναθεὶς
1657 577 1701 604 καὶ
1729 575 1886 616 στρατολο-

1050 623 1148 660 γήσας.
1168 633 1181 649 »
1200 622 1261 650 Ἐὰν
1276 622 1315 659 μὴ
1337 621 1457 659 νομίμως
1486 621 1602 661 ἀθλήσῃ.
1628 632 1642 648 ι
1664 623 1700 650 0-3
1727 622 1776 661 γὰρ
1798 621 1887 660 ἀρκεῖ

1051 666 1142 704 μόνον,
1174 667 1248 706 φησὶ,
1278 667 1309 694 τὸ
1337 666 1493 703 ἀλείψασθαι
1528 666 1546 699 ἢ
1589 666 1626 697 εἱς
1653 665 1763 703 σκάμμα
1791 664 1886 693 εἰσελ-

1049 711 1118 746 θεῖν,
1155 709 1173 744 ἢ
1210 709 1395 747 συμπλακῆναι
1432 713 1470 747 τῷ
1498 709 1646 749 ἀντιπάλῳ,
1672 709 1740 737 ἀλλᾶ
1766 708 1810 737 δεῖ
1832 711 1885 737 καὶ

1049 754 1248 793 ἐγκρατεύεσθαι
1303 755 1346 782 καὶ
1397 754 1514 787 νικῆσαι,
1567 755 1648 785 Οὗτος
1701 754 1751 793 γὰρ
1793 754 1885 791 νόμος

1049 798 1196 833 ἀθλήσεως,
1243 809 1255 827 ι
1300 800 1350 827 Τὸν
1391 800 1525 826 κοπιῶντα
1551 798 1680 837 γεωργόν,
1721 809 1732 826 ι
1764 800 1801 828 Οὔ
1832 800 1885 826 τὸν

186 845 369 876 certaminis.
387 855 398 872 α
413 845 607 877 Laborantem
624 847 795 885 agricolam.
810 860 823 874 π
838 848 903 878 Νοη
918 847 991 885 negli

1092 842 1149 881 ελῆ,
1179 842 1247 870 ἀλλὰ
1268 854 1313 881 τον
1346 845 1493 874 κοπιῶντα,
1524 843 1574 871 Καὶ
1595 843 1644 881 γὰρ
1679 843 1724 870 καὶ
1745 841 1883 872 διδάσκα-

186 892 303 929 gentem
322 899 329 919 :
346 890 401 921 sed
416 899 482 920 eum
500 891 550 931 qui
566 891 691 921 laborat.
711 891 828 922 Etenim
843 896 1009 932 praeceptor

186 942 304 973 quoque
315 933 366 974 qui
380 934 494 965 laborat
504 935 583 966 circa
593 935 768 976 discipulos,
785 936 905 976 praemia
920 945 936 966 a
948 935 1008 966 Deo

187 976 309 1009 habebit
331 987 382 1018 pro
409 978 534 1010 utilitate
558 984 587 1010 et
610 979 765 1010 commodo
781 980 1008 1020 discipulorum.

190 1034 203 1048 ι(
216 1020 338 1061 Oportet
353 1022 481 1062 primum
498 1023 534 1053 de
549 1021 693 1054 fructibus
708 1023 879 1064 participem
896 1033 973 1055 esse.
995 1036 1006 1053 ι

188 1065 272 1101 Quod
285 1071 482 1107 praeceptores
494 1067 523 1098 in
534 1068 643 1108 seipsis
656 1068 783 1108 primum
796 1068 874 1099 bona
886 1078 1011 1108 opercn-

190 1113 237 1140 tur
245 1119 309 1147 qua:
321 1110 441 1141 docent.
455 1111 523 1141 264
532 1111 605 1143 Nam
615 1113 671 1143 hoc
680 1116 734 1150 est,
750 1113 877 1153 primum
894 1117 1010 1153 oporte-

193 1155 226 1184 re"
237 1154 384 1186 fructuum
402 1156 560 1196 participes
571 1166 725 1197 esse,quos
740 1156 1011 1197 sibiipsisprimum

193 1203 261 1229 ante
274 1198 347 1229 alios
363 1209 417 1239 per
431 1200 554 1231 virtutes
581 1201 692 1232 colunt.
717 1201 816 1231 Militis
840 1201 961 1241 quidem
983 1205 1012 1232 et

186 1242 303 1273 athletae
318 1244 487 1284 exemplum
504 1245 593 1276 etiam
616 1245 770 1285 discipulis
786 1245 1011 1285 quadratzagri—

191 1287 263 1318 colae
278 1297 358 1326 vero,
381 1289 452 1319 solis
479 1290 721 1330 prmceptoribus.
753 1289 1008 1325 Quemadmodum

185 1331 275 1369 enim,
292 1332 399 1372 inquit,
416 1334 648 1373 agricola,terraz
672 1343 706 1365 ac
735 1334 884 1365 fructuum
907 1343 1009 1365 curam

189 1376 290 1414 habet,
308 1377 348 1407 ita
363 1381 392 1407 et
407 1381 436 1408 tu
447 1378 661 1419 discipulorum
678 1388 711 1409 ac
726 1378 957 1419 prwdicationis.
974 1379 1010 1409 Et

187 1420 255 1450 vide
270 1421 420 1461 quomodo
435 1423 806 1463 respondeatPrceceptor,
822 1423 928 1464 inquit,
944 1424 1007 1464 pri-

189 1474 254 1495 mus
283 1465 408 1498 utilitate
436 1467 648 1507 discipulorum
675 1468 782 1498 fruitur
803 1469 879 1509 apud
902 1468 1006 1508 Deum,

191 1509 441 1549 quemadmodum
457 1511 586 1551 agricola
597 1511 755 1543 fructibus.

230 1553 357 1590 11,7-10.
371 1554 542 1587 Considera
557 1565 624 1595 quae
636 1556 776 1588 dico.Det
791 1557 870 1587 enim
884 1556 939 1588 tibi
950 1556 1010 1587 Do-

190 1598 291 1629 minus
316 1599 350 1629 tn
373 1599 511 1631 omnibus
526 1600 722 1633 intellectum.
739 1601 887 1634 Memento
907 1602 1009 1632 Jesum

188 1642 342 1674 Christum
358 1647 560 1675 resurrewz'sse
575 1654 614 1676 ea:
628 1646 759 1677 mortuis
770 1655 808 1677 ea:
822 1646 934 1677 semine
944 1646 1008 1676 Da-

187 1687 238 1718 vid
253 1688 416 1719 secundum
430 1688 634 1729 Evangetium
655 1699 766 1730 meum,
790 1691 823 1721 in
847 1699 905 1730 quo
920 1689 1010 1721 malis

187 1731 305 1771 aﬁligor
329 1734 419 1772 quasi
444 1734 635 1772 facinorosae
661 1743 753 1773 usque
768 1735 806 1765 ad
821 1734 955 1771 vincula,
979 1738 1010 1765 at

186 1784 285 1807 sermo
300 1775 360 1808 Dei
370 1785 433 1808 non
443 1781 489 1808 est
502 1779 628 1810 vinctus.
647 1778 808 1819 Propterea
824 1780 927 1810 omnia
943 1779 1010 1817 suf-

183 1822 248 1854 fero
274 1824 398 1862 propter
422 1822 543 1862 electos,
569 1827 603 1855 ut
626 1827 654 1855 et
679 1825 739 1864 ipsi
759 1823 888 1855 salutem
904 1832 1009 1854 conse~

184 1869 332 1905 quantur,
351 1875 419 1906 quae
434 1870 477 1898 est
492 1867 524 1898 in
538 1867 610 1899 Jesu
626 1877 695 1899 eum
711 1869 814 1909 gloria
830 1872 954 1899 ceter/ia.

225 1909 371 1946 Quoniam
387 1911 487 1942 omnia
501 1911 616 1943 dixerat
626 1913 656 1943 in
668 1913 816 1953 parabolis
827 1922 892 1953 quae
907 1913 944 1943 de
956 1912 1009 1942 mi-

186 1954 237 1985 lite
263 1959 360 1994 erant,
387 1955 424 1986 de
450 1956 559 1988 athleta
579 1962 608 1988 et
623 1957 660 1988 de
676 1957 815 1997 agricola,
839 1957 879 1988 ait
905 1965 1006 1987 nunc:

188 2010 199 2028 ι
213 2000 379 2031 Considera
389 2010 453 2041 quze
464 2000 530 2032 dico
539 2012 546 2032 :
555 2012 568 2031 »
579 2003 664 2041 cujus
677 2011 764 2032 causa
778 2004 872 2033 dicam
886 2013 892 2033 :
904 2001 936 2032 In
949 2011 1010 2032 om-

185 2043 293 2075 nibus:
311 2056 322 2072 ι)
334 2044 372 2076 Ut
387 2049 418 2075 et
432 2045 580 2085 intelligas
595 2050 625 2077 ut
643 2050 783 2087 oportet,,
800 2052 827 2077 et
846 2051 954 2077 caztera
969 2046 1007 2077 fa-

185 2088 245 2118 cias
257 2091 290 2119 ut
305 2088 404 2120 decet.
433 2101 443 2117 ‹
461 2091 611 2121 Memento
623 2092 723 2122 Jesum
742 2090 890 2122 Christum
903 2100 1008 2121 resur-

185 2131 430 2164 rexisse.nSimul
444 2133 534 2165 etiam
554 2135 696 2166 adversus
721 2135 874 2166 ltwreticos
896 2135 1009 2166 ﬁrmio—

184 2184 250 2207 rem
263 2177 362 2209 reddit
374 2182 404 2209 et
419 2178 526 2209 excitat
547 2188 735 2210 sermonem:
754 2180 914 2210 ostendens
932 2180 1010 2220 quod

186 2225 214 2250 et
230 2221 363 2252 Christus
392 2232 445 2262 per
472 2223 662 2254 afﬂictionem
682 2224 792 2255 venerit
811 2229 934 2254 mortem
957 2234 990 2264 pe

1138 2221 1303 2258 παθημάτων
1351 2220 1368 2254 ἦ
1374 2222 1426 2258 ιιθε,

187 2269 313 2296 mortem
327 2266 480 2297 devicerit.
502 2279 513 2295 ιι
528 2267 567 2298 Ex
585 2269 700 2299 semine
716 2268 835 2299 David.»
851 2270 912 2298 Jam
928 2271 1005 2299 enim

186 2310 322 2340 nonnulli
334 2311 537 2342 haereticorum
552 2311 590 2342 ab
602 2322 635 2343 eo
648 2317 781 2353 tempore
798 2312 850 2342 Dci
863 2313 1007 2352 negabaut

186 2354 460 2394 dispensationem,
484 2356 535 2396 qui
565 2357 757 2396 ignominiam
786 2357 1007 2387 arbitrabantur

179 2398 260 2439 quod
276 2399 368 2431 Filius
386 2399 440 2432 Dei
460 2405 623 2442 pateretur,
643 2406 673 2432 et
695 2406 852 2442 propterea
875 2402 1006 2432 fortassis

182 2443 366 2487 phantastica
387 2443 582 2486 induxerunt,
602 2446 775 2486 ignorantes
790 2446 868 2487 quod
885 2456 1007 2476 summm

180 2486 595 2532 δρξιρξριρπῇἰρτᾈὲηηὶωίε
603 2499 666 2522 suae
673 2491 790 2530 signum
800 2486 860 2522 hoc
874 2491 967 2521 tradid
973 2501 1007 2521 e—

630 2543 760 2567 meum.»
767 2535 878 2572 Quonia
884 2545 909 2565 m
918 2536 1005 2566 etiam

600 2586 621 2610 n
633 2579 846 2620 praedicabant,
862 2580 914 2610 sed
928 2580 1005 2612 male

610 2623 673 2656 inm
692 2629 856 2657 attestatur.
876 2641 886 2656 α
900 2625 931 2656 In
948 2636 1005 2666 quo

650 2668 749 2701 itatem
768 2671 909 2702 exhibent
925 2670 1006 2700 l‘auli

665 2714 708 2746 lio
733 2715 818 2746 malis
843 2716 969 2755 atlligor.
989 2728 1002 2743 »

602 2759 754 2804 mu“
766 2759 804 2791 de
819 2760 926 2804 quibus
945 2769 1005 2790 non

663 2803 833 2847 mirati
857 2804 1004 2845 eligeret?

180 2464 308 2593 17.323"in

5 2772 7 2775 ,
40 2718 235 2775 -
523 2718 665 2775 ωε

3 2775 211 2822 ι-
543 2775 723 2822 man

1049 887 1095 919 λος
1111 888 1125 915 ὁ
1147 891 1246 916 κοπιῶν
1276 888 1334 927 περὶ
1360 888 1420 918 τοὺς
1443 887 1573 926 μαθητὰς,
1603 886 1715 924 ἀμοιϐὰς
1739 886 1789 919 ἕξει
1806 890 1886 927 παρα

1051 935 1116 961 Θεοῦ
1144 931 1207 971 ὑπὲρ
1234 935 1284 966 τῆς
1313 935 1364 960 τῶν
1395 933 1521 969 μαθητῶν
1549 930 1689 970 ὠφελείας.
1713 948 1751 953 -
1785 942 1797 958 ι
1830 937 1885 960 Δεῖ

1051 979 1154 1015 πρῶτον
1189 979 1241 1004 τῶν
1270 978 1377 1015 καρπῶν
1410 974 1634 1013 μεταλαμϐάνειν.
1675 987 1686 1003 ο
1736 976 1882 1014 ΙΓΡΗΓΟ-

1053 1025 1126 1049 ΡΙΟΥ
1155 1021 1317 1060 ΝΥΣΣΗΣ]
1362 1016 1408 1052 Ὧς
1443 1021 1495 1048 τῶν
1524 1019 1685 1050 διδασκάλων
1714 1021 1818 1059 πρῶτον
1852 1021 1884 1049 ἐν

1054 1065 1158 1097 ἑαυτοῖς
1189 1066 1382 1104 κατορθούντων
1411 1064 1478 1103 οἵπερ
1512 1064 1670 1093 διδὶσκουσι.
1702 1065 1784 1093 Τοῦτο
1828 1067 1883 1105 γάρ

1052 1109 1119 1150 ἐστι,
1151 1111 1180 1138 τὸ
1210 1109 1267 1138 δεῖν
1303 1113 1406 1148 πρῶτον
1433 1112 1486 1137 τῶν
1513 1112 1622 1148 καρπῶν
1650 1108 1881 1149 μεταλαμϐάνειν,

1052 1156 1088 1182 ὧν
1111 1157 1161 1194 πρὸ
1190 1157 1241 1182 τῶν
1271 1153 1359 1182 ἄλλων
1388 1154 1493 1185 ἑαυτοῖς
1527 1153 1569 1182 διὰ
1601 1156 1653 1181 τῶν
1675 1153 1774 1193 ἀρετῶν
1791 1165 1883 1193 γεωρ-

1052 1204 1152 1238 γοῦσιν.
1183 1200 1218 1228 Τὸ
1240 1199 1289 1236 μὲν
1316 1203 1363 1228 τοῦ
1391 1198 1552 1237 στρατιώτου
1579 1198 1623 1225 καὶ
1653 1197 1752 1231 ὰλητοῦ
1785 1200 1882 1237 παρά-

1051 1242 1155 1282 δειγμα,
1187 1244 1230 1271 καὶ
1259 1244 1393 1280 μαθηταῖς
1436 1243 1555 1282 ἁρμόζει,
1601 1243 1630 1270 τὸ
1673 1242 1700 1270 δὲ
1741 1247 1879 1282 γεωργοῦ,

1051 1286 1215 1319 διδασκάλοις
1243 1287 1346 1325 μόνοις.
1377 1282 1484 1326 “arma?
1513 1287 1575 1325 γὰρ,
1600 1287 1692 1326 φησὶν,
1716 1288 1729 1315 ὁ
1755 1289 1881 1326 γεωργὸς

1051 1332 1100 1365 τῆς
1134 1334 1185 1371 γῆς
1213 1333 1256 1360 καὶ
1290 1334 1343 1359 τῶν
1377 1334 1486 1371 καρπῶν
1507 1337 1613 1359 ποεῖται
1635 1330 1767 1371 φροντίδα,
1804 1332 1881 1359 οὕτω

1052 1377 1095 1403 καὶ
1129 1376 1159 1403 σὺ
1187 1377 1238 1404 τῶν
1274 1377 1399 1413 μαθητῶν
1428 1376 1471 1403 καὶ
1515 1379 1561 1404 σοῦ
1603 1376 1783 1415 κηρύγματος.
1826 1378 1879 1404 Καὶ

1053 1419 1100 1459 ὅρα
1121 1419 1169 1453 τὴν
1185 1419 1323 1450 ἀντίδοσιν,
1341 1422 1395 1453 Τῆς
1416 1419 1556 1460 ὠφελείας,
1573 1420 1648 1459 φησὶ,
1669 1423 1720 1448 τῶν
1735 1422 1877 1457 μαθητῶν,

1052 1467 1155 1503 πρῶτος
1171 1465 1185 1492 ὁ
1200 1463 1354 1496 διδάσκαλος
1366 1464 1493 1493 ἀπολαύει
1509 1464 1579 1503 παρὰ
1606 1464 1675 1504 Θεῴ,
1701 1464 1790 1503 ὥσπερ
1822 1466 1878 1493 τῶν

1019 1510 1039 1535 C
1051 1512 1158 1548 καρπῶν
1174 1509 1188 1536 ὁ
1204 1509 1333 1548 γεωργός,

1094 1561 1109 1581 (
1138 1552 1198 1581 Νόει
1226 1553 1243 1580 ἃ
1273 1552 1356 1591 λέγῳ.
1388 1553 1450 1589 Δῴη
1476 1553 1525 1592 γάρ
1546 1564 1588 1582 σοι
1616 1554 1630 1581 ὁ
1658 1553 1750 1592 Κύριος
1774 1553 1879 1581 σύνεσιν

1050 1595 1077 1623 ἐν
1112 1600 1187 1627 πᾶσι.
1222 1596 1376 1634 Μνημόνευε
1416 1596 1519 1630 Ἰησοῦν
1555 1597 1666 1635 Χριστὸν
1696 1597 1880 1636 ἐγηγερμένον

1051 1640 1081 1668 ἐκ
1114 1643 1211 1681 νεκρῶν
1239 1640 1269 1668 ἐκ
1297 1640 1445 1680 σπέρματος
1475 1641 1553 1670 Δαυὶδ
1585 1642 1653 1669 κατὰ
1694 1643 1724 1669 τὸ
1752 1643 1880 1681 Εὔαγγέ-

1050 1684 1104 1713 λιόν
1147 1697 1210 1726 μου,
1253 1685 1280 1713 ἐν
1322 1687 1344 1723 ᾧ
1370 1687 1513 1714 κακοπαθῶ
1534 1686 1614 1726 μέχρι
1636 1685 1738 1724 δεσμῶν
1761 1687 1797 1717 ὡς
1822 1698 1879 1714 κα-

1050 1733 1174 1769 κοῦργος,
1209 1729 1268 1757 ἀλλ’
1298 1731 1312 1757 ὁ
1346 1729 1424 1769 λόγος
1453 1733 1501 1758 τοῦ
1528 1734 1593 1758 Θεοῦ
1620 1729 1649 1757 οὗ
1684 1729 1794 1760 δέδεται.
1828 1732 1880 1758 ,ιιά

1050 1779 1127 1803 τοῦτο
1141 1774 1225 1802 πάντα
1239 1774 1362 1811 ὑπομένω
1376 1773 1416 1803 διὰ
1429 1774 1488 1807 τοὺς
1511 1774 1661 1811 ἐκλεκτοὺς,
1677 1774 1722 1802 ’ίνα
1734 1776 1777 1803 καὶ
1801 1776 1880 1803 αὐτοὶ

1051 1818 1181 1858 σωτηρίας
1196 1819 1309 1858 τύχωσι,
1325 1821 1373 1852 τῆς
1402 1818 1429 1846 ἐν
1454 1822 1557 1858 Χριστῷ
1587 1818 1675 1853 Ἰησοῦ
1703 1819 1770 1857 μετὰ
1797 1819 1881 1853 δόξης

1051 1864 1167 1893 αἰωνίου.
1185 1875 1199 1890 »

1091 1907 1198 1942 Ἐπειδὴ
1214 1908 1299 1936 πάντα
1319 1907 1346 1935 ἐν
1374 1906 1539 1947 παραϐολαῖς
1567 1915 1638 1948 εϊπε,
1664 1909 1696 1937 τὰ
1717 1913 1763 1937 τοῦ
1790 1919 1879 1948 0'19:-

1050 1952 1154 1989 τιώτου,
1198 1952 1230 1979 τὰ
1278 1957 1324 1981 τοῦ
1360 1951 1485 1990 ἀθλητοῦ,
1515 1953 1548 1980 τὰ
1573 1957 1620 1982 τοῦ
1641 1956 1769 1992 γεωργοῦ,
1787 1954 1874 1992 φησί·

1053 2007 1065 2024 ι
1090 1997 1150 2026 Νόει
1170 1997 1186 2024 ἃ
1214 1995 1295 2036 λέγω,
1314 2008 1328 2024 ο
1346 1997 1419 2028 Τίνος
1448 1997 1525 2036 χάριν
1554 1996 1624 2036 λέγω
1642 2004 1649 2011 ·
1671 2009 1680 2024 ι
1701 1998 1744 2025 Ἐν
1767 2001 1844 2037 πᾶσι,
1863 2010 1876 2025 ι

1049 2042 1140 2082 φησὶν,
1157 2041 1203 2069 ἵνα
1217 2042 1261 2069 καὶ
1288 2045 1369 2069 ταῦτα
1383 2044 1443 2079 νοῇς
1461 2043 1496 2074 ὡς
1512 2042 1578 2081 χρὴ,
1609 2042 1653 2069 καὶ
1674 2041 1759 2070 τᾶλλα
1785 2044 1878 2081 πράτ-

1050 2098 1098 2125 τῃς
1114 2087 1150 2118 ὡς
1166 2085 1207 2114 δεῖ
1224 2096 1230 2102 ·
1252 2097 1263 2114 ι
1296 2086 1450 2124 Μνημόνευε
1473 2086 1574 2119 Ἰησοῦν
1591 2087 1701 2126 Χριστὸν
1722 2087 1878 2126 ἐγηγερμέ-

1051 2143 1106 2162 νον,
1148 2142 1162 2158 n
1199 2125 1278 2168 “Ain
1312 2132 1355 2159 καὶ
1397 2132 1461 2170 πρὸς
1493 2132 1638 2171 αἷρετικοὺς
1679 2131 1878 2171 ἂσφαλὲστερω

1051 2182 1124 2205 ποιεῖ
1166 2176 1208 2203 καὶ
1250 2175 1376 2215 διεγείρει,
1421 2176 1519 2208 δεικνὺς
1560 2177 1597 2207 ὡς
1639 2176 1683 2203 καὶ
1718 2178 1732 2204 ὁ
1762 2179 1876 2215 Χρισείλς

1478 2221 1520 2247 καὶ
1571 2219 1613 2248 δια
1662 2221 1775 2249 θανάτου
1830 2233 1877 2249 τ,·ι

1049 2266 1158 2295 θάνατον
1193 2264 1403 2303 κατηγωνίσατο,
1437 2276 1448 2293 ι
1478 2263 1524 2292 Ἐκ
1551 2265 1701 2305 σπέρματος
1735 2266 1824 2295 Ani-3.
1859 2280 1873 2293 ›ι

1050 2305 1125 2344 "Han
1175 2311 1224 2349 γὰρ
1275 2309 1301 2342 ἐξ
1353 2309 1451 2338 ἐκείνου
1507 2310 1574 2342 τινὲς
1629 2314 1681 2338 τῶν
1736 2312 1875 2350 αἱρετικὼι

1049 2355 1097 2389 τὴν
1138 2354 1288 2392 οἰκονομίαν
1338 2354 1475 2394 ἠρνοῦντο,
1531 2356 1556 2383 οἲ
1609 2355 1738 2394 αἰσχύνην
1781 2355 1875 2394 ἐνόμι-

1048 2403 1103 2436 ζον,
1140 2400 1171 2427 τὸ
1199 2400 1244 2427 τὸν
1274 2400 1333 2427 Υιὸν
1359 2404 1404 2428 τοῦ
1432 2403 1498 2428 Θεοῦ
1523 2401 1627 2428 παθεῖν.
1659 2400 1707 2428 Καὶ
1734 2399 1776 2427 διὰ
1796 2405 1876 2429 τοῦξο

1049 2444 1115 2475 ἴσως
1143 2443 1191 2477 τὴν
1221 2444 1364 2483 φαντασίαν
1397 2444 1514 2482 εἰσῆγον,
1557 2444 1714 2483 ἀγνοοῦντες
1757 2445 1797 2473 ὅτι
1826 2447 1874 2479 1?”-

1048 2488 1128 2528 ἄκρας
1158 2490 1236 2517 αὐτοῦ
1275 2487 1467 2527 φιλανθρωπίας
1505 2490 1550 2517 καὶ
1590 2489 1754 2528 ἀγαθότητος
1795 2495 1875 2519 τοῦτο

1048 2532 1160 2571 μάλιστα
1185 2532 1283 2572 δεῖγμα
1315 2534 1471 2566 καθέστηκε.
1506 2545 1517 2559 n
1551 2534 1624 2562 Κατὰ
1662 2535 1689 2561 τὸ
1711 2535 1874 2573 [εὐαγγέλιόν

1048 2589 1108 2615 μου).
1134 2590 1147 2605 r
1173 2577 1281 2610 Ἐπειδὴ
1311 2578 1354 2605 καὶ
1382 2579 1405 2605 οἱ
1435 2577 1643 2615 ψευδαπόστολοι
1672 2579 1874 2618 εὐηγγελίζοντο

1046 2626 1146 2660 κακῶς,
1182 2623 1218 2653 ὼς
1250 2623 1279 2650 τὸ
1318 2622 1382 2659 ἐμὸν
1417 2623 1553 2662 κήρυγμα,
1595 2624 1685 2662 φησὶν,
1713 2624 1870 2664 ὑπογράφει.

1050 2677 1061 2695 α
1086 2665 1130 2695 Ἐν
1145 2669 1167 2704 ᾧ
1182 2668 1337 2695 κακοπαθῶ.
1358 2678 1371 2693 »
1391 2667 1426 2695 Τὸ
1441 2666 1541 2700 ἂιληθὰς
1559 2671 1604 2696 τοῦ
1625 2666 1786 2706 Εὗαγγελίου
1799 2679 1871 2708 παρ-

1048 2711 1143 2747 ίστησι,
1160 2712 1192 2739 τὰ
1208 2711 1310 2739 Παύλου
1332 2712 1487 2749 παθήματα,
1508 2723 1522 2739 α
1539 2710 1583 2739 Ἐν
1599 2713 1622 2748 ᾧ
1644 2721 1659 2741 (
1677 2712 1841 2752 Εὖαγγελίῳ·
1855 2726 1868 2741 ι

1046 2758 1199 2793 κακοπαθῳ,
1228 2767 1241 2783 »
1266 2756 1310 2787 Τίς
1338 2757 1387 2795 γαρ
1416 2756 1454 2793 μὴ
1480 2755 1565 2789 ἀληθῆ
1588 2756 1728 2795 κηρύσσων
1756 2759 1800 2785 καὶ
1830 2758 1871 2799 ἐρ’

1047 2805 1088 2835 οἷς
1103 2801 1141 2840 μὴ
1156 2800 1403 2841 πεπληροφόρηται,
1433 2800 1513 2829 ἕλοιτ’
1543 2800 1574 2829 ἂν
1595 2805 1702 2830 τοιαῦτα
1732 2803 1868 2844 πάσχει-η
