1942 3078
231 131 290 167 203

798 134 1007 169 CECUMENII
1028 134 1176 168 TRICC/E
1196 137 1361 170 EPISCOPl

1881 135 1942 169 204

231 202 398 234 secundum
408 211 500 244 opera
505 205 624 243 nostra,
630 202 680 234 sed
694 202 858 234 secundum
864 211 923 242 pro
923 203 994 243 post
997 206 1047 234 tua

1145 205 1212 233 κατὰ
1227 205 1260 233 τὰ
1274 204 1336 244 ἔργα
1359 205 1449 245 ἡμῶν,
1478 204 1546 233 ἀλλά
1569 205 1627 234 κατ’
1656 205 1721 234 ἰδίαν
1750 207 1879 245 πρόθεσιν
1894 217 1937 233 κα

229 251 258 278 et
268 249 403 288 gratiam
409 257 470 288 qua
479 248 559 279 daeta
567 251 609 279 est
625 247 711 279 nobis
728 256 786 288 per
799 247 954 279 Christum
968 247 1047 278 Jesm

1136 249 1190 288 ἀριν
1206 249 1254 283 την
1269 248 1388 278 δοθεῖσαν
1403 250 1472 288 ἡμῖν
1487 250 1513 278 ἐν
1529 253 1634 291 Χριστῷ
1648 249 1736 284 Ἰησοῦ
1757 251 1807 290 πρὸ
1828 250 1937 290 χρόνω-ι

232 296 302 323 ante
318 296 454 333 tempora
465 296 592 324 aeterna.

272 336 427 372 Quomodo
444 341 542 368 autem
553 336 704 368 suscitabo
714 336 826 367 donum
838 336 909 368 Dei?
927 336 957 368 Si
971 336 1063 366 virili-

234 384 280 412 ter
295 381 333 412 ad
349 381 529 412 tentationes
544 381 750 412 etatl'ectiones
757 381 1058 421 permanseris.¢Non

232 425 313 456 enim
330 425 416 457 nobis
432 425 515 457 dedit
528 425 607 456 Deus
622 425 758 465 spiritum
777 425 955 461 timiditatis,
976 438 989 453 ι»
1007 424 1059 455 Est

233 470 313 501 enim
330 474 375 501 est
390 470 513 511 spiritus
536 470 598 501 sive
627 470 737 500 donum
754 469 933 510 timiditatis,
950 478 1058 510 quem-

233 514 392 545 admodum
417 514 448 545 in
467 514 552 545 libris
576 516 688 553 Regum
706 514 746 544 ait
763 525 770 546 :
789 516 826 545 Et
841 514 948 545 cecidit
969 522 1059 554 super

234 559 302 590 illos
327 559 448 600 spiritus
475 559 654 597 timiditatis,
682 558 733 589 ubi
756 559 831 589 utile
857 559 979 590 omnino
994 562 1058 590 erat

234 603 411 636 timere.Sed
429 603 688 645 potentiae,inquit,
700 603 811 634 donum
826 603 925 634 datum
941 607 986 633 est
1000 611 1056 634 no-

233 647 292 678 bis.
312 659 325 676 α
341 649 496 680 Potentiae.
514 660 526 678 ι
545 647 616 684 Quae
630 651 675 679 est
693 647 836 678 adversus
865 647 1054 678 tentationes.

235 704 249 720 «
266 691 448 724 Dilectionis.
468 705 482 721 ν
500 693 572 730 Quae
587 696 632 723 est
647 700 718 731 erga
731 693 848 724 fratres.
873 703 882 720 Α
900 691 1056 723 Sobrieta-

233 737 281 768 tis.
301 749 314 767 ι
333 738 420 770 Circa
432 742 546 769 rectam
561 737 663 768 vitam.
680 737 722 768 Im
738 737 786 768 his
801 742 899 768 autem
917 736 1056 767 omnibus

233 782 389 815 inferenda
404 783 491 814 etiam
509 786 554 814 est
567 791 584 813 a
603 782 691 813 nobis
717 781 810 812 animi
839 781 1053 822 promptitudo.

232 826 275 858 Ne
288 827 379 867 igitur
391 832 419 859 te
428 827 536 868 pudeat
548 826 710 858 testimonii
722 826 841 857 Domini
852 825 956 857 nostri.
964 825 1055 857 nMul-

234 870 257 902 ti
277 871 414 903 homines
438 871 613 906 miserrimi.
637 870 869 911 dispensationis
883 869 1054 910 mysterium

232 916 316 956 juxta
342 916 489 948 humanas
514 916 645 946 rationes
668 915 890 954 investigantes,
908 914 1053 954 pudorem

235 969 302 992 esse
316 960 420 992 dicunt
434 960 459 991 si
474 960 528 991 Dei
542 959 650 991 Filium
665 959 838 991 cruciﬁxum
863 968 928 990 esse
944 958 1053 999 praedi-

233 1009 346 1043 carent,
363 1005 536 1045 ignorantes
551 1004 622 1045 quid
635 1004 801 1044 praestitum
817 1003 854 1034 sit
865 1012 919 1044 per
932 1012 1052 1034 crucem

230 1053 261 1081 et
275 1054 403 1081 mortem
428 1049 558 1082 Domini.
575 1049 617 1080 Te
645 1049 734 1088 igitur
755 1058 791 1079 ne
807 1049 924 1089 pudeat,
941 1048 1048 1088 inquit,

230 1094 395 1125 testimonii
409 1094 471 1125 sive
486 1094 690 1135 martyrii,hoc
711 1097 755 1124 est
770 1092 916 1133 passionis
927 1092 1047 1128 Christi,

229 1138 284 1170 sed
301 1139 397 1170 libere
411 1138 549 1180 praedica.
565 1151 579 1166 α
595 1138 698 1179 Neque
713 1137 773 1168 mei
788 1137 839 1178 qui
854 1146 918 1167 sum
934 1136 1050 1167 vinctus

227 1181 319 1214 illius.
338 1196 352 1211 »
369 1182 471 1224 Neque
495 1187 524 1214 te
542 1182 650 1223 pudeat
665 1182 742 1223 quod
769 1191 837 1213 eum
861 1182 912 1221 qui
933 1181 1049 1212 vinctus

227 1231 273 1258 est
286 1227 397 1259 habeas
412 1226 673 1268 praeceptorem.Si
688 1227 768 1258 enim
784 1226 919 1258 Christus
928 1225 966 1256 ob
982 1234 1050 1256 cru-

228 1280 294 1303 cem
321 1282 380 1303 non
405 1272 534 1309 erubuit,
561 1281 660 1312 neque
688 1281 742 1310 ego
763 1270 800 1301 ob
813 1269 941 1301 vincula.
962 1281 974 1297 (ι
993 1268 1050 1300 Sed

227 1316 374 1356 particeps
390 1320 454 1347 esto
470 1316 697 1348 afﬂictionum.»
709 1315 768 1346 Nec
778 1314 873 1346 solum
884 1318 913 1345 te
923 1322 982 1344 non
994 1322 1049 1353 pu-

229 1359 505 1398 deat,verumetiam
527 1369 585 1390 una
600 1369 718 1391 mecum
733 1359 882 1400 particeps
898 1362 960 1389 esto
972 1357 1051 1388 afﬂi-

229 1404 360 1435 ctionum
371 1413 378 1436 :
389 1404 446 1436 hoc
467 1403 560 1441 est,Si
575 1408 605 1435 et
615 1408 644 1435 te
656 1407 788 1444 oporteat
802 1402 972 1443 hujusmodi
992 1401 1052 1442 pati

232 1452 353 1488 propter
367 1447 569 1488 Evangelium,
585 1457 625 1479 ne
640 1447 793 1478 formides.
809 1446 882 1477 Nam
897 1447 954 1477 hoc
965 1454 1051 1486 supe-

1109 293 1232 324 αἰωνίων.
1251 306 1264 321 ι

1145 339 1206 370 Πῶς
1220 337 1247 366 δὲ
1262 338 1461 379 ἀναζωπυρήσω
1474 339 1506 368 τὸ
1529 339 1650 379 χάρισμα
1671 345 1719 370 τοῦ
1749 343 1814 368 Θεοῦ
1831 349 1839 378 ;
1870 339 1937 369 Ἐὰν

1101 386 1166 421 στῇς
1193 384 1258 422 πρὸς
1280 384 1443 424 πειρασμοὺς
1473 385 1611 424 γενναίως.
1644 393 1658 414 ι
1688 387 1725 414 Οὐ
1752 385 1802 424 γὰρ
1834 383 1937 412 ἔδωκεν

1100 428 1167 465 ἡμῖν
1182 431 1285 466 πνεῦμα
1313 427 1422 460 δειλίας.
1451 440 1465 457 ι
1493 424 1555 458 ’Ἐνι
1582 430 1632 469 γὰρ
1653 430 1698 457 καὶ
1727 433 1844 467 πνεῦμα,
1872 431 1934 457 οἷον

1099 473 1219 512 χάρισμα
1247 472 1355 511 δειλίας,
1383 474 1419 506 ὡς
1449 473 1477 502 ἐν
1497 480 1558 506 ταῖς
1580 472 1731 505 Βασιλείαις
1758 474 1824 513 «ρησί
1841 482 1848 488 ·
1881 474 1933 502 Καὶ

1099 516 1226 545 ἐπέπεσεν
1261 517 1302 545 ἐπ’
1330 518 1422 550 αὐτοὺς
1449 521 1552 556 πνεῦμα
1580 517 1688 555 δειλίας,
1711 517 1770 546 ἒθνα
1799 518 1930 558 συμφέρει

1098 561 1204 593 πάντως
1224 562 1255 590 τὸ
1285 561 1383 599 δειλιᾷν
1400 571 1408 580 ⁸
1429 561 1489 591 ἀλλ’
1517 564 1597 601 ἡμῖν,
1614 563 1690 602 φησὶ,
1713 563 1836 603 χάρισμα
1851 562 1931 590 δυνά-

1099 617 1170 643 μεως
1190 605 1302 637 δέδοται.
1323 618 1337 634 α
1357 607 1510 646 Δυνάμεως.
1534 618 1545 635 ι
1571 609 1626 640 Τῆς
1653 608 1719 647 πρὸς
1749 608 1929 647 πειρασμούς.

1098 651 1232 690 Ἀγάπης.
1263 663 1273 679 ι
1306 654 1360 685 Τῆς
1390 653 1454 692 πρὸς
1482 652 1541 685 τοὺς
1576 651 1713 692 ἀδελφούς,
1747 664 1760 679 ε
1790 656 1928 692 Σωφρονι-

1098 698 1176 733 σμοῦ.
1201 707 1215 723 ι
1247 697 1308 735 Περὶ
1333 696 1389 734 βίον
1418 696 1504 736 ὀρθόν,
1521 696 1580 736 Ἐφ’
1602 696 1684 725 ἂπασι
1705 695 1732 724 δὲ
1747 697 1866 733 τούτοις,
1884 698 1930 724 καὶ

1096 740 1168 777 ἡμᾶς
1184 740 1362 769 συνεισεκτέον
1380 741 1431 774 τὴν
1452 742 1608 780 προθυμίαν.
1639 752 1653 768 σ
1687 741 1731 774 Μὴ
1766 741 1815 769 οὖν
1843 741 1929 769 ἐπαι-

1097 786 1213 824 σχυνθῇς
1235 786 1266 813 τὸ
1302 785 1440 825 μαρτύριον
1468 789 1515 813 τοῦ
1545 786 1637 825 Κυρίου
1665 785 1754 823 ἡμῶν.
1787 797 1799 814 ι
1826 785 1928 814 Πολλοὶ

1096 829 1237 868 τρισάθλιοι
1264 828 1393 869 ἄνθρωποι
1423 830 1565 869 λογισμοῖς
1596 830 1766 870 ἀνθρωπίνοις
1795 831 1827 858 τὸ
1855 832 1927 858 κατά

1095 874 1146 907 την
1185 874 1334 912 οἰκονομίαν
1379 873 1541 910 ἐξετάζοντες
1590 875 1748 915 μσστήριον,
1791 876 1927 915 αἰσχύνην

1097 918 1168 946 εἶναι
1198 918 1331 959 λέγουσιν,
1360 919 1382 947 εἰ
1403 920 1448 947 τὸν
1478 920 1538 947 Υἱὸν
1566 923 1612 947 τοῦ
1647 922 1712 948 Θεοῦ
1741 919 1926 959 σταυρωθέντα

1094 961 1244 1002 κηρύξαιεν,
1273 962 1428 1002 ἀγνοοῦντες
1462 964 1487 991 τί
1515 965 1682 1004 κατωρθοῦτο
1706 962 1748 992 διὰ
1769 967 1815 992 τοῦ
1843 975 1926 992 σταυ-

1095 1012 1141 1046 ροῦ
1154 1008 1197 1036 καὶ
1217 1010 1263 1036 τοῦ
1290 1008 1402 1036 θανάτου
1429 1009 1477 1036 τοῦ
1504 1008 1608 1048 Κυρίου,
1644 1010 1680 1036 Σὺ
1702 1007 1759 1045 οὖν,
1781 1009 1858 1048 φησί⁹
1885 1010 1925 1046 μὴ

1095 1051 1273 1092 ἐπαισχυνθῇς
1310 1053 1341 1080 τὸ
1374 1053 1526 1093 μαρτύριον⁷
1555 1053 1684 1090 τουτέστι,
1714 1055 1760 1081 τὸν
1796 1055 1924 1093 σταυρὸν,

1090 1099 1137 1124 τοῦ
1164 1100 1290 1137 Χριστοῦ,
1326 1096 1394 1125 ἀλλά
1423 1098 1539 1137 κήρυσσε
1560 1097 1702 1137 παρρησίᾳ,
1730 1109 1741 1125 Ι
1775 1096 1849 1132 Μηδέ
1873 1097 1924 1136 ἐμὲ

1090 1141 1135 1169 τὺν
1151 1140 1268 1180 δέσμιον.
1286 1153 1298 1171 ι
1330 1141 1416 1179 Μηδὲ,
1445 1141 1485 1170 ὅτι
1513 1142 1588 1183 ἔχεις
1617 1142 1722 1180 δέσμιον
1748 1141 1921 1181 διδάσκαλον1

1091 1185 1279 1226 ἐπαισχυνθῇς.
1311 1187 1340 1216 Εἰ
1368 1187 1417 1227 γὰρ
1444 1187 1468 1215 ἓν
1487 1188 1598 1226 Χριστὸς
1627 1187 1675 1216 οὒκ
1697 1187 1855 1226 ἒπῃσχύνθη
1872 1188 1922 1214 τὸν

1092 1231 1212 1269 σταυρὸν²
1235 1229 1293 1258 οὑδὲ
1319 1230 1373 1270 ἐγὼ
1401 1231 1434 1258 τὰ
1454 1229 1549 1269 δεσμά.
1581 1242 1594 1258 σ
1624 1230 1707 1260 Ἀλλά
1737 1232 1915 1269 συγκακοιιτά-

1091 1275 1182 1307 θησον.
1202 1286 1217 1302 »
1243 1275 1291 1304 Καὶ
1318 1275 1357 1313 μὴ
1386 1275 1550 1315 ἑπαισχυθῇς
1573 1276 1665 1314 μόνον,
1691 1274 1759 1305 αλλὰ
1781 1276 1826 1303 καὶ
1855 1287 1921 1314 συγ-

1092 1319 1279 1353 κακοπάθησον
1307 1319 1367 1357 μετ’
1395 1319 1460 1358 ἐμοῦ
1477 1328 1484 1336 ³
1514 1320 1658 1357 τουτέστιν,
1689 1320 1718 1348 Εἰ
1740 1318 1793 1348 δέοι
1818 1320 1862 1347 καὶ
1890 1321 1918 1347 σὲ

1092 1366 1200 1392 τοιαῦτα
1228 1365 1323 1392 παθεῖν
1350 1363 1392 1392 διὰ
1419 1365 1450 1392 τὸ
1485 1364 1659 1405 Εὖαγγέλιον,
1691 1364 1729 1402 μὴ
1765 1363 1917 1403 δειλιςίσῃς.

1092 1411 1174 1436 Τοῦτο
1207 1408 1256 1448 γὰρ
1290 1407 1394 1446 ᾐνίξατο
1429 1409 1473 1437 καὶ
1507 1409 1562 1437 ἄνω
1590 1410 1649 1438 ἔνθα
1680 1409 1772 1449 φησὶν,
1801 1409 1837 1438 03
1866 1411 1917 1449 γὰρ

1093 1451 1220 1491 ἐλάϐομεν
1249 1453 1352 1490 πνεύμα
1378 1452 1487 1491 δειλίας,
1515 1453 1584 1482 ἀλλὰ
1611 1453 1758 1492 δυνάμεως.
1798 1464 1810 1480 ι
1842 1455 1916 1482 Κατᾶ

230 1491 294 1538 rius
305 1501 423 1533 quoque
434 1492 597 1531 innuit,ubi
609 1493 649 1524 ait
657 1491 732 1524 :Non
743 1491 906 1538 accipimus
915 1491 1047 1538 spiritum

1132 1508 1200 1535 ιαμιν
1236 1501 1311 1528 Θεοῦ.
1342 1498 1412 1526 Εἶτα
1440 1499 1483 1526 καὶ
1512 1498 1652 1538 προτρέπει
1676 1491 1766 1529 αὐτόν,
1797 1498 1842 1532 Μὴ
1864 1499 1916 1538 γὰρ

228 1535 464 1574 timiditatis,sed
481 1537 643 1578 potestatis.
664 1547 677 1565 α
688 1536 774 1567 Juxta
789 1535 842 1567 Dei
856 1535 1048 1576 potentiam.»

231 1580 349 1612 Deinde
365 1582 453 1612 etiam
470 1581 642 1612 exhortatur
658 1580 818 1612 illum.Non
827 1580 906 1610 enim
919 1579 1048 1620 propria,

228 1624 336 1665 inquit,
364 1628 494 1666 potentia
518 1626 598 1658 vales
623 1625 770 1656 sustinere
792 1625 981 1661 at‘tlictiones,
996 1623 1049 1655 sed

229 1668 309 1700 Deus
333 1670 504 1709 hujusmodi
531 1670 614 1701 dedit
642 1669 782 1710 dabitque
811 1668 989 1709 potentiam,
1019 1672 1050 1698 tu

230 1714 318 1745 modo
346 1714 376 1745 id
402 1715 508 1746 aﬂ'eras
532 1718 565 1745 ut
586 1714 617 1746 in
641 1715 698 1746 hoc
723 1718 877 1755 promptus
893 1713 945 1744 sis.
963 1724 974 1741 α
993 1712 1049 1749 Qui

227 1759 324 1790 salvos
336 1759 406 1790 fecit
421 1759 558 1791 nos.-Ad
575 1759 638 1790 haac
653 1759 846 1800 probationes
861 1761 999 1789 recenset
1012 1757 1049 1788 de

229 1802 327 1835 divino
336 1804 447 1836 auxilio
459 1813 494 1835 ac
509 1804 720 1845 potentia,quae
731 1803 762 1834 id
774 1802 865 1834 efﬁcit
879 1807 910 1834 ut
925 1801 1051 1833 viriliter

228 1848 390 1880 toleremus
415 1849 594 1880 afﬂictiones
610 1852 640 1880 et
653 1848 790 1888 injurias.
808 1847 922 1885 Salvos,
937 1847 1047 1887 inquit,

225 1892 294 1924 fecit
309 1902 363 1924 nos
378 1893 416 1924 de
431 1897 525 1924 morte
538 1893 663 1934 peccati,
681 1897 710 1924 et
720 1892 833 1924 vocavit
850 1901 903 1923 nos
918 1891 1047 1922 vocatio-

224 1937 413 1970 tionesancta
420 1948 486 1969 cum
497 1937 793 1969 obsurdesceremus:
810 1946 868 1968 non
876 1936 956 1976 quod
965 1935 1047 1975 digni

225 1990 360 2014 essemus
373 1982 539 2020 vocatione,
552 1981 622 2013 259
637 1982 690 2013 sed
700 1982 764 2022 ipse
779 1991 832 2012 suo
851 1980 1000 2022 proposito
1017 1983 1046 2010 et

219 2026 312 2065 gratia
328 2028 386 2058 hoc
401 2027 508 2058 etl‘ecit.
525 2026 582 2063 Qui
603 2027 702 2066 igitur,
719 2026 814 2067 inquit
827 2026 907 2066 (nam
925 2026 985 2056 haec
1001 2028 1046 2056 est

219 2072 393 2112 sententia),
404 2072 474 2102 dum
491 2071 604 2103 inimici
620 2080 754 2103 essemus
768 2071 809 2101 ita
826 2079 896 2110 erga
920 2079 975 2101 nos
990 2070 1044 2112 t‘uit

221 2116 356 2155 allectus,
382 2116 475 2147 multo
491 2116 585 2155 magis
601 2125 668 2147 cum
687 2115 776 2146 amici
800 2115 868 2146 facti
893 2115 996 2152 simus,
1016 2118 1044 2145 et

1093 1542 1186 1582 οἰκείᾳ,
1217 1542 1292 1582 φησὶ,
1315 1540 1421 1580 δυνάμει
1448 1542 1520 1582 ἔχεις
1535 1537 1752 1583 κακοπαθῆσαη
1784 1537 1812 1571 Ὀ
1849 1544 1916 1575 Θεὸς

1091 1586 1140 1620 τὴν
1155 1587 1281 1620 τοιαύτην
1302 1585 1382 1615 ἔδωκέ
1396 1597 1425 1615 τε
1453 1588 1497 1616 καὶ
1523 1586 1601 1616 δώσει
1628 1587 1735 1625 δύναμιν
1753 1595 1760 1602 ⁵
1785 1588 1815 1614 σὺ
1832 1587 1915 1625 μόνον

1091 1631 1121 1658 τὸ
1143 1633 1340 1671 προθυμηθῆναι
1356 1631 1490 1671 εἰσάγαγε.
1521 1641 1532 1659 ε
1557 1636 1608 1661 Τοῦ
1628 1631 1761 1664 σώσαντος
1789 1632 1873 1669 ἡμᾶς.
1902 1644 1915 1659 ι

1093 1674 1160 1703 Εἶτα
1188 1676 1231 1703 καὶ
1259 1678 1308 1709 τῆς
1337 1675 1508 1715 συμπράξεως
1536 1675 1582 1704 τοῦ
1610 1679 1676 1705 Θεοῦ
1704 1677 1747 1704 καὶ
1767 1678 1819 1709 τῆς
1841 1675 1917 1706 δυνά-

1090 1729 1173 1756 μεως,
1196 1722 1244 1753 τῆς
1260 1719 1346 1760 φέρειν
1372 1721 1497 1759 γενναίως
1513 1720 1641 1753 ποιούσης
1663 1720 1723 1752 τοὺς
1747 1721 1914 1760 πειρασμοὺς

1088 1764 1132 1791 καὶ
1146 1763 1196 1797 τὴν
1209 1759 1395 1802 κακοπάθειαν,
1420 1763 1491 1804 λέγει
1520 1765 1566 1798 τὰς
1594 1763 1750 1798 ἀποδείξεις.
1781 1759 1912 1793 ’Ἐσωσεν

1089 1809 1172 1848 ἡμᾶς,
1202 1809 1292 1849 φησὶν,
1322 1808 1352 1836 ἐκ
1378 1812 1424 1837 τοῦ
1452 1810 1563 1838 θανάτου
1591 1812 1642 1844 τῆς
1683 1809 1825 1849 ἆμαρτίις,
1867 1812 1913 1838 καὶ

1089 1852 1213 1880 ἐκάλεσεν
1240 1854 1312 1891 ἡμᾶς
1340 1852 1433 1888 κλήσει
1475 1854 1547 1893 ἁγίᾳ,
1589 1854 1817 1894 ἀποσνκιρτιῖιντας¹
1862 1855 1913 1883 οὒκ
1939 1861 1940 1874 ‘

1088 1895 1179 1931 ἐπειδὴ
1206 1896 1272 1930 ἄξιοι
1301 1900 1369 1936 ἦμεν
1396 1900 1445 1931 τῆς
1473 1898 1607 1937 κλήσεως,
1638 1897 1698 1927 ἀλλ’
1727 1899 1805 1930 αύτὸς
1829 1900 1914 1935 οἰκείᾳ

1087 1941 1205 1980 προθέσει
1233 1943 1278 1970 καὶ
1301 1943 1392 1983 χάριτι
1413 1947 1488 1972 τοῦτο
1523 1943 1676 1977 πεποίηκεν.
1709 1938 1737 1972 '0
1767 1943 1823 1981 οὖν²
1847 1945 1914 1983 φησί

1087 1985 1174 2024 (τοῦτο
1188 1987 1238 2026 γὰρ
1260 1987 1290 2014 τὸ
1313 1986 1506 2028 ἀποτέλεσμα),
1535 1987 1645 2028 ἐχθροὺς
1675 1986 1753 2020 ὄντας
1774 1987 1845 2016 οὕτω
1870 1988 1913 2016 δι-

1084 2030 1219 2071 τεθεικὼς,
1256 2030 1348 2068 πολλῷ
1376 2030 1476 2069 μᾶλλον
1504 2031 1589 2072 φίλοις
1624 2032 1748 2071 γεγονόσι
1771 2033 1815 2060 καὶ
1845 2033 1913 2071 ὑπὲρ

1084 2076 1163 2103 αὑτοῦ
1187 2077 1348 2104 κακοπαθεῖν
1376 2075 1539 2114 βουληθεῖσι,
1562 2075 1640 2105 δώσει
1667 2075 1775 2114 δύναμιν
1805 2077 1843 2108 εἰς
1880 2079 1910 2105 τὸ

1083 2119 1274 2159 περιγενέσθαι,
1307 2132 1320 2148 ε
1360 2121 1408 2150 Καὶ
1444 2121 1522 2161 χάριν
1557 2121 1606 2155 τήν
1634 2120 1755 2149 δοθεῖσαν
1783 2122 1853 2159 ἡμῖν
1880 2122 1907 2150 ἐν

217 2168 270 2200 pro
287 2169 323 2191 eo
338 2160 430 2206 affligi
445 2160 608 2206 cupiamus.
623 2161 785 2206 potentiam
797 2160 878 2206 dabit
893 2163 924 2190 ut
940 2159 975 2189 ad
985 2169 1040 2206 νει·-

1133 2169 1197 2202 στῷ.
1216 2176 1230 2193 ι
1250 2165 1383 2194 Δείκνυσιν
1397 2165 1437 2194 ὅτι
1453 2167 1483 2194 τὸ
1511 2165 1616 2200 δοθῆναι
1639 2167 1708 2203 ἡμῖν
1734 2165 1827 2206 χάριτι
1856 2167 1907 2201 την

217 2207 293 2236 tutes
309 2205 478 2237 evadamus.
499 2217 512 2233 ιι
529 2205 565 2236 Et
580 2204 703 2244 gratiam
720 2214 787 2245 quae
802 2205 870 2235 data
885 2208 929 2234 est
954 2204 1039 2234 nobis

214 2257 269 2289 per
280 2249 442 2282 Christum.
461 2262 474 2278 ιι
492 2249 629 2282 Ostendit
643 2249 721 2289 quod
733 2249 860 2280 salutem
872 2248 958 2279 nobis
976 2249 1039 2279 dari

213 2302 268 2333 per
282 2293 512 2330 Chrisiumtnam
526 2294 552 2322 ἕν
561 2293 676 2335 capitur
688 2303 741 2334 pro
751 2293 837 2331 διὰ,ίά
847 2293 1040 2334 est,in,prop-

215 2338 358 2377 terlantea
371 2339 588 2379 prmﬁguratum
601 2342 664 2369 erat
674 2342 743 2369 ante
761 2342 892 2379 tempora
909 2342 1032 2368 aiterna.

250 2386 382 2423 1,1044.
391 2386 551 2426 Manifesta
558 2389 600 2417 est
610 2389 713 2417 autem
722 2394 862 2424 nuncper
869 2386 1032 2425 apparitio-

210 2438 281 2461 nem
287 2431 460 2462 Saluatoris
465 2429 826 2470 nostriJesuChrz’sti,qui
833 2433 962 2462 mortem
967 2430 1033 2470 qui-

208 2474 278 2506 dem
295 2475 447 2516 abolevit,
460 2477 554 2506 vitam
569 2478 668 2506 autem
681 2475 713 2505 in
726 2474 820 2506 lucem
833 2475 982 2515 produxit
996 2484 1032 2506 ac

208 2520 469 2552 immortalitatem
481 2529 535 2561 per
554 2519 771 2559 Evangelium,
797 2521 829 2550 in
849 2520 927 2559 quod
949 2520 1031 2560 posi-

206 2566 255 2595 tus
270 2573 338 2596 sum
352 2573 407 2605 ego
420 2574 537 2606 prewco
562 2568 591 2595 et
613 2563 764 2604 apostolus
785 2572 820 2595 ac
839 2565 942 2596 doctor
956 2573 1030 2605 gen-

210 2611 287 2640 tium
301 2617 311 2639 :
327 2617 421 2649 quam
435 2609 470 2641 ob
485 2618 609 2641 causam
631 2611 723 2640 etiam
745 2617 802 2640 nec
821 2610 935 2650 patior,
948 2613 1030 2641 atta-

205 2662 272 2684 men
295 2662 355 2685 non
383 2654 536 2686 erubesco.
553 2654 631 2686 Novi
657 2654 741 2684 enim
764 2656 815 2684 cui
837 2654 1028 2696 crediderim,

205 2703 365 2738 certusque
376 2708 444 2730 sum
459 2699 537 2740 quod
551 2701 655 2740 potens
677 2698 716 2729 sit
739 2698 907 2738 depositum
930 2708 1029 2731 meum

203 2743 354 2776 e'ustodire
364 2744 398 2776 tn
407 2743 497 2777 illum
505 2744 595 2777 diem.
611 2743 754 2775 Formam
765 2743 871 2775 habeto
884 2751 1026 2775 sanorum

1081 2210 1212 2249 σωτηρίαν
1243 2208 1284 2237 διὰ
1312 2214 1358 2238 τοῦ
1386 2214 1498 2250 Χριστοῦ
1519 2211 1605 2249 (τοῦτο
1632 2209 1704 2249 λέγει
1735 2210 1761 2238 έν
1798 2214 1905 2250 Χριστῷ

1080 2251 1194 2294 Ἰησοῦ),
1220 2255 1456 2294 προτετυπωμένον
1496 2257 1530 2289 ῆν
1567 2254 1664 2283 ἄνωθεν
1712 2255 1762 2294 πρὸ
1796 2255 1904 2295 χρόνων

1080 2298 1202 2328 αἰωνίων.

1119 2399 1133 2415 α
1156 2389 1357 2428 Φανερωθεῖσαν
1385 2387 1412 2415 δὲ
1441 2393 1484 2418 νῦν
1514 2387 1556 2417 διὰ
1584 2390 1634 2422 τῆς
1662 2389 1812 2429 ἐπιφανείας
1857 2393 1902 2418 τοῦ

1075 2433 1199 2472 Σωτῆρος
1247 2433 1325 2471 ἡμῶν
1375 2431 1464 2466 Ἰησοῦ
1505 2437 1630 2474 Χριστοῦ)
1682 2435 1900 2474 καταργήσαντος

1073 2478 1122 2515 μὲν
1163 2478 1209 2505 τὸν
1263 2478 1384 2514 θάνατον,
1442 2478 1603 2518 φωτίσαντος
1659 2476 1686 2506 δὲ
1743 2482 1815 2514 ζωήν
1857 2480 1899 2508 καὶ

1073 2521 1214 2562 ἀφθαρσίαν
1256 2521 1298 2550 διὰ
1347 2525 1393 2550 τοῦ
1446 2523 1616 2563 Εὺαγγελίου,
1667 2524 1704 2555 είς
1746 2523 1760 2550 ὂ
1804 2523 1897 2557 ἐτέθην

1073 2565 1126 2606 ἐγὼ
1163 2566 1243 2606 κήρυξ
1276 2568 1320 2595 καὶ
1354 2567 1503 2599 ἀπόστολος
1531 2569 1575 2596 καὶ
1603 2567 1760 2601 διδάσκαλος
1803 2568 1894 2606 ἐθνῶν,

1072 2609 1104 2638 δι’
1139 2611 1172 2644 ἣν
1201 2611 1284 2640 αἰτίαν
1313 2612 1357 2639 καὶ
1390 2616 1472 2641 ταῦτα
1500 2612 1612 2652 πάσχω,
1643 2611 1703 2641 ἀλλ’
1739 2613 1786 2641 οὒκ
1815 2613 1895 2641 ἔπαι-

1071 2655 1215 2695 σχύνομαι,
1258 2655 1326 2684 Οἶδα
1367 2657 1416 2695 γὰρ
1457 2658 1480 2694 ᾧ
1521 2657 1691 2694 πεπίστευκα,
1728 2658 1772 2685 καὶ
1797 2658 1894 2686 πέπει-

1071 2711 1149 2738 σμαι,
1193 2699 1232 2728 ὅτι
1274 2699 1381 2734 δυνατός
1437 2701 1493 2730 ἐστι
1545 2702 1595 2735 τὴν
1646 2703 1803 2742 παραθήκην
1845 2713 1895 2740 μω

1072 2743 1181 2785 φυλάξαι
1225 2746 1260 2778 εἰς
1308 2746 1410 2781 ἐκείνην
1457 2747 1508 2781 τὴν
1554 2746 1666 2787 ἡμέραν,
1711 2742 1896 2776 ⁴Υποτύπωσιν
