1942 3078
203 142 262 177 207

201 256 249 288 De
262 257 455 289 convenietin
472 211 825 289 "(2533033313in
835 257 1021 298 dogmatum.

240 345 264 384 Ι,
279 346 383 377 15-15,
409 345 496 377 Nosti
509 345 563 377 hoc
576 346 656 385 quod
672 345 827 377 adversati
842 354 888 376 me
908 345 1024 384 fuerint

200 398 303 421 omnes
314 391 367 430 qui
382 393 453 422 sunt
467 391 499 421 in
514 390 604 428 Asia,
630 398 759 429 quorum
773 393 815 421 est
830 390 975 430 Prygelus
996 392 1024 420 et

202 433 414 475 Hermogenes.
434 435 488 465 Det
510 435 579 464 261
605 434 843 466 misericordiam
873 434 1023 465 Dominus

202 478 380 519 Onesiphori
388 478 677 519 familiw,quoniam
687 482 797 519 saepius
808 488 854 510 me
869 478 1022 518 refocilla-

201 524 257 560 vit,
273 523 349 554 etde
367 526 473 555 catena
488 532 557 555 mea
577 533 638 555 non
653 523 788 562 erubuit,
800 524 853 555 sed
866 531 932 555 cum
946 526 1022 554 esset

200 567 315 605 Romae,
331 567 485 599 stridimus
497 568 638 608 quaesivit
652 576 709 603 me.
724 572 751 599 et
780 570 907 599 invenit.
925 568 981 599 Det
995 570 1025 599 ei

757 144 963 177 CECUMENII
985 139 1133 174 TRICC/E
1152 140 1319 174 EPISCOPI

1828 138 1884 170 ‘208

1382 211 1508 239 ΚΕΦΑΛ.
1534 203 1575 238 B'.

1066 267 1078 284 Ι
1098 257 1158 296 Περὶ
1172 256 1220 290 τῆς
1246 256 1411 296 ἁρμοζούσης
1433 254 1599 293 μεταδόσεως
1621 258 1674 283 τῶν
1696 255 1772 283 θείων
1789 254 1886 294 δογμά-

1426 307 1490 327 των,
1507 307 1519 323 υ

1108 355 1120 372 u
1153 343 1236 376 Οἶδας
1258 346 1333 373 τοῦτο
1361 343 1401 372 ὅτι
1437 342 1642 383 ἀπεστράφησάν
1679 354 1712 381 με
1741 342 1840 374 πάντες
1865 343 1888 369 οἱ

1064 389 1092 417 ἐν
1132 391 1166 426 τῇ
1200 388 1275 425 Ἀσίᾳ
1309 390 1346 417 ὧν
1386 388 1441 418 ἔστι
1471 382 1603 428 Φρύγελος
1638 388 1682 416 καὶ
1711 382 1886 426 Ἑρμογένης.

1065 434 1128 470 Δῴη
1159 432 1234 465 ἕλεος
1275 435 1290 462 ὁ
1324 434 1417 473 Κύριος
1452 436 1490 470 τῷ
1520 431 1695 472 Ὀνησιφόρου
1729 431 1808 471 οἴκῳ,
1848 431 1888 458 ὅτι

1063 477 1191 511 πολλάκις
1220 488 1252 516 με
1280 477 1396 516 ἒνὲψυξε,
1433 478 1477 507 καὶ
1513 478 1563 511 τὴν
1610 476 1701 504 ἅλυσίν
1743 487 1794 514 μου
1843 478 1890 505 οὒκ

1063 522 1230 562 ἑπῃσχύνθη,
1274 522 1343 551 ἆλλᾶ
1383 523 1524 561 γενόμενος
1580 522 1607 550 ἒν
1651 516 1754 561 Ῥώμῃ,
1801 532 1888 549 σπου-

1065 566 1196 607 δαιότερον
1237 567 1349 603 ἐζήτησέ
1391 578 1425 606 με
1465 568 1509 598 καὶ
1551 568 1620 607 εὗρε,
1667 567 1729 603 Δῴη
1771 567 1846 603 αὐτῷ
1875 567 1889 592 ὁ

201 610 356 650 Dominus,
368 615 402 643 ut
415 612 554 644 inveniat
566 612 810 643 misericordiam
823 612 909 653 apud
923 612 1024 643 Domi-

1108 623 1157 644 >ιος
1194 612 1278 651 εὑρεῖν
1314 612 1387 645 ἔλεος
1422 612 1493 651 παρὰ
1534 612 1626 651 Κυρίου
1669 611 1696 640 ἐν
1731 611 1818 649 ἐκείνῃ
1856 613 1890 648 τῇ

201 665 275 687 num
289 656 323 687 in
337 655 387 687 die
397 655 506 687 illo.Et
520 659 553 687 in
567 665 659 696 quam
672 656 775 688 multis
790 656 902 697 Ephesi
917 656 1011 688 minis

1108 656 1161 696 ἑρᾳ,
1197 657 1241 685 καί
1273 656 1321 685 ὅσα
1357 657 1383 685 ἐν
1415 655 1519 696 Ἐφέσῷ
1546 655 1702 696 διηκόνησε⁷
1732 655 1838 694 βέλτιον
1861 655 1891 684 σὺ

202 701 332 732 traverit
346 703 378 732 tu
391 700 499 732 melius
511 702 603 732 nosti.

1109 701 1216 734 ὠσχεις,
1235 713 1249 728 ι

243 744 429 777 Amictiones
443 749 731 786 commemorat,non
745 749 776 776 ut
788 745 966 786 discipulum
980 755 1024 776 re-

1108 744 1257 784 Ἐξηγεῐται
1292 745 1353 777 τοὺς
1387 746 1561 786 πειρασμοὺς,
1593 746 1645 785 οὔχ
1669 745 1716 773 ἵνα
1750 744 1892 781 καταϐάλῃ

202 789 437 829 prehendat,sed
448 794 480 821 ut
489 790 595 822 doceat
606 790 642 822 ad
654 790 764 821 similia
773 790 889 821 fortiter
899 790 1024 821 toleran-

1108 791 1269 829 ιμαθητὴν,
1313 790 1373 819 ἀλλ’
1407 791 1452 819 ἵνα
1493 789 1581 829 διδάξῃ
1618 791 1661 819 ἐπὶ
1695 797 1754 823 τοῖς
1789 791 1892 827 ὁμοίοις

202 835 362 866 dum.Nam
379 844 447 866 cum
462 844 479 866 a
493 834 610 866 Nerone
625 835 861 875 comprehensus
869 839 957 875 esset,
969 835 1023 866 de-

1108 837 1198 874 περῶς
1240 835 1338 876 φέρειν,
1385 834 1572 875 Συλληφθέντα
1620 835 1670 874 γὰρ
1705 835 1783 863 αὐτὸν
1809 834 1891 876 ,παρὰ

203 880 387 921 reliquerunt
398 889 465 911 eum
473 879 562 910 amici
574 879 624 920 qui
634 874 719 911 erant
728 879 757 909 in
766 879 934 910 Asia.Multi
946 880 1024 910 enim

1108 892 1199 920 ρωνος,
1216 874 1331 921 οἱ-φίλοι
1360 874 1502 910 κατέλιπον
1529 883 1552 910 οἱ
1581 880 1608 909 ἒν
1637 884 1671 919 τῇ
1693 881 1780 916 Ἀσίᾳ.
1807 874 1893 908 Ἠσαν

202 924 304 957 Romae
316 928 400 957 erant
411 924 462 965 qui
477 924 514 955 ab
528 924 599 955 Asia
619 923 713 955 secuti
732 927 817 955 erant
839 923 961 954 Paulum
977 928 1024 955 aut

1108 937 1116 954 π
1137 925 1165 953 ἐν
1188 921 1279 964 Ῥώμῃ
1304 925 1400 954 πολλοὶ
1429 925 1459 953 ἐκ
1492 928 1542 958 τῆς
1569 924 1660 958 Ἀσίας
1696 925 1823 963 ἑπόμενοι
1856 928 1893 962 τῷ

203 970 261 1001 alio
278 970 365 1000 modo
386 968 555 1005 credentes;
576 977 681 999 omnes
705 973 802 999 autem
822 967 1024 999 subduxerunt

1109 969 1174 1007 ύλῳ,
1205 969 1223 1004 ἢ
1252 969 1339 1002 ἄλλως
1375 971 1475 999 πιστοί.
1508 969 1608 1002 Πάντες
1643 969 1671 997 δὲ
1699 970 1892 1009 ἆπεσχοίνισαν

203 1023 272 1046 sese
283 1017 437 1055 postquam
453 1016 497 1044 est
507 1022 524 1043 a
534 1014 655 1044 Nerone
666 1012 913 1053 comprehensus.
939 1025 953 1040 α
971 1012 1024 1048 Qui

1108 1014 1174 1046 ιτοῦς
1189 1014 1256 1052 μετὰ
1271 1014 1320 1047 τὴν
1344 1015 1394 1042 ὑπὸ
1419 1014 1536 1053 Νέρωνος
1564 1013 1706 1051 σύλληψιν.
1734 1026 1748 1041 ε
1771 1015 1802 1043 Οἱ
1818 1014 1847 1042 ἐν
1862 1017 1894 1051 τῇ

204 1063 271 1089 sunt
285 1058 317 1089 in
329 1057 400 1089 Asia
414 1068 421 1088 :
440 1070 453 1085 ι
471 1057 528 1088 hoc
543 1061 599 1094 est,
614 1066 649 1088 ex
664 1057 744 1089 Asia.
761 1069 773 1085 α
789 1056 844 1088 Det
855 1057 1023 1088 misericor-

1108 1059 1152 1095 τίᾳ.
1170 1070 1184 1086 ι
1201 1057 1353 1094 Τουτὲστιν,
1379 1059 1403 1087 οἱ
1432 1058 1462 1086 ἐκ
1489 1061 1538 1091 τῆς
1560 1057 1662 1090 Ἀσίας.
1694 1068 1706 1086 ι
1732 1059 1795 1096 Δῴη
1819 1058 1893 1090 ἕλεος

203 1103 282 1133 diam
297 1102 453 1134 Dominus.
472 1112 485 1128 ιι
501 1101 709 1133 Animadverte
724 1101 788 1141 ejus
801 1101 940 1132 studium.
958 1101 1023 1132 Non

1108 1103 1212 1142 Κύριος.
1243 1114 1258 1130 ι
1298 1097 1370 1142 “Op:
1398 1102 1564 1143 φιλοσοφίαν,
1603 1103 1670 1135 Τοὺς
1706 1103 1753 1141 μὲν
1782 1103 1893 1131 καταλι-

203 1151 373 1178 exsecratur
388 1155 439 1177 eos
457 1146 508 1187 qui
531 1146 725 1186 reliquerant,
742 1145 796 1177 sed
811 1146 908 1176 solum
924 1149 1024 1176 narrat

1108 1158 1175 1184 ηας,
1192 1147 1221 1175 οὗ
1240 1147 1419 1187 κατηράσατο,
1441 1146 1510 1175 ἀλλὰ
1539 1147 1618 1184 μόνον
1647 1148 1680 1176 τὰ
1706 1147 1766 1176 κατ’
1794 1149 1890 1179 αὖτοὺς

202 1201 269 1233 qua;
280 1191 317 1222 ab
331 1191 404 1231 ipsis
419 1191 529 1222 ﬁebant
541 1201 548 1222 :
558 1191 586 1221 ei
596 1200 665 1222 vero
677 1190 729 1231 qui
748 1199 834 1230 opem
850 1190 916 1221 tulit
930 1190 1022 1221 multa

1110 1192 1212 1230 γήσατο
1230 1199 1237 1206 ·
1275 1195 1313 1229 τῷ
1341 1191 1368 1219 δὲ
1403 1191 1581 1231 συμπράξαντι
1612 1191 1700 1221 πολλὰ
1735 1192 1889 1232 ἐπεύχεται,

203 1235 282 1268 bona
292 1239 440 1276 precatur,
463 1244 519 1267 nec
534 1235 590 1266 soli
601 1235 728 1275 ipsi,sed
741 1239 770 1265 et
784 1235 904 1266 familiae
919 1234 1022 1275 ipsius:

1108 1259 1109 1264 η
1124 1236 1171 1265 οὐκ
1186 1238 1257 1274 αὐτῷ
1273 1237 1355 1275 μόνῳ,
1380 1235 1449 1266 ἀλλὰ
1463 1237 1507 1265 καὶ
1521 1240 1559 1274 τῷ
1583 1236 1653 1273 οἴκῳ
1680 1239 1769 1268 αὺτοῦ.
1800 1237 1891 1269 Οὕτως

203 1280 276 1312 adeo
292 1280 377 1322 probi
400 1283 495 1318 erant,
514 1283 542 1311 et
562 1280 601 1310 ita
616 1279 821 1319 Onesiphorus
839 1287 891 1310 eos
913 1279 1024 1309 instru-

1108 1292 1134 1309 ιν
1148 1281 1276 1321 ἐνάρετοι,
1301 1282 1344 1310 καὶ
1366 1281 1449 1313 οὕτως
1477 1281 1570 1314 αὖτοὺς
1600 1281 1774 1322 Ὀνησιφόρος
1811 1282 1890 1310 ἐπαί-

202 1321 298 1357 xerat.
315 1324 520 1365 «Onesiphori
545 1324 674 1355 familiae.
694 1335 705 1352 ι
724 1323 747 1355 0
763 1323 831 1354 felix
856 1322 1024 1363 Onesipho-

1108 1336 1166 1358 cev.
1197 1335 1213 1356 ι
1241 1329 1284 1363 Τῷ
1318 1325 1491 1366 Ὀνησιφόρου
1533 1326 1612 1362 οἴκῳ.
1656 1337 1667 1354 ι
1709 1321 1740 1353 Ὠ
1778 1327 1891 1366 μακάριε

203 1371 256 1400 re!
284 1369 334 1410 qui
360 1369 468 1409 dignus
494 1369 613 1400 habitus
640 1378 672 1399 es
695 1372 728 1399 ut
751 1368 873 1399 Paulum
904 1367 1024 1398 refocil-

1108 1369 1243 1410 »ησιφόρεί
1281 1370 1309 1403 ὃς
1329 1370 1442 1404 ἠξιώθης
1464 1369 1587 1403 ἆναλῦξαι
1616 1370 1730 1408 Παῦλον,
1761 1370 1809 1404 εἴη
1826 1372 1891 1408 ἡμῖν

204 1414 293 1451 lares,
310 1415 347 1445 sit
357 1413 443 1445 nobis
468 1418 497 1446 et
519 1423 586 1454 pars
610 1417 719 1444 tecum.
740 1425 753 1440 α
769 1412 884 1452 Saepius
906 1421 953 1443 me
974 1422 1024 1443 re-

1108 1415 1139 1446 :ic
1155 1416 1222 1453 μετὰ
1237 1418 1294 1443 σοῦ’
1321 1426 1335 1442 ι
1352 1414 1484 1447 Πολλάκις
1513 1425 1546 1452 με
1576 1415 1697 1453 ὰνέψυξε,
1724 1427 1737 1442 ε
1769 1416 1891 1452 Καθάπερ

205 1458 356 1490 focillavit.
371 1471 382 1486 υ
396 1459 483 1489 Vetut
504 1458 647 1490 athletam
672 1457 801 1498 aliquem
829 1458 967 1498 squalore
992 1466 1024 1487 ac

1108 1460 1185 1495 ιητήν
1213 1471 1271 1488 τινα
1304 1460 1354 1488 ὑπὸ
1384 1463 1431 1488 τοῦ
1466 1459 1572 1500 αὖχμοῦ
1599 1462 1648 1493 τῆς
1689 1459 1778 1493 πάλης
1809 1471 1889 1489 κατε-

206 1503 375 1543 fatigatione
393 1503 498 1534 alucta
514 1506 699 1543 occupatum.
721 1497 782 1532 ἑιΕι
796 1501 833 1532 de
849 1505 953 1533 catena
961 1510 1024 1532 mea

1108 1505 1263 1542 [.LEVOV.’_Kat
1278 1505 1327 1538 τὴν
1348 1503 1438 1532 ἅλυσίν
1467 1497 1519 1542 μου
1543 1506 1590 1533 οὒκ
1624 1504 1793 1544 ἐπῃσχύνθη.
1827 1505 1890 1535 Τοὺς

205 1557 264 1579 non
280 1548 408 1580 erubuit.
428 1559 440 1577 ι
456 1547 579 1578 Relictis
598 1546 740 1588 periculis
763 1546 906 1586 pudorem
931 1546 1024 1577 solum

1108 1547 1199 1582 δύνους
1234 1549 1320 1589 ἀφεὶς,
1363 1549 1412 1583 τὴν
1457 1549 1587 1589 αἰσχύνην
1621 1548 1757 1588 προέταξε,
1796 1550 1892 1577 πείθων

205 1592 366 1632 proposuit,
381 1592 510 1624 suadens
524 1591 702 1632 discipulum
728 1590 805 1621 bono
827 1600 893 1622 esse
913 1590 1024 1628 animo,

1108 1593 1247 1632 ιμαθητὴν
1262 1592 1376 1632 θαῤῥεῖν.
1409 1594 1446 1625 ὡς
1474 1593 1604 1633 αἰσχύνης
1631 1594 1715 1632 μόνης
1730 1594 1891 1632 τικτομένης

204 1637 295 1668 veluti
309 1637 391 1668 solus
405 1638 499 1678 pudor
510 1646 544 1667 ex
554 1645 589 1667 ea
599 1635 847 1676 procederet,nec
861 1635 1024 1676 periculum

1111 1641 1157 1666 τοῦ
1171 1638 1338 1678 πράγματος,
1362 1639 1405 1666 καὶ
1426 1638 1455 1666 οὗ
1483 1637 1600 1667 κινδύνου
1620 1638 1766 1678 προσόντος
1781 1648 1789 1657 ο
1807 1639 1892 1667 καίτοι

204 1681 370 1719 accederet,
398 1691 464 1712 cum
491 1685 589 1712 tamen
610 1681 731 1712 adesset
744 1680 832 1711 etiam
848 1679 1024 1721 periculum.

1113 1683 1156 1711 καὶ
1171 1682 1287 1715 κίνδυνος
1302 1685 1415 1723 προσ-ἦν,
1440 1678 1469 1711 Ι0
1492 1682 1541 1722 γὰρ
1565 1682 1655 1722 Νέρων
1672 1682 1793 1720 ἐμαίνετο
1826 1683 1891 1712 κατα

204 1725 282 1757 Nero
304 1726 383 1757 enim
409 1725 525 1757 insania
540 1725 706 1765 agitabatur
725 1725 867 1756 adversus
889 1725 1023 1762 Paulum,

1109 1726 1171 1756 ύλου
1205 1728 1242 1760 ὡς
1281 1727 1489 1768 κατηχήσαντός
1511 1738 1570 1755 τινα
1595 1728 1649 1756 τῶν
1670 1728 1773 1756 οἰκείων
1810 1730 1891 1765 αὐτῷ.

205 1770 284 1810 quod
301 1770 461 1810 quemdam
477 1779 494 1800 e
507 1769 683 1801 domesticis
696 1769 758 1800 suis
782 1769 812 1799 in
838 1769 896 1800 fide
911 1769 1024 1800 instru-

1121 1771 1328 1812 Σπουδαιότερον
1357 1772 1469 1808 ἐζήτησέ
1498 1783 1542 1810 με.
1569 1783 1581 1800 1
1614 1773 1651 1801 Οὖ
1674 1773 1767 1812 μόνον⁷
1796 1774 1889 1813 φησὶν,

203 1814 306 1847 xisset.
325 1826 336 1843 α
348 1814 514 1846 Studiosius
529 1814 662 1855 quaesivit
676 1823 733 1845 me.
754 1826 765 1843 ι
780 1813 843 1844 Νοη
860 1813 967 1850 solum,
982 1813 1024 1844 in-

1108 1827 1114 1844 ι
1160 1815 1239 1856 ἔφυγέ
1279 1828 1330 1854 μου
1371 1817 1421 1850 τὴν
1463 1816 1616 1856 συντυχίαν,
1654 1817 1738 1845 καίτοι
1773 1817 1893 1846 κινδύνου

204 1859 278 1900 quit,
308 1869 369 1890 non
396 1859 470 1899 fugit
498 1868 594 1890 meam
624 1859 808 1895 societatem,
826 1868 892 1889 cum
924 1861 1024 1889 tamen

1108 1871 1139 1893 ος
1154 1861 1198 1889 καὶ
1213 1861 1402 1901 συντυγχάνειν
1430 1863 1501 1899 αὐτῷ
1531 1861 1598 1889 μετὰ
1627 1861 1657 1889 τὺ
1693 1860 1891 1901 ἑγκλεισϐἦναι,
1922 1861 1923 1865 “

204 1903 292 1935 etiam
308 1904 473 1944 periculum
485 1907 564 1934 esset
578 1912 696 1934 mecum
711 1903 884 1935 conversari
901 1902 953 1934 ubi
972 1911 1024 1934 re-

1108 1910 1133 1944 ll:
1159 1906 1203 1934 καὶ
1237 1905 1439 1946 σπουδαιότερον
1461 1909 1507 1934 τοῦ
1534 1905 1685 1946 ὀφείλοντος
1715 1906 1833 1941 ἐζήτησε
1862 1917 1892 1944 με

203 1948 304 1979 clusus
315 1957 410 1979 essem
425 1956 431 1979 :
444 1957 546 1979 verum
575 1948 662 1979 etiam
688 1948 851 1979 studiosius
866 1956 952 1988 quam
970 1947 1024 1978 de-

1108 1961 1116 1983 ;
1145 1949 1202 1990 εὗρέ
1229 1960 1271 1987 με.
1304 1951 1334 1979 Οἱ
1361 1954 1549 1982 κοινωνοῦντες
1578 1949 1606 1978 δὲ
1633 1951 1685 1979 τῶν
1714 1949 1805 1980 πόνων
1836 1958 1892 1983 τοῖς

204 1992 268 2024 buit
281 1993 418 2034 quaesivit
430 2002 478 2024 me
492 1993 588 2024 donec
603 1992 767 2024 invenisset
781 2001 840 2023 me.
854 1992 910 2028 Qui
924 1996 1024 2023 autem

1108 1994 1162 2031 ἴοις,
1177 1995 1367 2030 κοινωνήσουσι
1382 1991 1500 2023 καὶτῶν
1527 1994 1676 2035 στεφάνων,
1703 1995 1740 2026 ὡς
1776 1996 1823 2025 καὶ
1845 1995 1893 2023 αὒ-

204 2039 362 2078 participes
397 2047 463 2068 cum
486 2037 599 2068 sanctis
622 2041 705 2068 erant
719 2037 749 2068 in
767 2036 916 2068 laboribus
936 2040 1024 2067 erunt

1108 2050 1209 2079 :qmct.
1235 2050 1249 2067 ι
1282 2039 1375 2072 Καλῶς
1408 2039 1564 2080 ἐποιήσατε,
1590 2039 1801 2075 κοινωνήσᾳντές
1846 2051 1892 2077 μου

203 2091 322 2122 quoque
337 2082 498 2123 participes
511 2081 541 2112 in
557 2081 688 2119 coronis,
712 2082 787 2112 sicut
813 2081 879 2122 ipse
904 2081 1022 2112 dicit‘:

1114 2083 1213 2122 θλίψει.
1244 2095 1258 2111 ι
1292 2100 1330 2106 —
1353 2085 1416 2121 Δῴη
1444 2084 1517 2121 αὒτῷ
1544 2085 1558 2112 ὁ
1581 2084 1674 2124 Κύριος
1703 2084 1790 2123 εὑρεῖν
1820 2084 1891 2116 ἕλεος
1922 2107 1923 2114 η

207 2138 218 2154 ι
248 2126 339 2159 Recte
367 2126 464 2158 fecisti
491 2127 568 2166 quod
602 2126 844 2157 communicastis
874 2125 1024 2158 atllictioni

1108 2128 1138 2167 ρέι
1152 2128 1257 2167 Κυρίου.
1289 2138 1304 2158 )
1329 2130 1359 2157 Οἱ
1387 2129 1420 2156 τὰ
1455 2128 1607 2168 Μαρκίωνος
1643 2132 1799 2168 φρονοῦντες
1837 2129 1891 2157 ἐπι-

204 2181 308 2204 meae.»
322 2171 377 2203 Det
391 2171 419 2203 ei
435 2171 578 2203 Dominus
593 2175 626 2202 ut
641 2171 772 2202 inveniat
792 2171 1024 2202 misericordiam

1110 2171 1222 2210 δῶσιτῇ
1244 2176 1347 2213 Γραφῇ,
1377 2174 1413 2204 ὡς
1443 2172 1486 2201 δύο
1517 2173 1616 2212 Κυρίων
1643 2172 1737 2211 ὅννων,
1767 2173 1831 2203 ἀλλ’
1852 2176 1891 2205 εἷς

203 2217 280 2257 apud
296 2216 487 2248 Dominum.»
503 2215 559 2252 Qui
574 2215 731 2246 Marcionis
748 2215 886 2255 dogmata
898 2224 1026 2255 sequun-

205 2265 263 2298 tur,
280 2261 425 2293 assultum
450 2261 560 2291 faciunt
588 2260 620 2290 in
647 2260 841 2300 Scripturam,
867 2260 951 2300 quasi
967 2260 1024 2290 duo

204 2305 263 2336 sint
291 2305 410 2337 Domini
435 2315 526 2336 unum
544 2308 642 2336 tamen
669 2305 738 2336 alibi
767 2304 838 2335 dicit
853 2303 1023 2336 Dominum.

205 2361 219 2378 ι
235 2349 329 2382 Nobis
344 2354 444 2381 tamen
459 2359 539 2381 unus
563 2352 609 2381 est
619 2349 763 2380 Dominus
784 2349 870 2380 Jesus
892 2349 1026 2380 Christus

202 2404 256 2435 per
268 2404 358 2436 quem
371 2395 472 2426 omnia
484 2395 511 2425 5.
527 2405 541 2424 ι
557 2394 633 2430 Quid
646 2403 715 2434 ergo
727 2394 884 2425 dicemus?
899 2393 968 2425 Haec
979 2403 1027 2424 or-

202 2439 316 2471 dinatio
331 2440 362 2471 in
378 2449 433 2470 usu
452 2442 497 2470 est
517 2438 594 2479 apud
619 2438 746 2469 divinam
772 2437 955 2479 Scripturam
970 2448 977 2468 :
994 2442 1026 2469 ut

1068 2217 1157 2256 Κύριος
1181 2216 1302 2257 ἀλλαχοῦ
1329 2229 1420 2257 φησιν,
1446 2229 1460 2244 α
1492 2212 1574 2255 Ἠμῖν
1595 2216 1623 2245 δὲ
1652 2219 1693 2250 εἴς
1724 2218 1821 2257 Κύριος
1843 2217 1892 2251 ’1η-

1066 2266 1128 2294 σοῦς
1149 2262 1272 2300 Χριστὸς,
1295 2260 1328 2289 δι’
1350 2263 1380 2290 οὗ
1407 2263 1440 2290 τὰ
1467 2262 1563 2292 πάντα.
1592 2273 1606 2289 σ
1633 2262 1663 2290 Τί
1691 2261 1735 2290 οὖν
1756 2262 1890 2302 ἐροῦμενς
1922 2261 1923 2266 ¹

1068 2307 1185 2341 Συρεήθης
1214 2307 1232 2340 ἡ
1246 2306 1363 2340 σύνταξις
1384 2306 1450 2341 αὕτη
1471 2310 1506 2345 τῇ
1530 2307 1585 2343 θείᾳ
1613 2309 1715 2346 Γραφῇ.
1748 2302 1796 2340 Ὠς
1824 2307 1890 2338 ἐκεῖ.

1068 2351 1152 2379 Εἶπεν
1181 2349 1312 2391 Ἀϐραὰμ,
1342 2353 1379 2381 Οὐ
1418 2352 1458 2390 μὴ
1492 2351 1595 2390 εἰσέλθῃ
1624 2350 1744 2390 Ἀϐραάμ
1763 2359 1770 2366 ’
1811 2353 1849 2384 ὡς
1874 2353 1892 2380 εἰ

1067 2394 1152 2434 ἔλεγε,
1182 2395 1314 2435 Παράσχῃ
1341 2396 1412 2433 αότῷ
1442 2397 1456 2424 ὁ
1479 2397 1571 2435 Κύριος
1601 2396 1686 2435 εὑρεῖν
1716 2395 1792 2428 ἕλεος
1831 2396 1890 2436 παρ’
1920 2405 1923 2410 ‘

1067 2439 1149 2477 αὐτῷ.
1167 2440 1197 2468 Εἰ
1211 2439 1238 2468 δὲ
1253 2441 1296 2468 καὶ
1318 2441 1363 2468 τὸν
1387 2440 1490 2480 Πατέρα
1518 2441 1562 2468 καὶ
1589 2441 1634 2468 τὸν
1656 2441 1716 2468 Υἱὸν
1747 2439 1890 2474 δηλοῦσθαι

202 2488 249 2515 est
275 2484 348 2516 illud
364 2494 371 2515 :
385 2483 464 2515 Dixit
489 2482 866 2523 AbrahamzNequaquam
880 2486 960 2513 289
975 2482 1023 2513 in-

1108 2485 1175 2512 ‘1601
1190 2483 1261 2525 δέξῃ,
1291 2484 1349 2514 οὐδὲ
1375 2488 1451 2513 τοῦτο
1472 2484 1582 2516 ἄτοπον.
1612 2485 1662 2513 Καὶ
1691 2486 1704 2513 ὁ
1727 2485 1822 2524 Πατὴρ
1844 2486 1890 2525 γὰρ

201 2537 321 2567 gressus
335 2532 382 2560 est
396 2528 561 2560 Abraham.
584 2527 626 2559 Ac
651 2527 676 2558 si
702 2527 758 2558 hoc
784 2528 848 2558 loco
875 2527 1021 2558 dixisset:

1127 2530 1141 2557 ὁ
1169 2530 1229 2561 Υἱὸς
1252 2529 1355 2570 Κύριος,
1386 2530 1431 2558 καὶ
1457 2531 1487 2558 τὸ
1510 2533 1616 2567 Πνεῦμα
1646 2529 1750 2568 Κύριος,
1775 2529 1889 2561 ἀλλἐἷς

201 2572 326 2605 Tribuat
339 2572 384 2604 illi
408 2572 553 2618 Dominus
573 2577 606 2618 ut
628 2573 758 2604 inveniat
787 2571 1022 2603 misericordiam

1108 2584 1157 2606 διος
1209 2580 1271 2604 ταῖς
1322 2574 1403 2614 τρισὶν
1455 2575 1630 2603 ὑποστάσεσιν
1645 2605 1656 2618 ἰ
1682 2573 1888 2614 ἐμφαινόμενος.

200 2617 277 2658 apud
293 2617 403 2659 ipsum.
420 2617 505 2654 Quod
520 2618 546 2649 si
561 2617 649 2649 etiam
666 2621 779 2658 patrem
802 2627 837 2648 ac
850 2617 957 2648 Filium
974 2617 1022 2648 hii-

1108 2618 1182 2646 Εἶπεν
1197 2618 1211 2646 ὁ
1227 2619 1320 2658 Κύριος
1336 2621 1374 2656 τῷ
1405 2619 1489 2658 Κυρίῳ
1517 2630 1579 2656 μου.
1597 2628 1612 2648 )
1650 2621 1674 2646 Η
1703 2618 1743 2646 ὅτι
1772 2618 1890 2659 διευκρι-

200 2662 361 2702 signiﬁcari
386 2662 534 2703 accipias,
559 2671 597 2693 ne
623 2661 679 2693 hoc
708 2661 830 2706 quidem
859 2661 1020 2706 absurdum

1109 2661 1168 2693 ντύς
1197 2661 1253 2690 ἐστι
1286 2664 1317 2691 τὸ
1347 2662 1429 2706 οὕτως
1458 2664 1543 2691 εἰπεῖν
1571 2663 1619 2694 τὰς
1655 2663 1730 2702 ἁγίσς
1764 2663 1886 2693 ὑποστά-

200 2707 269 2740 erit.
286 2706 360 2739 Nam
377 2711 407 2739 et
420 2707 508 2739 Pater
522 2706 666 2740 Dominus
685 2710 741 2745 est,
765 2710 796 2738 et
810 2705 903 2737 Filius
916 2705 1020 2737 Domi-

1108 2717 1128 2743 :,
1143 2707 1180 2737 ὡς
1210 2706 1267 2735 ἐκεῖ
1285 2715 1292 2723 ⁶
1323 2719 1337 2735 ι
1377 2706 1469 2747 Εϐρεξε
1493 2708 1585 2747 Κύριος
1611 2707 1682 2747 παρὰ
1711 2707 1806 2746 Κυρίου
1835 2711 1890 2747 πῦρ

238 2793 254 2819 4
269 2792 396 2834 Philipp.
413 2800 455 2834 Iv,
474 2793 520 2825 14.
564 2793 580 2818 5
594 2790 606 2822 Ι
620 2792 686 2823 Cor.
703 2799 767 2829 vui,
781 2791 812 2824 6.
