1942 3078
182 152 235 186 211

748 157 951 190 (ῈΟΠΜΕΝΙΙ
973 158 1120 190 TRICC/E
1141 158 1308 191 EPISCOPI

1814 157 1880 190 212

221 222 318 263 Pape!
345 227 456 264 quanta
479 223 607 264 dignitas
632 224 756 255 militem
783 233 848 255 esse
873 223 982 256 Christi

1089 222 1167 251 86‘
1211 222 1229 252 ὅ
1315 224 1328 251 δ
1361 223 1395 244 ’τί
1519 235 1532 240 -
1568 224 1610 239 -’
1711 225 1723 234 τ

1109 234 1124 251 2
1143 234 1180 259 αι,
1226 235 1272 251 σον
1297 235 1312 251 τ
1355 235 1469 261 α,.ωμα,
1502 234 1667 263 σ.ρα.ιωτην
1697 234 1768 252 ειναι
1804 227 1876 262 Χρι-

182 265 305 305 Signum
321 271 420 298 autem
438 268 540 299 militis
553 273 597 299 est
607 268 685 299 terre
694 268 943 300 adversa.cNemo
955 267 1004 309 qui

180 310 315 343 militat.»
333 311 434 343 Militis
450 313 520 343 fecit
537 313 731 351 mentionem,
745 313 904 344 ostendens
925 313 1004 354 quod

180 360 350 396 promptum
368 361 397 387 et
412 357 552 388 audacem
570 366 636 388 esse
652 361 787 397 oporteat
812 357 921 389 Chrisvi
939 367 1004 388 ser-

178 410 245 431 vum
265 410 272 432 :
291 401 412 433 athletze
442 411 511 433 vero
542 402 657 440 dicens,
686 403 748 432 Ἐὰν
763 403 790 431 δὲ
805 405 847 432 καὶ
864 403 930 442 ἀθλῇ
950 415 1003 442 τις,

180 446 211 476 id
225 446 369 486 est,Quod
382 446 407 477 si
416 450 508 477 certet
519 447 606 477 etiam
620 447 1004 487 aliquis,utostendatquod

182 499 248 521 esse
264 490 372 521 debeat
386 490 416 520 in
433 492 572 522 continuo
590 491 701 522 labore.
728 491 759 522 Si
782 501 864 532 ergo,
893 491 1001 532 inquit,

180 534 206 565 is
221 534 272 574 qui
289 539 408 566 terreno
423 536 486 575 regi
503 536 618 574 militat,
645 545 704 566 non
730 536 901 576 implicatur
914 536 1004 566 rebus

183 587 249 619 qua:
265 577 439 610 abstrahunt
454 589 521 610 eum
537 579 573 610 ab
596 580 697 618 armis,
714 585 822 621 quanto
847 581 940 620 magis
956 581 1005 620 qui

184 623 298 654 caelesti
312 623 375 662 regi
390 633 455 654 sese
472 624 632 661 dedicavit,
655 625 779 665 ejusque
796 625 908 656 militia;
923 624 1007 655 addi-

183 667 235 698 xit.
252 680 264 694 α
277 666 341 698 Nisi
355 667 487 705 legitime
499 669 686 701 certaverit.»
704 671 771 701 Non
787 669 867 700 enim
881 669 951 700 satis
963 673 1007 700 est

182 714 295 743 tantum
312 711 425 752 inungi,
444 713 551 753 inquit,
578 718 628 743 aut
654 714 751 744 locum
770 713 940 745 certaminis
956 714 1005 744 in-

180 755 276 795 gredi,
289 759 339 786 aut
355 765 423 787 cum
440 757 526 789 hoste
537 767 700 789 conserere
717 767 832 795 manus,
851 759 903 789 sed
917 767 1006 798 opor-

181 803 224 830 tet
240 800 328 830 etiam
345 800 472 832 tolerare
487 811 521 832 ac
537 802 657 833 vincere
675 812 681 833 :
701 803 763 834 haec
787 804 867 833 enim
891 807 934 833 est
959 802 1006 833 lex

1046 272 1130 307 στοῦ;
1164 272 1268 307 Δεῖγμα
1297 267 1323 295 δε
1350 267 1510 307 στρατιώτου
1538 268 1568 295 τὸ
1589 269 1765 296 κακοπαθεῖν.
1786 278 1800 296 ι
1818 268 1878 295 0'3—

1045 309 1096 343 δεὶς
1125 312 1344 350 στρατευόμενος,
1383 323 1394 340 ι)
1436 312 1602 351 Στρατιοότου
1638 311 1770 351 ἐμνήσθη,
1814 310 1877 338 εει-

1046 355 1106 387 κνὺς
1136 356 1172 387 ὡς
1200 357 1331 393 πρόθυμον
1353 356 1397 383 καὶ
1424 355 1570 394 τολμητίαν
1600 356 1671 384 εἶναι
1690 355 1731 384 δεῖ
1745 357 1790 384 τὸν
1807 360 1881 395 Χρι-

1292 400 1406 434 ἆθλητοῦ
1432 400 1471 440 δὲ,
1511 400 1611 432 δεικνὺς
1647 400 1688 429 ὅτι
1735 401 1881 436 ἀσκήσεως

1046 445 1116 481 αῦτῷ
1131 446 1208 485 χρεία
1236 444 1383 478 διηνεκοῦς.
1411 446 1440 473 Εἰ
1469 445 1524 485 οὖν,
1547 446 1638 485 φησὶν,
1669 447 1683 473 ὁ
1712 449 1750 482 τῷ
1765 445 1880 483 ἐπιγείῳ

1046 489 1153 526 βασιλεῖ
1194 490 1411 529 στρατευόμενος,
1449 489 1496 517 οὒκ
1531 488 1690 526 ἐμπλέκεται
1733 489 1876 529 πράγμασι

1046 540 1104 565 τοῖς
1120 533 1277 573 ἀφέλκουσιν
1312 535 1389 562 αὐτὸν
1418 537 1470 562 τῶν
1499 533 1598 569 ὅπλων,
1628 533 1704 570 πόσῳ
1740 533 1844 571 μᾶλλον
1864 534 1880 560 ὁ

1046 581 1084 614 τῷ
1119 578 1230 617 οῦρανίῳ
1257 577 1363 616 βασιλεῖ
1398 577 1492 606 ἑαυτὸν
1518 578 1620 608 ἀναθεὶς
1654 578 1698 605 καὶ
1727 576 1881 617 στρατολο-

1048 622 1146 660 γήσας,
1165 634 1178 649 n
1197 623 1259 650 Ἐὰν
1273 623 1313 660 μὴ
1335 622 1454 660 νομίμως
1484 621 1599 662 ἀθλήσῃ.
1625 633 1639 649 ι
1661 623 1697 651 0-3
1724 622 1773 661 γαρ
1795 621 1881 661 ἀρκεῖ

1049 667 1140 704 μόνον,
1171 668 1246 706 φησὶ,
1276 667 1306 695 τὸ
1334 666 1490 704 ἀλείψασθαι
1525 666 1543 700 ἢ
1587 667 1623 697 εἰς
1650 666 1761 704 σκάμμα
1789 665 1881 694 εἰσελ-

1047 711 1115 746 θεῖν,
1153 710 1171 744 ἢ
1208 709 1393 748 συμπλακῆναι
1429 713 1467 747 τῷ
1496 709 1643 749 ἀντιπάλῳ,
1669 709 1737 738 ἀλλὰ
1763 709 1805 738 δεῖ
1828 711 1879 737 καὶ

1047 754 1245 794 ἐγκρατεύεσθαι
1300 755 1343 782 καὶ
1395 754 1511 788 νικῆσαι,
1564 755 1645 786 Οὗτος
1698 755 1748 793 γὰρ
1790 754 1879 792 νόμος

1048 798 1194 833 ἀθλήσεως.
1241 809 1252 826 α
1297 800 1347 828 Τὸν
1389 800 1522 826 κοπιῶντα
1549 799 1677 838 γεωργόν.
1718 810 1729 826 ι
1761 800 1797 828 Of;
1828 800 1879 826 τὸν

1047 403 1109 428 στοῦ
1147 399 1236 428 δοῦλον
1256 409 1262 416 '

182 844 366 876 certaminis.
384 855 395 871 α
410 845 605 877 Laborantem
622 846 794 884 agricolam.
809 860 821 874 ιι
836 848 901 878 Non
916 847 987 886 negti

1089 842 1146 881 ελῆ,
1177 842 1245 871 ἀλλὰ
1266 854 1310 881 τον
1344 845 1490 874 κοπιῶντα,
1522 843 1571 872 Καὶ
1592 843 1642 882 γὰρ
1676 843 1721 870 καὶ
1742 841 1878 871 διδάσκα-

182 892 300 928 gentem
319 899 326 919 :
343 889 398 920 sed
413 899 480 920 eum
498 890 548 930 qui
564 890 688 921 laborat.
708 891 825 921 Etenim
842 896 1007 932 prmceptor

183 942 300 973 quoque
312 933 362 973 qui
377 934 491 965 laborat
502 935 581 965 circa
591 935 766 976 discipulos,
783 936 903 976 praemia
918 945 934 966 a
946 936 1006 967 Deo

183 976 306 1008 habebit
328 987 379 1018 pro
406 978 532 1010 utilitate
555 983 584 1010 et
607 979 763 1010 commodo
779 980 1006 1020 discipulorum.

186 1033 199 1048 «
213 1020 335 1061 Oportet
350 1022 479 1062 primum
495 1023 532 1053 de
547 1020 690 1054 fructibus
705 1023 876 1064 participem
894 1033 970 1055 esse.
993 1036 1004 1053 υ

184 1065 269 1101 Quod
282 1070 480 1106 praeceptores
492 1067 520 1097 in
532 1067 641 1108 seipsis
653 1068 780 1108 primum
794 1068 871 1098 bona
883 1077 1008 1108 opercn-

187 1113 234 1140 tur
242 1119 307 1148 qum
319 1110 438 1141 docent.
452 1111 520 1141 264
530 1111 602 1142 Nam
612 1113 668 1143 hoc
677 1116 731 1150 est,
747 1113 875 1153 primum
892 1116 1008 1153 oporte-

190 1156 224 1184 re
235 1153 381 1186 fructuum
400 1156 558 1196 participes
569 1166 723 1197 esse,quos
738 1157 1008 1197 sibiipsisprimum

190 1202 259 1229 ante
271 1198 344 1229 alios
360 1209 415 1239 per
429 1200 552 1231 virtutes
578 1201 689 1232 colunt.
715 1201 814 1232 Militis
837 1201 957 1241 quidem
980 1206 1009 1232 et

183 1241 301 1273 athleta:
316 1244 485 1284 exemplum
502 1245 591 1276 etiam
614 1245 767 1285 discipulis
783 1246 1008 1285 quadratzagri-

188 1287 260 1317 colae
275 1296 355 1325 vero,
378 1289 450 1319 solis
477 1289 718 1329 prmceptoribus.
751 1289 1005 1325 Quemadmodum

181 1331 273 1368 enim,
289 1331 396 1372 inquit,
413 1334 646 1373 agricola,terr£e
670 1343 703 1364 ac
732 1334 880 1364 fructuum
904 1344 1006 1365 curam

185 1375 287 1413 habet,
305 1376 345 1407 ita
360 1381 388 1407 et
405 1381 433 1407 tu
445 1377 659 1418 discipulorum
675 1387 709 1409 ac
724 1378 954 1418 praedicationis.
971 1379 1007 1410 Et

183 1420 251 1450 vide
267 1421 416 1461 quomodo
432 1422 803 1463 respondeat.i’rteceptor,
819 1423 925 1463 inquit,
942 1423 1004 1464 pri-

185 1474 251 1495 mus
280 1465 405 1497 utilitate
433 1466 645 1506 discipulorum
672 1467 778 1498 fruitur
800 1468 876 1508 apud
899 1468 1004 1508 Deum,

187 1509 438 1549 quemadmodum
454 1511 582 1550 agricola
595 1511 752 1542 fructibus.

227 1553 354 1590 Π,7-10.
368 1554 539 1586 Considera
554 1565 621 1595 quae
633 1556 772 1587 dico.Det
788 1556 866 1587 enim
881 1555 936 1587 tibi
948 1556 1007 1586 Do-

186 1598 288 1629 minus
313 1599 347 1629 in
370 1598 508 1630 omnibus
523 1599 719 1632 intellectum.
736 1601 884 1633 Memento
903 1602 1006 1631 Iesum

184 1642 339 1674 Christum
355 1646 556 1675 resurrezisse
572 1653 610 1676 ea;
625 1646 756 1676 mortuis
767 1654 805 1676 ex
818 1646 931 1676 semine
942 1645 1005 1676 Da-

183 1687 235 1718 υἱά
249 1687 412 1719 secundum
427 1687 631 1728 Evangelium
651 1698 763 1730 meum,
787 1691 820 1721 in
844 1699 901 1729 quo
917 1689 1007 1721 malis

184 1731 301 1771 afﬂigar
325 1733 415 1772 quasi
440 1733 632 1771 facinorosus
658 1743 750 1773 usque
764 1735 803 1765 ad
818 1734 951 1770 vincula,
975 1737 1007 1765 at

182 1784 282 1807 sermo
297 1775 356 1807 Dei
367 1785 429 1808 non
440 1781 485 1807 est
499 1778 625 1809 vinctus.
644 1778 805 1818 Propterea
821 1779 923 1810 omnia
940 1779 1006 1817 suf-

180 1822 245 1854 fero
270 1824 394 1861 propter
419 1821 540 1861 electos,
566 1826 600 1854 ut
623 1827 651 1854 et
676 1825 736 1863 ipsi
756 1823 885 1854 salutem
901 1831 1006 1854 conse-

180 1868 328 1905 quantur,
347 1875 415 1906 quae
430 1869 473 1897 est
488 1867 521 1898 in
535 1866 607 1898 Jesu
623 1877 692 1899 eum
708 1868 810 1908 gloria
826 1871 950 1899 (eterna.

221 1909 367 1945 Quoniam
384 1911 484 1941 omnia
498 1911 612 1943 dixerat
623 1912 653 1942 in
664 1912 813 1952 parabolis
824 1922 889 1952 quae
905 1912 941 1942 de
954 1911 1006 1942 mi~

183 1954 234 1985 lite
260 1958 356 1993 erant,
383 1954 420 1986 de
447 1955 556 1987 athleta
576 1961 604 1988 et
620 1957 656 1988 de
673 1957 811 1997 agricola,
836 1957 876 1987 ait
902 1965 1004 1986 nunc:

184 2010 196 2027 α
209 1999 375 2030 Considera
386 2009 449 2040 quae
460 2000 526 2031 dico
536 2011 565 2031 ι)
576 2003 661 2040 cujus
674 2011 761 2032 causa
774 2003 869 2032 dicam
883 2012 889 2032 :
901 2000 934 2031 In
946 2010 1007 2031 om-

181 2042 289 2075 nibus:
307 2056 319 2071 ι»
330 2043 368 2075 Ut
384 2048 414 2074 et
428 2044 576 2085 intelligas
592 2050 622 2076 ut
639 2050 780 2086 oportet,,
797 2051 824 2076 et
843 2050 951 2076 caetera
966 2046 1004 2076 fa-

180 2088 241 2118 cias
253 2091 286 2119 ut
302 2087 399 2119 decet.
429 2101 439 2116 ‹
458 2091 607 2120 Memento
620 2091 720 2121 Jesum
739 2090 887 2121 Christum
900 2099 1005 2120 resur-

180 2131 426 2163 rexissemSimul
441 2133 530 2164 etiam
550 2134 693 2165 adversus
717 2134 871 2165 haereticos
893 2134 1007 2165 firmio-

179 2183 244 2207 rem
259 2176 358 2208 reddit
370 2181 401 2208 et
415 2177 522 2208 excitat
543 2187 732 2209 sermonem:
751 2179 911 2210 ostendens
930 2179 1007 2219 quod

181 2224 209 2250 et
225 2220 359 2252 Christus
388 2231 441 2262 per
467 2222 660 2254 afﬂictionem
679 2223 790 2254 venerit
807 2227 932 2254 mortem
953 2233 987 2263 pe

1136 2219 1300 2257 παθημάτων
1348 2220 1365 2253 ἦ
1371 2221 1422 2257 ι,(1ε,

182 2269 309 2296 mortem
323 2265 476 2297 devicerit.
499 2278 510 2295 α
524 2266 564 2297 Ex
581 2267 697 2298 semine
713 2267 833 2298 David.»
848 2269 910 2298 Jam
925 2269 1002 2298 enim

181 2309 317 2340 nonnulli
329 2310 534 2341 hareticorum
548 2310 587 2341 ab
599 2321 633 2342 eo
645 2316 779 2352 tempore
794 2311 847 2342 Dei
860 2312 1005 2351 negabant

181 2353 456 2393 dispensationem,
481 2355 531 2395 qui
562 2355 754 2395 ignominiam
782 2355 1005 2387 arbitrabantur

175 2398 255 2439 quod
271 2399 363 2430 Filius
383 2399 436 2430 Dei
458 2404 620 2440 pateretur,
640 2405 669 2431 et
691 2405 850 2441 propterea
871 2400 1003 2431 fortassis

178 2443 362 2483 phantastica
385 2443 578 2484 induxerunt,
600 2445 771 2484 ignorantes
787 2445 866 2485 quod
882 2455 1005 2476 summie

176 2487 392 2519 benevolentiae
405 2498 439 2520 ac
448 2488 591 2520 bonitatis
601 2499 661 2520 suae
669 2490 786 2529 signum
801 2491 857 2521 hoc
871 2489 1004 2520 tradide—

175 2532 223 2563 rit.
233 2533 418 2564 «Secundum
426 2533 616 2573 Exangelium
627 2543 725 2565 meum
732 2560 738 2566 .
745 2547 756 2563 υ
763 2534 907 2571 Quoniam
915 2534 1002 2565 etiam

177 2576 410 2617 pseudapostoli.
424 2576 615 2617 Exaugelium
630 2578 842 2619 praedicabant,
859 2578 912 2609 sed
925 2579 1002 2611 male

177 2625 209 2652 ut
225 2631 336 2659 meum,
350 2622 457 2663 inquit,
477 2622 666 2663 Evangelium
687 2630 854 2656 attestatur.
872 2639 883 2655 ι
898 2624 928 2655 In
945 2634 1002 2665 quo

177 2667 262 2698 malis
273 2667 418 2707 affligar.)
431 2668 581 2708 Evangelii
592 2669 744 2700 veritatem
764 2670 906 2700 exhibent
922 2669 1003 2700 Pauli

176 2711 363 2743 afﬂictiones.
382 2723 393 2740 α
410 2711 442 2742 In
459 2722 517 2753 quo
533 2713 700 2754 Evangelia
728 2715 813 2746 malis
839 2714 966 2754 afﬂigor.
985 2727 999 2742 ιι

173 2755 245 2792 Quis
256 2756 336 2787 enim
349 2766 408 2788 non
427 2766 496 2788 vera
516 2757 692 2798 praedicans,
718 2763 747 2790 et
762 2759 799 2790 de
815 2759 922 2800 quibus
942 2768 1002 2789 non

170 2804 252 2832 esset
265 2801 360 2832 factus
377 2801 499 2833 omnino
516 2802 638 2840 certior,
668 2803 737 2834 talia
767 2803 827 2844 pati
853 2803 1001 2843 eligeret?

1047 887 1122 919 λοςὸ
1145 891 1244 916 κοπιῶν
1273 888 1331 927 περὶ
1358 888 1418 918 τοὺς
1440 888 1570 926 μαθητὰς,
1600 886 1712 924 ἀμοιϐὰς
1736 887 1786 920 ἕξει
1802 891 1881 927 παρα

1049 936 1114 961 Θεοῦ
1142 931 1204 971 ὑπὲρ
1232 935 1281 966 τῆς
1310 936 1362 960 τῶν
1393 933 1518 969 μαθητῶν
1546 930 1685 970 ὠφελείας.
1710 949 1748 953 -
1782 942 1793 959 ι
1825 938 1880 960 Δεῖ

1048 979 1152 1016 πρῶτον
1187 979 1239 1003 τῶν
1268 978 1374 1015 καρπιῖιν
1407 975 1631 1014 μεταλαμϐάνειν,
1672 987 1682 1003 ι
1733 977 1876 1015 [ΓΡΗΓΟ-

1051 1025 1124 1049 ΡΙοΥ
1152 1021 1314 1060 ΝΥΣΣΗΣ]
1359 1016 1404 1052 Ὠς
1440 1021 1492 1048 τῶν
1521 1019 1682 1050 διδασκάλων
1711 1021 1813 1060 πρῶτον
1847 1022 1879 1049 ἐν

1051 1065 1156 1097 ἑαυτοῖς
1187 1066 1379 1104 κατορθούντων
1408 1065 1475 1104 ἅπερ
1509 1064 1666 1093 διδὶσκουσι.
1699 1065 1780 1094 Τοῦτο
1824 1067 1879 1105 γάρ

1050 1109 1116 1150 ἐστι,
1148 1111 1177 1138 τὸ
1208 1109 1264 1138 δεῖν
1300 1113 1403 1148 πρῶτον
1430 1113 1483 1137 τῶν
1511 1112 1619 1148 καρπῶν
1647 1109 1877 1150 μεταλαμϐάνειν,

1049 1156 1085 1182 ὧν
1108 1157 1158 1194 πρὸ
1187 1158 1238 1182 τῶν
1269 1153 1356 1182 ἄλλων
1385 1154 1490 1185 ἑαυτοῖς
1524 1153 1566 1182 διὰ
1598 1156 1650 1181 τῶν
1672 1154 1770 1193 ἀρετων
1787 1165 1878 1193 γεωρ-

1049 1204 1150 1237 γοῦσιν.
1181 1200 1215 1228 Τὸ
1238 1199 1286 1236 μὲν
1314 1203 1360 1228 τοῦ
1388 1198 1549 1237 στρατιώτου
1576 1198 1620 1226 καὶ
1650 1197 1749 1231 ἁλητοῦ
1782 1200 1877 1237 παρά-

1048 1243 1152 1282 δειγμα,
1184 1243 1226 1271 καὶ
1256 1244 1390 1280 μαθηταῖς
1433 1243 1552 1282 ἁρμόζει,
1597 1243 1627 1270 τὸ
1669 1242 1696 1270 δὲ

1047 1287 1211 1319 διδασκάλοις
1240 1287 1343 1324 μόνοις.
1374 1282 1481 1326 ’Ὠσπερ
1510 1287 1571 1325 γὰρ,
1597 1288 1688 1326 φησὶν,
1713 1288 1726 1315 ὁ
1753 1290 1876 1326 γεωργὸς

1048 1333 1096 1365 τῆς
1131 1334 1182 1371 γῆς
1209 1332 1252 1360 καὶ
1288 1334 1340 1359 τῶν
1374 1334 1482 1371 καρπῶν
1504 1337 1609 1359 ποεῖται
1631 1330 1764 1371 φροντίδα,
1801 1332 1875 1359 οὕτω

1049 1377 1092 1403 καὶ
1126 1377 1156 1404 σὺ
1184 1377 1234 1404 τῶν
1271 1377 1396 1413 μαθητῶν
1425 1376 1468 1403 καὶ
1512 1379 1558 1404 σοῦ
1600 1376 1780 1415 κηρύγματος.
1822 1378 1874 1404 Καὶ

1050 1419 1098 1459 ὅρα
1117 1419 1166 1453 τὴν
1182 1419 1320 1451 ἀντίδοσιν,
1338 1423 1392 1453 Τῆς
1413 1419 1552 1460 ὠφελείας,
1570 1421 1644 1459 φησὶ,
1665 1423 1717 1448 τῶν
1731 1422 1871 1457 μαθητῶν,

1049 1467 1152 1502 πρῶτος
1168 1465 1182 1492 ὁ
1197 1463 1351 1496 διδάσκαλος
1363 1464 1490 1493 ἀπολαύει
1505 1464 1576 1503 παρὰ
1603 1465 1672 1504 Θεῷ,
1697 1465 1787 1503 ὥσπερ
1818 1466 1873 1493 uim

1739 1248 1860 1282 γεωργοῦ
1867 1267 1873 1279 ,

1016 1509 1036 1534 C
1048 1511 1156 1547 καρπῶν
1171 1509 1184 1536 ὁ
1201 1509 1329 1548 γεωργός,

1091 1561 1105 1581 (
1135 1552 1195 1580 Νόει
1223 1553 1239 1580 ἃ
1270 1552 1352 1591 λέγῳ,
1385 1553 1446 1590 Δῴη
1473 1553 1522 1592 γάρ
1543 1564 1584 1582 σοι
1613 1554 1626 1581 ὁ
1655 1554 1747 1592 Κύριος
1771 1554 1875 1581 σύνεσιν

1047 1595 1074 1623 ἐν
1109 1599 1184 1627 πᾶσι,
1218 1597 1372 1634 Μνημόνευε
1413 1596 1515 1630 Ἰησοῦν
1552 1598 1663 1636 Χριστὸν
1693 1597 1875 1636 ἐγηγερμένον

1048 1639 1078 1668 ἐκ
1111 1644 1208 1680 νεκρῶν
1236 1640 1266 1668 ἐκ
1294 1641 1441 1680 οπέρματος
1472 1641 1549 1670 Δαυὶδ
1582 1642 1649 1669 κατὰ
1691 1643 1721 1670 τὸ
1749 1643 1875 1681 Εὔαγγέ-

1047 1684 1102 1713 λιόν
1144 1697 1207 1725 μου,
1249 1685 1276 1712 ἐν
1318 1687 1340 1723 ᾧ
1367 1687 1509 1714 κακοπαθῦ
1531 1685 1611 1726 μέχρι
1632 1685 1735 1724 δεσμῶν
1758 1687 1794 1718 ὡς
1818 1698 1874 1714 κα-

1047 1733 1170 1769 κοῦργος,
1206 1728 1265 1757 ἀλλ’
1294 1731 1308 1758 ὁ
1343 1729 1420 1768 λόγος
1450 1733 1497 1758 τοῦ
1525 1734 1589 1758 Θεοῦ
1617 1730 1646 1757 οῦ
1681 1729 1791 1760 δέδεται,
1824 1733 1874 1758 Δια

1047 1778 1124 1803 τοῦτο
1138 1774 1222 1801 πάντα
1235 1773 1358 1811 ὑπομένω
1372 1773 1412 1803 ’διὰ
1425 1774 1484 1806 τοὺς
1507 1774 1657 1811 ἐκλεκτοὺς,
1674 1774 1719 1803 ἵνα
1731 1776 1773 1803 καὶ
1798 1777 1832 1803 αὖ
1838 1776 1875 1803 τοὶ

1048 1818 1178 1858 σωτηρίας
1193 1818 1305 1858 τύχωσι,
1321 1821 1369 1851 τῆς
1398 1818 1425 1846 ἐν
1451 1822 1554 1858 Χριστῷ
1584 1818 1672 1853 Ἰησοῦ
1700 1820 1766 1857 μετὰ
1794 1819 1875 1853 δόξης

1048 1864 1164 1892 αἰωνίου.
1182 1875 1196 1890 »

1088 1906 1195 1941 Ἐπειδὴ
1211 1907 1295 1935 πάντα
1316 1907 1343 1935 ὲν
1371 1906 1535 1946 παραϐολαῖς
1563 1915 1635 1948 εῖπε,
1661 1909 1693 1937 τὰ
1714 1913 1760 1938 τοῦ
1787 1919 1874 1948 etp;—

1047 1952 1151 1988 τιὼτου,
1194 1952 1227 1979 τὰ
1275 1956 1321 1981 τοῦ
1357 1951 1481 1990 ἀθλητοῦ,
1511 1953 1544 1980 τὰ
1570 1957 1617 1982 τοῦ
1637 1957 1765 1992 γεωργοῦ,
1783 1955 1870 1992 φησῌ

1051 2006 1062 2024 ι
1087 1996 1147 2025 Νόει
1167 1996 1183 2023 ἃ
1210 1995 1292 2035 λέγω,
1311 2007 1324 2023 ³
1343 1996 1416 2028 Τίνος
1445 1997 1522 2036 χάριν
1550 1996 1621 2036 λέγω
1639 2005 1646 2011 '
1667 2009 1677 2024 ι
1698 1998 1741 2025 Ἐν
1763 2001 1840 2037 πᾶσι,
1858 2010 1870 2026 ι

1047 2041 1137 2081 φησὶν,
1154 2040 1200 2068 ’ίνα
1214 2041 1258 2068 καὶ
1285 2045 1365 2069 ταῦτα
1380 2044 1440 2079 νοῇς
1458 2043 1493 2074 ὡς
1508 2042 1574 2081 χρὴ,
1606 2042 1650 2070 καὶ
1671 2041 1755 2070 τᾶλλα
1782 2044 1872 2081 πρατ-

1047 2097 1095 2124 τῃς
1111 2087 1148 2117 ὡς
1163 2085 1227 2126 δεῖν’
1248 2097 1259 2113 ι
1293 2086 1446 2123 Μνημόνευε
1470 2085 1571 2119 Ἰησοῦν
1587 2087 1698 2126 Χριστὸν
1719 2087 1873 2126 ἐγηγερμε-

1197 2125 1275 2168 ἸΑμα
1309 2131 1352 2158 καὶ
1394 2131 1457 2169 πρὸς
1490 2131 1634 2170 αἱρετικοὺς
1676 2131 1873 2171 ἂσφαλέστεριιι

1162 2175 1205 2202 καὶ
1247 2174 1373 2214 διεγείρει,

1048 2142 1103 2161 νον,
1146 2142 1159 2157 D

1049 2182 1121 2204 ποιεῖ
1162 2175 1205 2202 καὶ
1247 2175 1373 2214 διεγείρει,
1418 2175 1515 2208 δεικνὺς
1557 2176 1593 2206 ὡς
1635 2177 1679 2203 καὶ
1715 2177 1728 2203 ὁ
1759 2179 1871 2215 Χρισςλς

1475 2221 1517 2247 καὶ
1567 2219 1609 2248 δια
1659 2221 1771 2249 θανάτου
1825 2233 1872 2249 τ.»

1046 2265 1155 2293 θάνατον
1190 2264 1400 2302 κατηγωνίσατο,
1434 2276 1445 2292 α
1475 2263 1520 2292 Ἐκ
1548 2265 1697 2304 σπέρματος
1731 2265 1819 2294 Δαυίδ.
1856 2280 1868 2292 ›.

1048 2304 1122 2342 “Han
1172 2310 1221 2348 γὰρ
1272 2308 1298 2342 ἐξ
1349 2309 1448 2338 ἐκείνου
1503 2309 1570 2342 τινὲς
1625 2313 1678 2338 τῶν
1733 2312 1870 2350 αἱρετικὼθ

1046 2354 1094 2387 τὴν
1135 2353 1284 2391 οἰκονομίαν
1335 2354 1471 2393 ἠρνοῦντο,
1527 2355 1552 2382 οἳ
1605 2355 1735 2394 αἰσχύνην
1777 2355 1871 2393 ὲνόμ,-

1045 2402 1100 2435 ζον,
1137 2399 1168 2426 τὸ
1196 2399 1241 2426 τὸν
1271 2399 1330 2426 rte.»
1356 2404 1400 2428 τοῦ
1429 2403 1494 2428 Θεοῦ
1519 2401 1623 2427 πιθεῖν.
1656 2401 1704 2428 Καὶ
1731 2399 1771 2428 διὰ
1793 2405 1872 2429 τοῦιο

1045 2443 1112 2474 ἴσως
1140 2442 1188 2476 τὴν
1218 2444 1360 2482 φαντασίαν
1393 2444 1510 2482 εἰσῆγον,
1554 2444 1711 2482 ἀγνοοῦντες
1753 2445 1793 2472 ὅτι
1821 2447 1871 2479 ti;

1046 2487 1125 2527 ἄκρας
1155 2489 1233 2516 αὐτοῦ
1272 2487 1463 2527 φιλανθρωπίας
1501 2489 1546 2516 καὶ
1587 2488 1750 2527 ἀγαθότητος
1791 2501 1871 2519 τοῦτο

1503 2309 1570 2342 τινὲς
1625 2313 1678 2338 τῶν

1045 2531 1157 2569 μάλιστα
1182 2531 1279 2571 δεῖγμα
1312 2534 1468 2566 καθέστηκε.
1503 2545 1513 2559 ι(
1548 2534 1620 2561 Κατὰ
1659 2534 1685 2561 το
1708 2534 1871 2574 Εῦαγγέ).ιόν

1045 2587 1104 2614 μου.
1131 2589 1144 2604 ι)
1171 2576 1277 2609 Ἐπειδὴ
1307 2578 1350 2605 καὶ
1379 2579 1401 2605 οἱ
1431 2577 1639 2615 ψευδαπόστολοι
1668 2578 1871 2618 εὐηγγελίζοντο

1043 2625 1143 2658 κακῶς,
1179 2622 1215 2652 ὡς
1246 2622 1275 2649 τὸ
1314 2622 1378 2659 ἐμὸν
1414 2623 1549 2662 κήρυγμα,
1591 2623 1681 2662 φησὶν,
1710 2624 1867 2664 ὑπογραρει,

1047 2676 1058 2693 α
1083 2664 1127 2694 Ἐν
1142 2668 1164 2702 ᾧ
1178 2667 1333 2694 κακοπαθῶ.
1354 2677 1367 2693 »
1387 2667 1422 2694 Τὸ
1438 2665 1537 2699 ἆληθᾶς
1556 2671 1600 2696 τοῦ
1621 2667 1782 2706 Εὖαγγελίου
1796 2679 1867 2708 πιρ-

1044 2710 1140 2745 ίστησι,
1157 2711 1188 2738 τὰ
1205 2710 1307 2738 Παύλου
1328 2711 1483 2748 παθήματα,
1504 2723 1518 2738 α
1535 2709 1579 2739 Ἐν
1596 2713 1618 2748 ᾤ
1641 2721 1655 2741 (
1674 2712 1838 2752 Εὖαγγελίῳ·
1853 2727 1866 2741 ι

1043 2756 1196 2792 κακοπαθῳ,
1224 2766 1237 2782 in
1263 2756 1306 2786 Τίς
1334 2756 1384 2794 γὰρ
1412 2755 1450 2792 μὴ
1476 2754 1562 2789 ἀληθῆ
1585 2757 1724 2795 κηρύσσων
1752 2759 1796 2786 καὶ
1827 2758 1868 2799 ἐφ’

1043 2803 1085 2834 οῖς
1100 2799 1138 2837 μὴ
1153 2799 1399 2840 πεπληροφόρηται,
1429 2799 1508 2828 ἕλοιτ’
1539 2800 1570 2828 ἂν
1591 2804 1698 2830 τοιαῦτα
1728 2803 1866 2844 ﬁdelem;
