  <div class='ocr_page' id='page_1' title='image "/cluster/home/n/w/nwhite01/storage/ocr_20150623/119/njp.32101010943965/343.png"; bbox 0 0 1942 3078; ppageno 0'>
   <div class='ocr_carea' id='block_1_1' title="bbox 223 126 283 162">
    <p class='ocr_par' dir='ltr' id='par_1_1' title="bbox 223 126 283 162">
     <span class='ocr_line' id='line_1_1' title="bbox 223 126 283 162; baseline -0.017 0"><span class='ocrx_word' id='word_1_1' title='bbox 223 126 283 162; x_wconf 82' lang='lat'><strong>203</strong></span> 
     </span>
    </p>
   </div>
   <div class='ocr_carea' id='block_1_2' title="bbox 791 128 1354 164">
    <p class='ocr_par' dir='ltr' id='par_1_2' title="bbox 791 128 1354 164">
     <span class='ocr_line' id='line_1_2' title="bbox 791 128 1354 164; baseline -0.002 -1"><span class='ocrx_word' id='word_1_2' title='bbox 791 129 1000 163; x_wconf 78' lang='lat' dir='ltr'><strong>CECUMENII</strong></span> <span class='ocrx_word' id='word_1_3' title='bbox 1022 128 1169 162; x_wconf 61' lang='lat' dir='ltr'><strong>TRICCzE</strong></span> <span class='ocrx_word' id='word_1_4' title='bbox 1189 130 1354 164; x_wconf 87' lang='lat' dir='ltr'><strong>EPISCOPl</strong></span> 
     </span>
    </p>
   </div>
   <div class='ocr_carea' id='block_1_3' title="bbox 1866 128 1919 163">
    <p class='ocr_par' dir='ltr' id='par_1_3' title="bbox 1866 128 1919 163">
     <span class='ocr_line' id='line_1_3' title="bbox 1866 128 1919 163; baseline 0.019 -1"><span class='ocrx_word' id='word_1_5' title='bbox 1866 128 1919 163; x_wconf 78' lang='grc'><strong>204</strong></span> 
     </span>
    </p>
   </div>
   <div class='ocr_carea' id='block_1_4' title="bbox 224 196 1042 239">
    <p class='ocr_par' dir='ltr' id='par_1_4' title="bbox 224 196 1042 239">
     <span class='ocr_line' id='line_1_4' title="bbox 224 196 1042 239; baseline -0.001 -10"><span class='ocrx_word' id='word_1_6' title='bbox 224 198 391 230; x_wconf 79' lang='lat' dir='ltr'><strong>secundum</strong></span> <span class='ocrx_word' id='word_1_7' title='bbox 401 205 493 239; x_wconf 79' lang='lat' dir='ltr'><strong>Opera</strong></span> <span class='ocrx_word' id='word_1_8' title='bbox 498 200 617 238; x_wconf 85' lang='lat' dir='ltr'><strong>nostra,</strong></span> <span class='ocrx_word' id='word_1_9' title='bbox 623 197 673 228; x_wconf 79' lang='lat' dir='ltr'><strong>sed</strong></span> <span class='ocrx_word' id='word_1_10' title='bbox 687 196 852 228; x_wconf 74' lang='lat' dir='ltr'><strong>secundum</strong></span> <span class='ocrx_word' id='word_1_11' title='bbox 858 197 1042 237; x_wconf 78' lang='lat' dir='ltr'><strong>propositun</strong></span> 
     </span>
    </p>
   </div>
   <div class='ocr_carea' id='block_1_5' title="bbox 1138 196 1914 239">
    <p class='ocr_par' dir='ltr' id='par_1_5' title="bbox 1138 198 1914 239">
     <span class='ocr_line' id='line_1_5' title="bbox 1138 198 1914 239; baseline 0.001 -13"><span class='ocrx_word' id='word_1_12' title='bbox 1138 198 1205 227; x_wconf 79' lang='grc' dir='ltr'>κατὰ</span> <span class='ocrx_word' id='word_1_13' title='bbox 1220 199 1252 227; x_wconf 84' lang='grc' dir='ltr'><strong>τὰ</strong></span> <span class='ocrx_word' id='word_1_14' title='bbox 1267 198 1330 238; x_wconf 75' lang='grc' dir='ltr'>ἔργα</span> <span class='ocrx_word' id='word_1_15' title='bbox 1352 199 1442 239; x_wconf 80' lang='grc' dir='ltr'>ἡμῶν,</span> <span class='ocrx_word' id='word_1_16' title='bbox 1471 198 1538 226; x_wconf 79' lang='grc' dir='ltr'>ἀλλὰ</span> <span class='ocrx_word' id='word_1_17' title='bbox 1561 198 1619 227; x_wconf 78' lang='grc' dir='ltr'>κατ’</span> <span class='ocrx_word' id='word_1_18' title='bbox 1648 198 1713 227; x_wconf 88' lang='grc' dir='ltr'>ἷδίαν</span> <span class='ocrx_word' id='word_1_19' title='bbox 1742 200 1864 238; x_wconf 77' lang='grc' dir='ltr'>πρόθεσιν</span> <span class='ocrx_word' id='word_1_20' title='bbox 1877 210 1914 227; x_wconf 74' lang='grc' dir='ltr'><strong>κα</strong></span> 
     </span>
    </p>
   </div>
   <div class='ocr_carea' id='block_1_6' title="bbox 222 241 1042 284">
    <p class='ocr_par' dir='ltr' id='par_1_6' title="bbox 222 241 1042 283">
     <span class='ocr_line' id='line_1_6' title="bbox 222 241 1042 283; baseline -0.002 -9"><span class='ocrx_word' id='word_1_21' title='bbox 222 247 251 274; x_wconf 80' lang='lat' dir='ltr'><strong>et</strong></span> <span class='ocrx_word' id='word_1_22' title='bbox 262 244 396 283; x_wconf 80' lang='lat' dir='ltr'><strong>gratiam</strong></span> <span class='ocrx_word' id='word_1_23' title='bbox 403 252 464 283; x_wconf 89' lang='lat' dir='ltr'><strong>qua</strong></span> <span class='ocrx_word' id='word_1_24' title='bbox 472 243 553 274; x_wconf 80' lang='lat' dir='ltr'><strong>dcem</strong></span> <span class='ocrx_word' id='word_1_25' title='bbox 560 245 602 274; x_wconf 82' lang='lat' dir='ltr'><strong>est</strong></span> <span class='ocrx_word' id='word_1_26' title='bbox 618 242 704 274; x_wconf 77' lang='lat' dir='ltr'><strong>nobis</strong></span> <span class='ocrx_word' id='word_1_27' title='bbox 721 251 779 282; x_wconf 83' lang='lat' dir='ltr'><strong>per</strong></span> <span class='ocrx_word' id='word_1_28' title='bbox 792 241 948 273; x_wconf 75' lang='lat' dir='ltr'><strong>Christum</strong></span> <span class='ocrx_word' id='word_1_29' title='bbox 961 241 1042 273; x_wconf 74' lang='lat' dir='ltr'><strong>Jesui</strong></span> 
     </span>
    </p>
   </div>
   <div class='ocr_carea' id='block_1_7' title="bbox 1138 241 1913 284">
    <p class='ocr_par' dir='ltr' id='par_1_7' title="bbox 1138 242 1913 284">
     <span class='ocr_line' id='line_1_7' title="bbox 1138 242 1913 284; baseline 0 -13"><span class='ocrx_word' id='word_1_30' title='bbox 1138 243 1183 282; x_wconf 89' lang='grc' dir='ltr'>ἱριν</span> <span class='ocrx_word' id='word_1_31' title='bbox 1199 243 1247 277; x_wconf 80' lang='grc' dir='ltr'>τὴν</span> <span class='ocrx_word' id='word_1_32' title='bbox 1262 242 1381 272; x_wconf 79' lang='grc' dir='ltr'>δοθεῖσαν</span> <span class='ocrx_word' id='word_1_33' title='bbox 1396 244 1464 281; x_wconf 80' lang='grc' dir='ltr'>ἡμῖν</span> <span class='ocrx_word' id='word_1_34' title='bbox 1479 243 1506 271; x_wconf 77' lang='grc' dir='ltr'>ἐν</span> <span class='ocrx_word' id='word_1_35' title='bbox 1522 247 1626 284; x_wconf 80' lang='grc' dir='ltr'><strong>Χριστῷ</strong></span> <span class='ocrx_word' id='word_1_36' title='bbox 1640 243 1728 277; x_wconf 83' lang='grc' dir='ltr'>Ἰησοῦ</span> <span class='ocrx_word' id='word_1_37' title='bbox 1749 244 1798 283; x_wconf 78' lang='grc' dir='ltr'>πρὸ</span> <span class='ocrx_word' id='word_1_38' title='bbox 1818 243 1913 284; x_wconf 62' lang='grc' dir='ltr'>χρόνων</span> 
     </span>
    </p>
   </div>
   <div class='ocr_carea' id='block_1_8' title="bbox 225 291 585 328">
    <p class='ocr_par' dir='ltr' id='par_1_8' title="bbox 225 291 585 328">
     <span class='ocr_line' id='line_1_8' title="bbox 225 291 585 328; baseline 0 -10"><span class='ocrx_word' id='word_1_39' title='bbox 225 291 296 319; x_wconf 78' lang='lat' dir='ltr'><strong>ante</strong></span> <span class='ocrx_word' id='word_1_40' title='bbox 311 291 448 328; x_wconf 84' lang='lat' dir='ltr'><strong>tempora</strong></span> <span class='ocrx_word' id='word_1_41' title='bbox 459 291 585 319; x_wconf 74' lang='lat' dir='ltr'><strong>aeterna.</strong></span> 
     </span>
    </p>
   </div>
   <div class='ocr_carea' id='block_1_9' title="bbox 266 330 1056 368">
    <p class='ocr_par' dir='ltr' id='par_1_9' title="bbox 266 330 1056 368">
     <span class='ocr_line' id='line_1_9' title="bbox 266 330 1056 368; baseline -0.004 -5"><span class='ocrx_word' id='word_1_42' title='bbox 266 331 421 368; x_wconf 88' lang='lat' dir='ltr'><strong>Quomodo</strong></span> <span class='ocrx_word' id='word_1_43' title='bbox 437 336 534 363; x_wconf 86' lang='lat' dir='ltr'><strong>autem</strong></span> <span class='ocrx_word' id='word_1_44' title='bbox 546 330 696 363; x_wconf 77' lang='lat' dir='ltr'><strong>suscitabo</strong></span> <span class='ocrx_word' id='word_1_45' title='bbox 708 331 819 362; x_wconf 90' lang='lat' dir='ltr'><strong>donum</strong></span> <span class='ocrx_word' id='word_1_46' title='bbox 832 331 902 362; x_wconf 83' lang='lat' dir='ltr'><strong>Dei?</strong></span> <span class='ocrx_word' id='word_1_47' title='bbox 920 331 951 362; x_wconf 91' lang='lat' dir='ltr'><strong>Si</strong></span> <span class='ocrx_word' id='word_1_48' title='bbox 965 330 1056 361; x_wconf 86' lang='lat' dir='ltr'><strong>virili—</strong></span> 
     </span>
    </p>
   </div>
   <div class='ocr_carea' id='block_1_10' title="bbox 227 375 1051 416">
    <p class='ocr_par' dir='ltr' id='par_1_10' title="bbox 227 375 1051 416">
     <span class='ocr_line' id='line_1_10' title="bbox 227 375 1051 416; baseline -0.002 -9"><span class='ocrx_word' id='word_1_49' title='bbox 227 380 274 407; x_wconf 90' lang='lat' dir='ltr'><strong>ter</strong></span> <span class='ocrx_word' id='word_1_50' title='bbox 289 377 327 408; x_wconf 87' lang='lat' dir='ltr'><strong>ad</strong></span> <span class='ocrx_word' id='word_1_51' title='bbox 343 376 522 408; x_wconf 90' lang='lat' dir='ltr'><strong>tentationes</strong></span> <span class='ocrx_word' id='word_1_52' title='bbox 537 376 743 407; x_wconf 75' lang='lat' dir='ltr'><strong>etatl‘ectiones</strong></span> <span class='ocrx_word' id='word_1_53' title='bbox 750 375 1051 416; x_wconf 73' lang='lat' dir='ltr'><strong>permanseris.cNon</strong></span> 
     </span>
    </p>
   </div>
   <div class='ocr_carea' id='block_1_11' title="bbox 226 418 1052 460">
    <p class='ocr_par' dir='ltr' id='par_1_11' title="bbox 226 418 1052 460">
     <span class='ocr_line' id='line_1_11' title="bbox 226 418 1052 460; baseline -0.002 -9"><span class='ocrx_word' id='word_1_54' title='bbox 226 420 307 451; x_wconf 90' lang='lat' dir='ltr'><strong>enim</strong></span> <span class='ocrx_word' id='word_1_55' title='bbox 323 420 410 452; x_wconf 90' lang='lat' dir='ltr'><strong>nobis</strong></span> <span class='ocrx_word' id='word_1_56' title='bbox 425 420 508 451; x_wconf 84' lang='lat' dir='ltr'><strong>dedit</strong></span> <span class='ocrx_word' id='word_1_57' title='bbox 521 420 600 451; x_wconf 87' lang='lat' dir='ltr'><strong>Deus</strong></span> <span class='ocrx_word' id='word_1_58' title='bbox 615 420 752 460; x_wconf 81' lang='lat' dir='ltr'><strong>spiritum</strong></span> <span class='ocrx_word' id='word_1_59' title='bbox 770 419 948 455; x_wconf 76' lang='lat' dir='ltr'><strong>timiditatis,</strong></span> <span class='ocrx_word' id='word_1_60' title='bbox 970 432 983 447; x_wconf 74' lang='lat'><strong><em>»</em></strong></span> <span class='ocrx_word' id='word_1_61' title='bbox 1000 418 1052 449; x_wconf 91' lang='lat' dir='ltr'><strong>Est</strong></span> 
     </span>
    </p>
   </div>
   <div class='ocr_carea' id='block_1_12' title="bbox 226 464 1051 506">
    <p class='ocr_par' dir='ltr' id='par_1_12' title="bbox 226 464 1051 506">
     <span class='ocr_line' id='line_1_12' title="bbox 226 464 1051 506; baseline -0.002 -11"><span class='ocrx_word' id='word_1_62' title='bbox 226 465 306 496; x_wconf 90' lang='lat' dir='ltr'><strong>enim</strong></span> <span class='ocrx_word' id='word_1_63' title='bbox 324 469 368 496; x_wconf 87' lang='lat' dir='ltr'><strong>est</strong></span> <span class='ocrx_word' id='word_1_64' title='bbox 384 465 507 506; x_wconf 83' lang='lat' dir='ltr'><strong>spiritus</strong></span> <span class='ocrx_word' id='word_1_65' title='bbox 530 465 591 496; x_wconf 86' lang='lat' dir='ltr'><strong>sive</strong></span> <span class='ocrx_word' id='word_1_66' title='bbox 620 465 731 495; x_wconf 89' lang='lat' dir='ltr'><strong>donum</strong></span> <span class='ocrx_word' id='word_1_67' title='bbox 747 464 926 504; x_wconf 76' lang='lat' dir='ltr'><strong>timiditatis,</strong></span> <span class='ocrx_word' id='word_1_68' title='bbox 944 472 1051 504; x_wconf 92' lang='lat' dir='ltr'><strong>quem-</strong></span> 
     </span>
    </p>
   </div>
   <div class='ocr_carea' id='block_1_13' title="bbox 227 509 1053 548">
    <p class='ocr_par' dir='ltr' id='par_1_13' title="bbox 227 509 1053 548">
     <span class='ocr_line' id='line_1_13' title="bbox 227 509 1053 548; baseline -0.002 -8"><span class='ocrx_word' id='word_1_69' title='bbox 227 509 386 541; x_wconf 83' lang='lat' dir='ltr'><strong>admodum</strong></span> <span class='ocrx_word' id='word_1_70' title='bbox 411 509 442 540; x_wconf 90' lang='lat' dir='ltr'><strong>in</strong></span> <span class='ocrx_word' id='word_1_71' title='bbox 460 509 545 540; x_wconf 86' lang='lat' dir='ltr'><strong>libris</strong></span> <span class='ocrx_word' id='word_1_72' title='bbox 569 511 681 548; x_wconf 80' lang='lat' dir='ltr'><strong>Regum</strong></span> <span class='ocrx_word' id='word_1_73' title='bbox 699 509 740 539; x_wconf 88' lang='lat' dir='ltr'><strong>ait</strong></span> <span class='ocrx_word' id='word_1_74' title='bbox 757 519 764 540; x_wconf 92' lang='lat'><strong>:</strong></span> <span class='ocrx_word' id='word_1_75' title='bbox 783 510 819 540; x_wconf 85' lang='lat' dir='ltr'><strong>Et</strong></span> <span class='ocrx_word' id='word_1_76' title='bbox 834 509 942 540; x_wconf 87' lang='lat' dir='ltr'><strong>cecidit</strong></span> <span class='ocrx_word' id='word_1_77' title='bbox 963 517 1053 548; x_wconf 81' lang='lat' dir='ltr'><strong>super</strong></span> 
     </span>
    </p>
   </div>
   <div class='ocr_carea' id='block_1_14' title="bbox 227 553 1051 595">
    <p class='ocr_par' dir='ltr' id='par_1_14' title="bbox 227 553 1051 595">
     <span class='ocr_line' id='line_1_14' title="bbox 227 553 1051 595; baseline -0.001 -10"><span class='ocrx_word' id='word_1_78' title='bbox 227 554 296 585; x_wconf 83' lang='lat' dir='ltr'><strong>illos</strong></span> <span class='ocrx_word' id='word_1_79' title='bbox 320 554 441 595; x_wconf 86' lang='lat' dir='ltr'><strong>spiritus</strong></span> <span class='ocrx_word' id='word_1_80' title='bbox 469 553 648 591; x_wconf 86' lang='lat' dir='ltr'><strong>timiditatis,</strong></span> <span class='ocrx_word' id='word_1_81' title='bbox 676 553 726 584; x_wconf 88' lang='lat' dir='ltr'><strong>ubi</strong></span> <span class='ocrx_word' id='word_1_82' title='bbox 750 553 825 584; x_wconf 85' lang='lat' dir='ltr'><strong>utile</strong></span> <span class='ocrx_word' id='word_1_83' title='bbox 850 553 973 584; x_wconf 88' lang='lat' dir='ltr'><strong>omnino</strong></span> <span class='ocrx_word' id='word_1_84' title='bbox 988 556 1051 584; x_wconf 84' lang='lat' dir='ltr'><strong>erat</strong></span> 
     </span>
    </p>
   </div>
   <div class='ocr_carea' id='block_1_15' title="bbox 227 597 1050 640">
    <p class='ocr_par' dir='ltr' id='par_1_15' title="bbox 227 597 1050 640">
     <span class='ocr_line' id='line_1_15' title="bbox 227 597 1050 640; baseline -0.002 -10"><span class='ocrx_word' id='word_1_85' title='bbox 227 598 405 631; x_wconf 89' lang='lat' dir='ltr'><strong>timere.Sed</strong></span> <span class='ocrx_word' id='word_1_86' title='bbox 422 598 682 640; x_wconf 56' lang='lat' dir='ltr'><strong>potentiajnquit,</strong></span> <span class='ocrx_word' id='word_1_87' title='bbox 693 598 805 628; x_wconf 90' lang='lat' dir='ltr'><strong>donum</strong></span> <span class='ocrx_word' id='word_1_88' title='bbox 820 597 919 628; x_wconf 90' lang='lat' dir='ltr'><strong>datum</strong></span> <span class='ocrx_word' id='word_1_89' title='bbox 934 600 979 628; x_wconf 90' lang='lat' dir='ltr'><strong>est</strong></span> <span class='ocrx_word' id='word_1_90' title='bbox 994 605 1050 628; x_wconf 92' lang='lat' dir='ltr'><strong>no-</strong></span> 
     </span>
    </p>
   </div>
   <div class='ocr_carea' id='block_1_16' title="bbox 227 641 1048 679">
    <p class='ocr_par' dir='ltr' id='par_1_16' title="bbox 227 641 1048 679">
     <span class='ocr_line' id='line_1_16' title="bbox 227 641 1048 679; baseline -0.004 -5"><span class='ocrx_word' id='word_1_91' title='bbox 227 643 286 674; x_wconf 87' lang='lat' dir='ltr'><strong>bis.</strong></span> <span class='ocrx_word' id='word_1_92' title='bbox 305 655 318 672; x_wconf 69' lang='lat' dir='ltr'><strong>u</strong></span> <span class='ocrx_word' id='word_1_93' title='bbox 336 644 490 675; x_wconf 75' lang='lat' dir='ltr'><strong>Potentiae.</strong></span> <span class='ocrx_word' id='word_1_94' title='bbox 508 655 519 672; x_wconf 70' lang='grc' dir='ltr'><strong>ν</strong></span> <span class='ocrx_word' id='word_1_95' title='bbox 539 642 609 679; x_wconf 86' lang='lat' dir='ltr'><strong>Quae</strong></span> <span class='ocrx_word' id='word_1_96' title='bbox 624 646 669 673; x_wconf 92' lang='lat' dir='ltr'><strong>est</strong></span> <span class='ocrx_word' id='word_1_97' title='bbox 687 642 829 673; x_wconf 85' lang='lat' dir='ltr'><strong>adversus</strong></span> <span class='ocrx_word' id='word_1_98' title='bbox 858 641 1048 672; x_wconf 89' lang='lat' dir='ltr'><strong>tentationes.</strong></span> 
     </span>
    </p>
   </div>
   <div class='ocr_carea' id='block_1_17' title="bbox 229 685 1050 726">
    <p class='ocr_par' dir='ltr' id='par_1_17' title="bbox 229 685 1050 726">
     <span class='ocr_line' id='line_1_17' title="bbox 229 685 1050 726; baseline 0 -10"><span class='ocrx_word' id='word_1_99' title='bbox 229 699 243 716; x_wconf 70' lang='grc' dir='ltr'>ι</span> <span class='ocrx_word' id='word_1_100' title='bbox 259 687 442 719; x_wconf 89' lang='lat' dir='ltr'><strong>Dilectionis.</strong></span> <span class='ocrx_word' id='word_1_101' title='bbox 462 700 476 716; x_wconf 73' lang='grc' dir='ltr'>ι»</span> <span class='ocrx_word' id='word_1_102' title='bbox 494 687 566 724; x_wconf 82' lang='lat' dir='ltr'><strong>Quae</strong></span> <span class='ocrx_word' id='word_1_103' title='bbox 581 692 626 719; x_wconf 89' lang='lat' dir='ltr'><strong>est</strong></span> <span class='ocrx_word' id='word_1_104' title='bbox 641 695 711 726; x_wconf 81' lang='lat' dir='ltr'><strong>erga</strong></span> <span class='ocrx_word' id='word_1_105' title='bbox 725 687 842 718; x_wconf 83' lang='lat' dir='ltr'><strong>fratres.</strong></span> <span class='ocrx_word' id='word_1_106' title='bbox 866 698 876 715; x_wconf 71' lang='grc' dir='ltr'><strong>ι</strong></span> <span class='ocrx_word' id='word_1_107' title='bbox 894 685 1050 718; x_wconf 88' lang='lat' dir='ltr'><strong>Sobrieta-</strong></span> 
     </span>
    </p>
   </div>
   <div class='ocr_carea' id='block_1_18' title="bbox 226 731 1050 765">
    <p class='ocr_par' dir='ltr' id='par_1_18' title="bbox 226 731 1050 765">
     <span class='ocr_line' id='line_1_18' title="bbox 226 731 1050 765; baseline -0.002 -2"><span class='ocrx_word' id='word_1_108' title='bbox 226 732 275 763; x_wconf 87' lang='lat' dir='ltr'><strong>tis.</strong></span> <span class='ocrx_word' id='word_1_109' title='bbox 295 745 307 763; x_wconf 74' lang='grc' dir='ltr'><strong>υ</strong></span> <span class='ocrx_word' id='word_1_110' title='bbox 327 733 414 765; x_wconf 89' lang='lat' dir='ltr'><strong>Circa</strong></span> <span class='ocrx_word' id='word_1_111' title='bbox 426 737 539 764; x_wconf 89' lang='lat' dir='ltr'><strong>rectam</strong></span> <span class='ocrx_word' id='word_1_112' title='bbox 555 732 656 763; x_wconf 90' lang='lat' dir='ltr'><strong>vitam.</strong></span> <span class='ocrx_word' id='word_1_113' title='bbox 674 732 716 763; x_wconf 84' lang='lat' dir='ltr'><strong>Im</strong></span> <span class='ocrx_word' id='word_1_114' title='bbox 732 732 780 763; x_wconf 89' lang='lat' dir='ltr'><strong>his</strong></span> <span class='ocrx_word' id='word_1_115' title='bbox 795 736 893 763; x_wconf 89' lang='lat' dir='ltr'><strong>autem</strong></span> <span class='ocrx_word' id='word_1_116' title='bbox 911 731 1050 762; x_wconf 92' lang='lat' dir='ltr'><strong>omnibus</strong></span> 
     </span>
    </p>
   </div>
   <div class='ocr_carea' id='block_1_19' title="bbox 226 775 1046 816">
    <p class='ocr_par' dir='ltr' id='par_1_19' title="bbox 226 775 1046 816">
     <span class='ocr_line' id='line_1_19' title="bbox 226 775 1046 816; baseline -0.002 -8"><span class='ocrx_word' id='word_1_117' title='bbox 226 777 383 810; x_wconf 82' lang='lat' dir='ltr'><strong>inferenda</strong></span> <span class='ocrx_word' id='word_1_118' title='bbox 398 779 485 809; x_wconf 89' lang='lat' dir='ltr'><strong>etiam</strong></span> <span class='ocrx_word' id='word_1_119' title='bbox 503 781 547 809; x_wconf 89' lang='lat' dir='ltr'><strong>est</strong></span> <span class='ocrx_word' id='word_1_120' title='bbox 561 786 578 808; x_wconf 90' lang='lat' dir='ltr'><strong>a</strong></span> <span class='ocrx_word' id='word_1_121' title='bbox 597 777 685 808; x_wconf 88' lang='lat' dir='ltr'><strong>nobis</strong></span> <span class='ocrx_word' id='word_1_122' title='bbox 711 776 804 807; x_wconf 90' lang='lat' dir='ltr'><strong>animi</strong></span> <span class='ocrx_word' id='word_1_123' title='bbox 832 775 1046 816; x_wconf 85' lang='lat' dir='ltr'><strong>promptitudo.</strong></span> 
     </span>
    </p>
   </div>
   <div class='ocr_carea' id='block_1_20' title="bbox 225 820 1049 863">
    <p class='ocr_par' dir='ltr' id='par_1_20' title="bbox 225 820 1049 863">
     <span class='ocr_line' id='line_1_20' title="bbox 225 820 1049 863; baseline -0.004 -10"><span class='ocrx_word' id='word_1_124' title='bbox 225 821 269 853; x_wconf 87' lang='lat' dir='ltr'><strong>Ne</strong></span> <span class='ocrx_word' id='word_1_125' title='bbox 282 822 374 862; x_wconf 81' lang='lat' dir='ltr'><strong>igitur</strong></span> <span class='ocrx_word' id='word_1_126' title='bbox 384 827 413 854; x_wconf 94' lang='lat' dir='ltr'><strong>te</strong></span> <span class='ocrx_word' id='word_1_127' title='bbox 422 822 531 863; x_wconf 85' lang='lat' dir='ltr'><strong>pudeat</strong></span> <span class='ocrx_word' id='word_1_128' title='bbox 542 821 703 853; x_wconf 86' lang='lat' dir='ltr'><strong>testimonii</strong></span> <span class='ocrx_word' id='word_1_129' title='bbox 716 820 835 852; x_wconf 90' lang='lat' dir='ltr'><strong>Domini</strong></span> <span class='ocrx_word' id='word_1_130' title='bbox 845 820 950 851; x_wconf 89' lang='lat' dir='ltr'><strong>nostri.</strong></span> <span class='ocrx_word' id='word_1_131' title='bbox 958 820 1049 851; x_wconf 74' lang='grc' dir='ltr'>»Μυί-</span> 
     </span>
    </p>
   </div>
   <div class='ocr_carea' id='block_1_21' title="bbox 228 864 1048 906">
    <p class='ocr_par' dir='ltr' id='par_1_21' title="bbox 228 864 1048 906">
     <span class='ocr_line' id='line_1_21' title="bbox 228 864 1048 906; baseline -0.005 -8"><span class='ocrx_word' id='word_1_132' title='bbox 228 866 250 897; x_wconf 89' lang='lat' dir='ltr'><strong>ti</strong></span> <span class='ocrx_word' id='word_1_133' title='bbox 270 867 408 898; x_wconf 89' lang='lat' dir='ltr'><strong>homines</strong></span> <span class='ocrx_word' id='word_1_134' title='bbox 431 866 607 901; x_wconf 85' lang='lat' dir='ltr'><strong>miserrimi.</strong></span> <span class='ocrx_word' id='word_1_135' title='bbox 631 865 863 906; x_wconf 89' lang='lat' dir='ltr'><strong>dispensationis</strong></span> <span class='ocrx_word' id='word_1_136' title='bbox 877 864 1048 905; x_wconf 77' lang='lat' dir='ltr'><strong>mysterium</strong></span> 
     </span>
    </p>
   </div>
   <div class='ocr_carea' id='block_1_22' title="bbox 226 908 1047 951">
    <p class='ocr_par' dir='ltr' id='par_1_22' title="bbox 226 908 1047 951">
     <span class='ocr_line' id='line_1_22' title="bbox 226 908 1047 951; baseline -0.004 -9"><span class='ocrx_word' id='word_1_137' title='bbox 226 911 309 951; x_wconf 80' lang='lat' dir='ltr'><strong>juxta</strong></span> <span class='ocrx_word' id='word_1_138' title='bbox 336 912 483 942; x_wconf 86' lang='lat' dir='ltr'><strong>humanas</strong></span> <span class='ocrx_word' id='word_1_139' title='bbox 507 911 639 942; x_wconf 83' lang='lat' dir='ltr'><strong>rationes</strong></span> <span class='ocrx_word' id='word_1_140' title='bbox 662 909 884 949; x_wconf 80' lang='lat' dir='ltr'><strong>investigantes,</strong></span> <span class='ocrx_word' id='word_1_141' title='bbox 902 908 1047 949; x_wconf 88' lang='lat' dir='ltr'><strong>pudorem</strong></span> 
     </span>
    </p>
   </div>
   <div class='ocr_carea' id='block_1_23' title="bbox 228 952 1047 993">
    <p class='ocr_par' dir='ltr' id='par_1_23' title="bbox 228 952 1047 993">
     <span class='ocr_line' id='line_1_23' title="bbox 228 952 1047 993; baseline -0.005 -6"><span class='ocrx_word' id='word_1_142' title='bbox 228 965 296 987; x_wconf 86' lang='lat' dir='ltr'><strong>esse</strong></span> <span class='ocrx_word' id='word_1_143' title='bbox 309 955 413 987; x_wconf 90' lang='lat' dir='ltr'><strong>dicunt</strong></span> <span class='ocrx_word' id='word_1_144' title='bbox 427 955 453 987; x_wconf 88' lang='lat' dir='ltr'><strong>si</strong></span> <span class='ocrx_word' id='word_1_145' title='bbox 468 955 522 986; x_wconf 89' lang='lat' dir='ltr'><strong>Dei</strong></span> <span class='ocrx_word' id='word_1_146' title='bbox 536 955 644 987; x_wconf 89' lang='lat' dir='ltr'><strong>Filium</strong></span> <span class='ocrx_word' id='word_1_147' title='bbox 659 954 832 985; x_wconf 82' lang='lat' dir='ltr'><strong>cruciﬁxum</strong></span> <span class='ocrx_word' id='word_1_148' title='bbox 857 962 922 985; x_wconf 89' lang='lat' dir='ltr'><strong>esse</strong></span> <span class='ocrx_word' id='word_1_149' title='bbox 938 952 1047 993; x_wconf 71' lang='lat' dir='ltr'><strong>praedi-</strong></span> 
     </span>
    </p>
   </div>
   <div class='ocr_carea' id='block_1_24' title="bbox 227 998 1046 1041">
    <p class='ocr_par' dir='ltr' id='par_1_24' title="bbox 227 998 1046 1041">
     <span class='ocr_line' id='line_1_24' title="bbox 227 998 1046 1041; baseline -0.005 -10"><span class='ocrx_word' id='word_1_150' title='bbox 227 1004 340 1038; x_wconf 88' lang='lat' dir='ltr'><strong>carent,</strong></span> <span class='ocrx_word' id='word_1_151' title='bbox 356 1000 530 1041; x_wconf 83' lang='lat' dir='ltr'><strong>ignorantes</strong></span> <span class='ocrx_word' id='word_1_152' title='bbox 546 999 616 1040; x_wconf 90' lang='lat' dir='ltr'><strong>quid</strong></span> <span class='ocrx_word' id='word_1_153' title='bbox 629 999 794 1039; x_wconf 59' lang='lat' dir='ltr'><strong>praestitum</strong></span> <span class='ocrx_word' id='word_1_154' title='bbox 811 998 848 1029; x_wconf 87' lang='lat' dir='ltr'><strong>sit</strong></span> <span class='ocrx_word' id='word_1_155' title='bbox 859 1007 912 1038; x_wconf 88' lang='lat' dir='ltr'><strong>per</strong></span> <span class='ocrx_word' id='word_1_156' title='bbox 927 1006 1046 1028; x_wconf 88' lang='lat' dir='ltr'><strong>crucem</strong></span> 
     </span>
    </p>
   </div>
   <div class='ocr_carea' id='block_1_25' title="bbox 223 1042 1042 1084">
    <p class='ocr_par' dir='ltr' id='par_1_25' title="bbox 223 1042 1042 1084">
     <span class='ocr_line' id='line_1_25' title="bbox 223 1042 1042 1084; baseline -0.005 -8"><span class='ocrx_word' id='word_1_157' title='bbox 223 1049 254 1076; x_wconf 89' lang='lat' dir='ltr'><strong>et</strong></span> <span class='ocrx_word' id='word_1_158' title='bbox 270 1049 396 1076; x_wconf 87' lang='lat' dir='ltr'><strong>mortem</strong></span> <span class='ocrx_word' id='word_1_159' title='bbox 422 1044 552 1077; x_wconf 89' lang='lat' dir='ltr'><strong>Domini.</strong></span> <span class='ocrx_word' id='word_1_160' title='bbox 569 1044 611 1075; x_wconf 92' lang='lat' dir='ltr'><strong>Te</strong></span> <span class='ocrx_word' id='word_1_161' title='bbox 640 1044 727 1083; x_wconf 78' lang='lat' dir='ltr'><strong>igitur</strong></span> <span class='ocrx_word' id='word_1_162' title='bbox 749 1053 785 1074; x_wconf 91' lang='lat' dir='ltr'><strong>ne</strong></span> <span class='ocrx_word' id='word_1_163' title='bbox 800 1043 919 1084; x_wconf 88' lang='lat' dir='ltr'><strong>pudeat,</strong></span> <span class='ocrx_word' id='word_1_164' title='bbox 935 1042 1042 1082; x_wconf 89' lang='lat' dir='ltr'><strong>inquit,</strong></span> 
     </span>
    </p>
   </div>
   <div class='ocr_carea' id='block_1_26' title="bbox 224 1086 1041 1129">
    <p class='ocr_par' dir='ltr' id='par_1_26' title="bbox 224 1086 1041 1129">
     <span class='ocr_line' id='line_1_26' title="bbox 224 1086 1041 1129; baseline -0.005 -9"><span class='ocrx_word' id='word_1_165' title='bbox 224 1090 389 1120; x_wconf 89' lang='lat' dir='ltr'><strong>testimonii</strong></span> <span class='ocrx_word' id='word_1_166' title='bbox 404 1089 465 1121; x_wconf 86' lang='lat' dir='ltr'><strong>sive</strong></span> <span class='ocrx_word' id='word_1_167' title='bbox 480 1089 684 1129; x_wconf 87' lang='lat' dir='ltr'><strong>martyrii,hoc</strong></span> <span class='ocrx_word' id='word_1_168' title='bbox 705 1092 749 1119; x_wconf 90' lang='lat' dir='ltr'><strong>est</strong></span> <span class='ocrx_word' id='word_1_169' title='bbox 764 1087 910 1128; x_wconf 84' lang='lat' dir='ltr'><strong>passionis</strong></span> <span class='ocrx_word' id='word_1_170' title='bbox 921 1086 1041 1123; x_wconf 83' lang='lat' dir='ltr'><strong>Christi,</strong></span> 
     </span>
    </p>
   </div>
   <div class='ocr_carea' id='block_1_27' title="bbox 223 1131 1044 1175">
    <p class='ocr_par' dir='ltr' id='par_1_27' title="bbox 223 1131 1044 1175">
     <span class='ocr_line' id='line_1_27' title="bbox 223 1131 1044 1175; baseline -0.006 -10"><span class='ocrx_word' id='word_1_171' title='bbox 223 1133 278 1165; x_wconf 89' lang='lat' dir='ltr'><strong>sed</strong></span> <span class='ocrx_word' id='word_1_172' title='bbox 295 1134 391 1165; x_wconf 89' lang='lat' dir='ltr'><strong>libere</strong></span> <span class='ocrx_word' id='word_1_173' title='bbox 406 1133 543 1175; x_wconf 70' lang='lat' dir='ltr'><strong>praedicat.</strong></span> <span class='ocrx_word' id='word_1_174' title='bbox 559 1146 573 1161; x_wconf 78' lang='grc' dir='ltr'><strong>α</strong></span> <span class='ocrx_word' id='word_1_175' title='bbox 589 1133 692 1174; x_wconf 89' lang='lat' dir='ltr'><strong>Neque</strong></span> <span class='ocrx_word' id='word_1_176' title='bbox 707 1131 767 1163; x_wconf 90' lang='lat' dir='ltr'><strong>mei</strong></span> <span class='ocrx_word' id='word_1_177' title='bbox 782 1132 833 1173; x_wconf 91' lang='lat' dir='ltr'><strong>qui</strong></span> <span class='ocrx_word' id='word_1_178' title='bbox 848 1140 913 1162; x_wconf 91' lang='lat' dir='ltr'><strong>sum</strong></span> <span class='ocrx_word' id='word_1_179' title='bbox 928 1131 1044 1162; x_wconf 88' lang='lat' dir='ltr'><strong>vinctus</strong></span> 
     </span>
    </p>
   </div>
   <div class='ocr_carea' id='block_1_28' title="bbox 221 1176 1043 1219">
    <p class='ocr_par' dir='ltr' id='par_1_28' title="bbox 221 1176 1043 1219">
     <span class='ocr_line' id='line_1_28' title="bbox 221 1176 1043 1219; baseline -0.004 -11"><span class='ocrx_word' id='word_1_180' title='bbox 221 1177 313 1210; x_wconf 89' lang='lat' dir='ltr'><strong>illius.</strong></span> <span class='ocrx_word' id='word_1_181' title='bbox 332 1191 346 1206; x_wconf 71' lang='grc' dir='ltr'><strong>ιι</strong></span> <span class='ocrx_word' id='word_1_182' title='bbox 364 1177 465 1219; x_wconf 84' lang='lat' dir='ltr'><strong>Neque</strong></span> <span class='ocrx_word' id='word_1_183' title='bbox 489 1182 518 1209; x_wconf 87' lang='lat' dir='ltr'><strong>te</strong></span> <span class='ocrx_word' id='word_1_184' title='bbox 537 1177 645 1218; x_wconf 84' lang='lat' dir='ltr'><strong>pudeat</strong></span> <span class='ocrx_word' id='word_1_185' title='bbox 660 1177 737 1218; x_wconf 85' lang='lat' dir='ltr'><strong>quod</strong></span> <span class='ocrx_word' id='word_1_186' title='bbox 763 1186 830 1207; x_wconf 92' lang='lat' dir='ltr'><strong>eum</strong></span> <span class='ocrx_word' id='word_1_187' title='bbox 855 1176 905 1216; x_wconf 90' lang='lat' dir='ltr'><strong>qui</strong></span> <span class='ocrx_word' id='word_1_188' title='bbox 927 1176 1043 1206; x_wconf 90' lang='lat' dir='ltr'><strong>vinctus</strong></span> 
     </span>
    </p>
   </div>
   <div class='ocr_carea' id='block_1_29' title="bbox 222 1219 1044 1263">
    <p class='ocr_par' dir='ltr' id='par_1_29' title="bbox 222 1219 1044 1263">
     <span class='ocr_line' id='line_1_29' title="bbox 222 1219 1044 1263; baseline -0.006 -9"><span class='ocrx_word' id='word_1_189' title='bbox 222 1226 267 1253; x_wconf 90' lang='lat' dir='ltr'><strong>est</strong></span> <span class='ocrx_word' id='word_1_190' title='bbox 281 1223 391 1254; x_wconf 84' lang='lat' dir='ltr'><strong>habeas</strong></span> <span class='ocrx_word' id='word_1_191' title='bbox 406 1221 667 1263; x_wconf 66' lang='lat' dir='ltr'><strong>praeceptorem.Si</strong></span> <span class='ocrx_word' id='word_1_192' title='bbox 682 1221 762 1252; x_wconf 90' lang='lat' dir='ltr'><strong>enim</strong></span> <span class='ocrx_word' id='word_1_193' title='bbox 778 1220 913 1252; x_wconf 85' lang='lat' dir='ltr'><strong>Christus</strong></span> <span class='ocrx_word' id='word_1_194' title='bbox 923 1219 960 1250; x_wconf 92' lang='lat' dir='ltr'><strong>ob</strong></span> <span class='ocrx_word' id='word_1_195' title='bbox 976 1228 1044 1263; x_wconf 86' lang='lat' dir='ltr'><strong>cru-</strong></span> 
     </span>
    </p>
   </div>
   <div class='ocr_carea' id='block_1_30' title="bbox 222 1262 1044 1307">
    <p class='ocr_par' dir='ltr' id='par_1_30' title="bbox 222 1262 1044 1307">
     <span class='ocr_line' id='line_1_30' title="bbox 222 1262 1044 1307; baseline -0.005 -10"><span class='ocrx_word' id='word_1_196' title='bbox 222 1275 288 1298; x_wconf 86' lang='lat' dir='ltr'><strong>cem</strong></span> <span class='ocrx_word' id='word_1_197' title='bbox 315 1277 375 1299; x_wconf 89' lang='lat' dir='ltr'><strong>non</strong></span> <span class='ocrx_word' id='word_1_198' title='bbox 400 1262 529 1304; x_wconf 80' lang='lat' dir='ltr'><strong>erubuit,</strong></span> <span class='ocrx_word' id='word_1_199' title='bbox 556 1275 655 1307; x_wconf 87' lang='lat' dir='ltr'><strong>neque</strong></span> <span class='ocrx_word' id='word_1_200' title='bbox 683 1275 736 1305; x_wconf 93' lang='lat' dir='ltr'><strong>ego</strong></span> <span class='ocrx_word' id='word_1_201' title='bbox 757 1265 794 1296; x_wconf 93' lang='lat' dir='ltr'><strong>ob</strong></span> <span class='ocrx_word' id='word_1_202' title='bbox 808 1264 936 1295; x_wconf 91' lang='lat' dir='ltr'><strong>vincula.</strong></span> <span class='ocrx_word' id='word_1_203' title='bbox 956 1275 968 1292; x_wconf 75' lang='grc' dir='ltr'>α</span> <span class='ocrx_word' id='word_1_204' title='bbox 987 1262 1044 1294; x_wconf 88' lang='lat' dir='ltr'><strong>Sed</strong></span> 
     </span>
    </p>
   </div>
   <div class='ocr_carea' id='block_1_31' title="bbox 222 1309 1043 1352">
    <p class='ocr_par' dir='ltr' id='par_1_31' title="bbox 222 1309 1043 1352">
     <span class='ocr_line' id='line_1_31' title="bbox 222 1309 1043 1352; baseline -0.005 -11"><span class='ocrx_word' id='word_1_205' title='bbox 222 1311 369 1352; x_wconf 87' lang='lat' dir='ltr'><strong>particeps</strong></span> <span class='ocrx_word' id='word_1_206' title='bbox 385 1315 449 1343; x_wconf 84' lang='lat' dir='ltr'><strong>esto</strong></span> <span class='ocrx_word' id='word_1_207' title='bbox 465 1311 691 1342; x_wconf 78' lang='lat' dir='ltr'><strong>afﬂictionum.»</strong></span> <span class='ocrx_word' id='word_1_208' title='bbox 703 1309 763 1340; x_wconf 85' lang='lat' dir='ltr'><strong>Nec</strong></span> <span class='ocrx_word' id='word_1_209' title='bbox 773 1309 868 1340; x_wconf 91' lang='lat' dir='ltr'><strong>solum</strong></span> <span class='ocrx_word' id='word_1_210' title='bbox 878 1313 907 1339; x_wconf 89' lang='lat' dir='ltr'><strong>te</strong></span> <span class='ocrx_word' id='word_1_211' title='bbox 918 1317 977 1338; x_wconf 93' lang='lat' dir='ltr'><strong>non</strong></span> <span class='ocrx_word' id='word_1_212' title='bbox 988 1317 1043 1352; x_wconf 73' lang='lat' dir='ltr'><strong>pu-</strong></span> 
     </span>
    </p>
   </div>
   <div class='ocr_carea' id='block_1_32' title="bbox 223 1351 1045 1395">
    <p class='ocr_par' dir='ltr' id='par_1_32' title="bbox 223 1351 1045 1395">
     <span class='ocr_line' id='line_1_32' title="bbox 223 1351 1045 1395; baseline -0.006 -9"><span class='ocrx_word' id='word_1_213' title='bbox 223 1351 500 1394; x_wconf 85' lang='lat' dir='ltr'><strong>deat,verumetiam</strong></span> <span class='ocrx_word' id='word_1_214' title='bbox 522 1364 579 1385; x_wconf 89' lang='lat' dir='ltr'><strong>una</strong></span> <span class='ocrx_word' id='word_1_215' title='bbox 595 1364 712 1386; x_wconf 92' lang='lat' dir='ltr'><strong>mecum</strong></span> <span class='ocrx_word' id='word_1_216' title='bbox 727 1353 876 1395; x_wconf 84' lang='lat' dir='ltr'><strong>particeps</strong></span> <span class='ocrx_word' id='word_1_217' title='bbox 892 1356 955 1383; x_wconf 87' lang='lat' dir='ltr'><strong>esto</strong></span> <span class='ocrx_word' id='word_1_218' title='bbox 966 1351 1045 1382; x_wconf 68' lang='grc' dir='ltr'><strong>³1Ἠὶ-</strong></span> 
     </span>
    </p>
   </div>
   <div class='ocr_carea' id='block_1_33' title="bbox 223 1395 1047 1439">
    <p class='ocr_par' dir='ltr' id='par_1_33' title="bbox 223 1395 1047 1439">
     <span class='ocr_line' id='line_1_33' title="bbox 223 1395 1047 1439; baseline -0.006 -9"><span class='ocrx_word' id='word_1_219' title='bbox 223 1399 440 1431; x_wconf 80' lang='lat' dir='ltr'><strong>ctionumzhoc</strong></span> <span class='ocrx_word' id='word_1_220' title='bbox 462 1398 555 1435; x_wconf 86' lang='lat' dir='ltr'><strong>est,Si</strong></span> <span class='ocrx_word' id='word_1_221' title='bbox 569 1403 599 1430; x_wconf 88' lang='lat' dir='ltr'><strong>et</strong></span> <span class='ocrx_word' id='word_1_222' title='bbox 609 1403 638 1430; x_wconf 91' lang='lat' dir='ltr'><strong>te</strong></span> <span class='ocrx_word' id='word_1_223' title='bbox 650 1402 783 1439; x_wconf 85' lang='lat' dir='ltr'><strong>oporteat</strong></span> <span class='ocrx_word' id='word_1_224' title='bbox 797 1396 967 1437; x_wconf 89' lang='lat' dir='ltr'><strong>hujusmodi</strong></span> <span class='ocrx_word' id='word_1_225' title='bbox 987 1395 1047 1436; x_wconf 87' lang='lat' dir='ltr'><strong>pati</strong></span> 
     </span>
    </p>
   </div>
   <div class='ocr_carea' id='block_1_34' title="bbox 226 1440 1046 1484">
    <p class='ocr_par' dir='ltr' id='par_1_34' title="bbox 226 1440 1046 1484">
     <span class='ocr_line' id='line_1_34' title="bbox 226 1440 1046 1484; baseline -0.004 -11"><span class='ocrx_word' id='word_1_226' title='bbox 226 1447 347 1484; x_wconf 85' lang='lat' dir='ltr'><strong>propter</strong></span> <span class='ocrx_word' id='word_1_227' title='bbox 361 1443 563 1483; x_wconf 85' lang='lat' dir='ltr'><strong>Evangelium,</strong></span> <span class='ocrx_word' id='word_1_228' title='bbox 580 1452 619 1474; x_wconf 91' lang='lat' dir='ltr'><strong>ne</strong></span> <span class='ocrx_word' id='word_1_229' title='bbox 634 1441 788 1473; x_wconf 80' lang='lat' dir='ltr'><strong>formides.</strong></span> <span class='ocrx_word' id='word_1_230' title='bbox 803 1440 876 1472; x_wconf 91' lang='lat' dir='ltr'><strong>Nam</strong></span> <span class='ocrx_word' id='word_1_231' title='bbox 892 1441 949 1471; x_wconf 89' lang='lat' dir='ltr'><strong>hoc</strong></span> <span class='ocrx_word' id='word_1_232' title='bbox 960 1448 1046 1479; x_wconf 88' lang='lat' dir='ltr'><strong>supe-</strong></span> 
     </span>
    </p>
   </div>
   <div class='ocr_carea' id='block_1_35' title="bbox 1102 287 1258 319">
    <p class='ocr_par' dir='ltr' id='par_1_35' title="bbox 1102 287 1258 319">
     <span class='ocr_line' id='line_1_35' title="bbox 1102 287 1258 319; baseline 0.006 -5"><span class='ocrx_word' id='word_1_233' title='bbox 1102 287 1225 319; x_wconf 83' lang='grc' dir='ltr'>αἰωνίων,</span> <span class='ocrx_word' id='word_1_234' title='bbox 1244 299 1258 315; x_wconf 73' lang='lat' dir='ltr'><strong>n</strong></span> 
     </span>
    </p>
   </div>
   <div class='ocr_carea' id='block_1_36' title="bbox 1138 331 1914 373">
    <p class='ocr_par' dir='ltr' id='par_1_36' title="bbox 1138 331 1914 373">
     <span class='ocr_line' id='line_1_36' title="bbox 1138 331 1914 373; baseline 0.001 -13"><span class='ocrx_word' id='word_1_235' title='bbox 1138 333 1198 364; x_wconf 79' lang='grc' dir='ltr'><strong>Πῶς</strong></span> <span class='ocrx_word' id='word_1_236' title='bbox 1213 331 1240 360; x_wconf 79' lang='grc' dir='ltr'><strong>δὲ</strong></span> <span class='ocrx_word' id='word_1_237' title='bbox 1255 331 1454 372; x_wconf 82' lang='grc' dir='ltr'>ἀναζωπυρήσω</span> <span class='ocrx_word' id='word_1_238' title='bbox 1467 333 1498 361; x_wconf 81' lang='grc' dir='ltr'><strong>τὸ</strong></span> <span class='ocrx_word' id='word_1_239' title='bbox 1522 332 1642 373; x_wconf 77' lang='grc' dir='ltr'>χάρισμα</span> <span class='ocrx_word' id='word_1_240' title='bbox 1664 338 1711 362; x_wconf 87' lang='grc' dir='ltr'><strong>τοῦ</strong></span> <span class='ocrx_word' id='word_1_241' title='bbox 1741 336 1805 361; x_wconf 83' lang='grc' dir='ltr'>Θεοῦ</span> <span class='ocrx_word' id='word_1_242' title='bbox 1821 341 1828 371; x_wconf 84' lang='grc'>;</span> <span class='ocrx_word' id='word_1_243' title='bbox 1857 333 1914 362; x_wconf 81' lang='grc' dir='ltr'>Ἐὰν</span> 
     </span>
    </p>
   </div>
   <div class='ocr_carea' id='block_1_37' title="bbox 1094 377 1913 417">
    <p class='ocr_par' dir='ltr' id='par_1_37' title="bbox 1094 377 1913 417">
     <span class='ocr_line' id='line_1_37' title="bbox 1094 377 1913 417; baseline 0 -13"><span class='ocrx_word' id='word_1_244' title='bbox 1094 379 1159 415; x_wconf 82' lang='grc' dir='ltr'>στῇς</span> <span class='ocrx_word' id='word_1_245' title='bbox 1187 377 1252 416; x_wconf 73' lang='grc' dir='ltr'>πρὸς</span> <span class='ocrx_word' id='word_1_246' title='bbox 1273 378 1435 417; x_wconf 83' lang='grc' dir='ltr'>πειρασμοὺς</span> <span class='ocrx_word' id='word_1_247' title='bbox 1466 378 1604 417; x_wconf 84' lang='grc' dir='ltr'>γενναίως,</span> <span class='ocrx_word' id='word_1_248' title='bbox 1636 387 1650 407; x_wconf 75' lang='grc' dir='ltr'>ι</span> <span class='ocrx_word' id='word_1_249' title='bbox 1680 380 1717 407; x_wconf 81' lang='grc' dir='ltr'><strong>Οὐ</strong></span> <span class='ocrx_word' id='word_1_250' title='bbox 1744 378 1794 417; x_wconf 71' lang='grc' dir='ltr'><strong>γὰρ</strong></span> <span class='ocrx_word' id='word_1_251' title='bbox 1825 377 1913 405; x_wconf 75' lang='grc' dir='ltr'>ἔδωκεν</span> 
     </span>
    </p>
   </div>
   <div class='ocr_carea' id='block_1_38' title="bbox 1093 417 1911 462">
    <p class='ocr_par' dir='ltr' id='par_1_38' title="bbox 1093 417 1911 462">
     <span class='ocr_line' id='line_1_38' title="bbox 1093 417 1911 462; baseline 0 -12"><span class='ocrx_word' id='word_1_252' title='bbox 1093 422 1160 459; x_wconf 82' lang='grc' dir='ltr'>ἡμῖν</span> <span class='ocrx_word' id='word_1_253' title='bbox 1175 425 1278 460; x_wconf 81' lang='grc' dir='ltr'>πνεῦμα</span> <span class='ocrx_word' id='word_1_254' title='bbox 1306 421 1415 454; x_wconf 81' lang='grc' dir='ltr'>δειλίας,</span> <span class='ocrx_word' id='word_1_255' title='bbox 1444 434 1458 450; x_wconf 73' lang='grc' dir='ltr'><strong><em>ι</em></strong></span> <span class='ocrx_word' id='word_1_256' title='bbox 1486 417 1548 451; x_wconf 59' lang='lat' dir='ltr'><strong>“Em.</strong></span> <span class='ocrx_word' id='word_1_257' title='bbox 1574 423 1625 462; x_wconf 77' lang='grc' dir='ltr'>γὰρ</span> <span class='ocrx_word' id='word_1_258' title='bbox 1646 423 1690 450; x_wconf 85' lang='grc' dir='ltr'><strong>καὶ</strong></span> <span class='ocrx_word' id='word_1_259' title='bbox 1719 425 1833 460; x_wconf 84' lang='grc' dir='ltr'>πνεῦμα,</span> <span class='ocrx_word' id='word_1_260' title='bbox 1860 424 1911 450; x_wconf 81' lang='grc' dir='ltr'>οἷον</span> 
     </span>
    </p>
   </div>
   <div class='ocr_carea' id='block_1_39' title="bbox 1093 465 1911 507">
    <p class='ocr_par' dir='ltr' id='par_1_39' title="bbox 1093 465 1911 507">
     <span class='ocr_line' id='line_1_39' title="bbox 1093 465 1911 507; baseline 0 -13"><span class='ocrx_word' id='word_1_261' title='bbox 1093 467 1213 506; x_wconf 77' lang='grc' dir='ltr'>χάρισμα</span> <span class='ocrx_word' id='word_1_262' title='bbox 1240 465 1348 505; x_wconf 82' lang='grc' dir='ltr'>δειλίας,</span> <span class='ocrx_word' id='word_1_263' title='bbox 1375 468 1412 499; x_wconf 83' lang='grc' dir='ltr'>ὡς</span> <span class='ocrx_word' id='word_1_264' title='bbox 1442 467 1470 495; x_wconf 81' lang='grc' dir='ltr'>ἐν</span> <span class='ocrx_word' id='word_1_265' title='bbox 1490 474 1551 499; x_wconf 87' lang='grc' dir='ltr'>ταῖς</span> <span class='ocrx_word' id='word_1_266' title='bbox 1573 466 1723 498; x_wconf 82' lang='grc' dir='ltr'>Βασιλείαις</span> <span class='ocrx_word' id='word_1_267' title='bbox 1751 467 1816 507; x_wconf 76' lang='grc' dir='ltr'>φησί</span> <span class='ocrx_word' id='word_1_268' title='bbox 1831 475 1838 482; x_wconf 84' lang='grc'><strong><em>⁸</em></strong></span> <span class='ocrx_word' id='word_1_269' title='bbox 1868 468 1911 496; x_wconf 78' lang='grc' dir='ltr'>Καὶ</span> 
     </span>
    </p>
   </div>
   <div class='ocr_carea' id='block_1_40' title="bbox 1093 510 1908 551">
    <p class='ocr_par' dir='ltr' id='par_1_40' title="bbox 1093 510 1908 551">
     <span class='ocr_line' id='line_1_40' title="bbox 1093 510 1908 551; baseline 0 -13"><span class='ocrx_word' id='word_1_270' title='bbox 1093 510 1219 539; x_wconf 76' lang='grc' dir='ltr'><strong>ἐπέπεσεν</strong></span> <span class='ocrx_word' id='word_1_271' title='bbox 1254 511 1295 539; x_wconf 76' lang='grc' dir='ltr'><strong>ἐπ’</strong></span> <span class='ocrx_word' id='word_1_272' title='bbox 1324 512 1416 544; x_wconf 78' lang='grc' dir='ltr'>αὐτοὺς</span> <span class='ocrx_word' id='word_1_273' title='bbox 1442 515 1545 550; x_wconf 80' lang='grc' dir='ltr'>πνεῦμα</span> <span class='ocrx_word' id='word_1_274' title='bbox 1573 511 1681 548; x_wconf 77' lang='grc' dir='ltr'>δειλίας,</span> <span class='ocrx_word' id='word_1_275' title='bbox 1704 511 1763 539; x_wconf 81' lang='grc' dir='ltr'>ἕθνα</span> <span class='ocrx_word' id='word_1_276' title='bbox 1791 511 1908 551; x_wconf 68' lang='grc' dir='ltr'>συμφέρει</span> 
     </span>
    </p>
   </div>
   <div class='ocr_carea' id='block_1_41' title="bbox 1092 555 1909 596">
    <p class='ocr_par' dir='ltr' id='par_1_41' title="bbox 1092 555 1909 596">
     <span class='ocr_line' id='line_1_41' title="bbox 1092 555 1909 596; baseline 0 -13"><span class='ocrx_word' id='word_1_277' title='bbox 1092 555 1197 587; x_wconf 79' lang='grc' dir='ltr'>πάντως</span> <span class='ocrx_word' id='word_1_278' title='bbox 1218 556 1249 583; x_wconf 78' lang='grc' dir='ltr'>τὸ</span> <span class='ocrx_word' id='word_1_279' title='bbox 1278 555 1376 592; x_wconf 81' lang='grc' dir='ltr'>δειλιᾷν</span> <span class='ocrx_word' id='word_1_280' title='bbox 1394 565 1402 573; x_wconf 94' lang='grc'><strong>·</strong></span> <span class='ocrx_word' id='word_1_281' title='bbox 1423 555 1482 585; x_wconf 86' lang='grc' dir='ltr'>ἀλλ’</span> <span class='ocrx_word' id='word_1_282' title='bbox 1510 557 1590 594; x_wconf 83' lang='grc' dir='ltr'>ἡμῖν,</span> <span class='ocrx_word' id='word_1_283' title='bbox 1607 556 1682 596; x_wconf 74' lang='grc' dir='ltr'>φησὶ,</span> <span class='ocrx_word' id='word_1_284' title='bbox 1705 556 1828 596; x_wconf 79' lang='grc' dir='ltr'>χάρισμα</span> <span class='ocrx_word' id='word_1_285' title='bbox 1842 556 1909 583; x_wconf 78' lang='grc' dir='ltr'>δυνά-</span> 
     </span>
    </p>
   </div>
   <div class='ocr_carea' id='block_1_42' title="bbox 1092 599 1908 640">
    <p class='ocr_par' dir='ltr' id='par_1_42' title="bbox 1092 599 1908 640">
     <span class='ocr_line' id='line_1_42' title="bbox 1092 599 1908 640; baseline 0.002 -13"><span class='ocrx_word' id='word_1_286' title='bbox 1092 611 1163 637; x_wconf 83' lang='grc' dir='ltr'>μεως</span> <span class='ocrx_word' id='word_1_287' title='bbox 1184 599 1295 632; x_wconf 81' lang='grc' dir='ltr'>δέδοται.</span> <span class='ocrx_word' id='word_1_288' title='bbox 1316 612 1330 628; x_wconf 72' lang='grc' dir='ltr'><strong>α</strong></span> <span class='ocrx_word' id='word_1_289' title='bbox 1350 602 1502 639; x_wconf 82' lang='grc' dir='ltr'>Δυνάμεως.</span> <span class='ocrx_word' id='word_1_290' title='bbox 1527 612 1539 628; x_wconf 68' lang='grc' dir='ltr'>ι</span> <span class='ocrx_word' id='word_1_291' title='bbox 1564 603 1618 634; x_wconf 79' lang='grc' dir='ltr'><strong>Τῆς</strong></span> <span class='ocrx_word' id='word_1_292' title='bbox 1646 601 1712 640; x_wconf 79' lang='grc' dir='ltr'>πρὸς</span> <span class='ocrx_word' id='word_1_293' title='bbox 1742 601 1908 640; x_wconf 76' lang='grc' dir='ltr'>πειρασμούς.</span> 
     </span>
    </p>
   </div>
   <div class='ocr_carea' id='block_1_43' title="bbox 1092 644 1907 686">
    <p class='ocr_par' dir='ltr' id='par_1_43' title="bbox 1092 644 1907 686">
     <span class='ocr_line' id='line_1_43' title="bbox 1092 644 1907 686; baseline -0.001 -13"><span class='ocrx_word' id='word_1_294' title='bbox 1092 645 1225 684; x_wconf 79' lang='grc' dir='ltr'>Ἀγάπης.</span> <span class='ocrx_word' id='word_1_295' title='bbox 1256 656 1268 673; x_wconf 69' lang='grc' dir='ltr'><strong><em>ι</em></strong></span> <span class='ocrx_word' id='word_1_296' title='bbox 1299 648 1353 679; x_wconf 80' lang='grc' dir='ltr'><strong>Τῆς</strong></span> <span class='ocrx_word' id='word_1_297' title='bbox 1383 646 1447 685; x_wconf 81' lang='grc' dir='ltr'>πρὸς</span> <span class='ocrx_word' id='word_1_298' title='bbox 1475 645 1534 678; x_wconf 78' lang='grc' dir='ltr'>τοὺς</span> <span class='ocrx_word' id='word_1_299' title='bbox 1569 644 1706 686; x_wconf 79' lang='grc' dir='ltr'>ἀδελφούς.</span> <span class='ocrx_word' id='word_1_300' title='bbox 1740 657 1754 672; x_wconf 71' lang='grc' dir='ltr'>ι</span> <span class='ocrx_word' id='word_1_301' title='bbox 1783 649 1907 685; x_wconf 73' lang='grc' dir='ltr'>Σωφρονι-</span> 
     </span>
    </p>
   </div>
   <div class='ocr_carea' id='block_1_44' title="bbox 1092 688 1909 730">
    <p class='ocr_par' dir='ltr' id='par_1_44' title="bbox 1092 688 1909 730">
     <span class='ocr_line' id='line_1_44' title="bbox 1092 688 1909 730; baseline 0 -13"><span class='ocrx_word' id='word_1_302' title='bbox 1092 692 1170 727; x_wconf 87' lang='grc' dir='ltr'>σμοῦ.</span> <span class='ocrx_word' id='word_1_303' title='bbox 1195 701 1209 717; x_wconf 79' lang='grc' dir='ltr'><strong>ι</strong></span> <span class='ocrx_word' id='word_1_304' title='bbox 1240 690 1302 729; x_wconf 85' lang='grc' dir='ltr'>Περὶ</span> <span class='ocrx_word' id='word_1_305' title='bbox 1327 690 1382 728; x_wconf 89' lang='grc' dir='ltr'>βίον</span> <span class='ocrx_word' id='word_1_306' title='bbox 1412 689 1498 730; x_wconf 83' lang='grc' dir='ltr'>ὀρθόν,</span> <span class='ocrx_word' id='word_1_307' title='bbox 1515 689 1573 730; x_wconf 77' lang='grc' dir='ltr'><strong>Ἐφ’</strong></span> <span class='ocrx_word' id='word_1_308' title='bbox 1595 689 1677 718; x_wconf 81' lang='grc' dir='ltr'>ἂπασι</span> <span class='ocrx_word' id='word_1_309' title='bbox 1698 688 1725 717; x_wconf 80' lang='grc' dir='ltr'><strong>δὲ</strong></span> <span class='ocrx_word' id='word_1_310' title='bbox 1741 690 1856 726; x_wconf 77' lang='grc' dir='ltr'><strong>τούτοις,</strong></span> <span class='ocrx_word' id='word_1_311' title='bbox 1871 691 1909 717; x_wconf 74' lang='grc' dir='ltr'>καὶ</span> 
     </span>
    </p>
   </div>
   <div class='ocr_carea' id='block_1_45' title="bbox 1090 733 1908 774">
    <p class='ocr_par' dir='ltr' id='par_1_45' title="bbox 1090 733 1908 774">
     <span class='ocr_line' id='line_1_45' title="bbox 1090 733 1908 774; baseline 0.001 -14"><span class='ocrx_word' id='word_1_312' title='bbox 1090 735 1161 772; x_wconf 79' lang='grc' dir='ltr'>ἡμᾶς</span> <span class='ocrx_word' id='word_1_313' title='bbox 1177 734 1355 763; x_wconf 80' lang='grc' dir='ltr'>συνεισεκτέον</span> <span class='ocrx_word' id='word_1_314' title='bbox 1374 734 1424 768; x_wconf 80' lang='grc' dir='ltr'><strong>τὴν</strong></span> <span class='ocrx_word' id='word_1_315' title='bbox 1446 735 1601 774; x_wconf 79' lang='grc' dir='ltr'>προθυμίαν.</span> <span class='ocrx_word' id='word_1_316' title='bbox 1633 745 1647 762; x_wconf 77' lang='grc' dir='ltr'><strong>σ</strong></span> <span class='ocrx_word' id='word_1_317' title='bbox 1680 733 1724 767; x_wconf 79' lang='grc' dir='ltr'><strong>Μὴ</strong></span> <span class='ocrx_word' id='word_1_318' title='bbox 1759 734 1808 762; x_wconf 85' lang='grc' dir='ltr'>οὖν</span> <span class='ocrx_word' id='word_1_319' title='bbox 1836 733 1908 762; x_wconf 79' lang='grc' dir='ltr'>ἐπαι-</span> 
     </span>
    </p>
   </div>
   <div class='ocr_carea' id='block_1_46' title="bbox 1091 778 1908 818">
    <p class='ocr_par' dir='ltr' id='par_1_46' title="bbox 1091 778 1908 818">
     <span class='ocr_line' id='line_1_46' title="bbox 1091 778 1908 818; baseline -0.001 -12"><span class='ocrx_word' id='word_1_320' title='bbox 1091 780 1206 818; x_wconf 77' lang='grc' dir='ltr'>σχυνθῇς</span> <span class='ocrx_word' id='word_1_321' title='bbox 1229 779 1260 807; x_wconf 87' lang='grc' dir='ltr'>τὸ</span> <span class='ocrx_word' id='word_1_322' title='bbox 1295 779 1434 818; x_wconf 74' lang='grc' dir='ltr'>μαρτύριον</span> <span class='ocrx_word' id='word_1_323' title='bbox 1462 782 1508 807; x_wconf 83' lang='grc' dir='ltr'><strong>τοῦ</strong></span> <span class='ocrx_word' id='word_1_324' title='bbox 1538 779 1630 818; x_wconf 80' lang='grc' dir='ltr'><strong>Κυρίου</strong></span> <span class='ocrx_word' id='word_1_325' title='bbox 1659 779 1747 816; x_wconf 80' lang='grc' dir='ltr'>ἡμῶν.</span> <span class='ocrx_word' id='word_1_326' title='bbox 1780 790 1792 807; x_wconf 76' lang='grc' dir='ltr'>ι</span> <span class='ocrx_word' id='word_1_327' title='bbox 1819 778 1908 806; x_wconf 76' lang='grc' dir='ltr'>Πολλοὶ</span> 
     </span>
    </p>
   </div>
   <div class='ocr_carea' id='block_1_47' title="bbox 1091 822 1923 863">
    <p class='ocr_par' dir='ltr' id='par_1_47' title="bbox 1091 822 1923 863">
     <span class='ocr_line' id='line_1_47' title="bbox 1091 822 1923 863; baseline -0.001 -12"><span class='ocrx_word' id='word_1_328' title='bbox 1091 823 1231 862; x_wconf 84' lang='grc' dir='ltr'>τρισάθλιοι</span> <span class='ocrx_word' id='word_1_329' title='bbox 1258 822 1387 863; x_wconf 81' lang='grc' dir='ltr'>ἂνθρωποι</span> <span class='ocrx_word' id='word_1_330' title='bbox 1417 823 1558 862; x_wconf 75' lang='grc' dir='ltr'>λογισμοῖς</span> <span class='ocrx_word' id='word_1_331' title='bbox 1590 824 1760 863; x_wconf 79' lang='grc' dir='ltr'>ἀνθρωπίνοις</span> <span class='ocrx_word' id='word_1_332' title='bbox 1788 824 1820 851; x_wconf 78' lang='grc' dir='ltr'>τὸ</span> <span class='ocrx_word' id='word_1_333' title='bbox 1847 824 1923 851; x_wconf 49' lang='lat' dir='ltr'><strong>uti</strong></span> 
     </span>
    </p>
   </div>
   <div class='ocr_carea' id='block_1_48' title="bbox 1090 867 1907 908">
    <p class='ocr_par' dir='ltr' id='par_1_48' title="bbox 1090 867 1907 908">
     <span class='ocr_line' id='line_1_48' title="bbox 1090 867 1907 908; baseline -0.002 -12"><span class='ocrx_word' id='word_1_334' title='bbox 1090 868 1140 901; x_wconf 67' lang='grc' dir='ltr'>τὴν</span> <span class='ocrx_word' id='word_1_335' title='bbox 1179 868 1328 905; x_wconf 75' lang='grc' dir='ltr'>οἰκονομίαν</span> <span class='ocrx_word' id='word_1_336' title='bbox 1373 867 1534 904; x_wconf 72' lang='grc' dir='ltr'><strong>ἐξετάζοντες</strong></span> <span class='ocrx_word' id='word_1_337' title='bbox 1584 869 1741 908; x_wconf 81' lang='grc' dir='ltr'>μσστήριον,</span> <span class='ocrx_word' id='word_1_338' title='bbox 1784 869 1907 908; x_wconf 74' lang='grc' dir='ltr'>αἰσχύνην</span> 
     </span>
    </p>
   </div>
   <div class='ocr_carea' id='block_1_49' title="bbox 1091 911 1906 952">
    <p class='ocr_par' dir='ltr' id='par_1_49' title="bbox 1091 911 1906 952">
     <span class='ocr_line' id='line_1_49' title="bbox 1091 911 1906 952; baseline -0.001 -12"><span class='ocrx_word' id='word_1_339' title='bbox 1091 912 1161 940; x_wconf 82' lang='grc' dir='ltr'>εἶναι</span> <span class='ocrx_word' id='word_1_340' title='bbox 1192 911 1324 952; x_wconf 83' lang='grc' dir='ltr'>λέγουσιν,</span> <span class='ocrx_word' id='word_1_341' title='bbox 1354 913 1376 940; x_wconf 79' lang='lat' dir='ltr'><strong>el.</strong></span> <span class='ocrx_word' id='word_1_342' title='bbox 1397 913 1442 941; x_wconf 80' lang='grc' dir='ltr'><strong>τὸν</strong></span> <span class='ocrx_word' id='word_1_343' title='bbox 1471 914 1531 940; x_wconf 79' lang='grc' dir='ltr'><strong>Υἶὸν</strong></span> <span class='ocrx_word' id='word_1_344' title='bbox 1559 916 1605 940; x_wconf 87' lang='grc' dir='ltr'><strong>τοῦ</strong></span> <span class='ocrx_word' id='word_1_345' title='bbox 1641 915 1706 941; x_wconf 88' lang='grc' dir='ltr'>Θεοῦ</span> <span class='ocrx_word' id='word_1_346' title='bbox 1734 912 1906 952; x_wconf 72' lang='grc' dir='ltr'>σταυρωθέντα</span> 
     </span>
    </p>
   </div>
   <div class='ocr_carea' id='block_1_50' title="bbox 1088 955 1906 997">
    <p class='ocr_par' dir='ltr' id='par_1_50' title="bbox 1088 955 1906 997">
     <span class='ocr_line' id='line_1_50' title="bbox 1088 955 1906 997; baseline 0 -13"><span class='ocrx_word' id='word_1_347' title='bbox 1088 956 1238 996; x_wconf 80' lang='grc' dir='ltr'>κηρύξαιεν,</span> <span class='ocrx_word' id='word_1_348' title='bbox 1267 956 1422 996; x_wconf 70' lang='grc' dir='ltr'><strong>ἀγνοοῦντες</strong></span> <span class='ocrx_word' id='word_1_349' title='bbox 1456 957 1481 984; x_wconf 82' lang='grc' dir='ltr'><strong>τί</strong></span> <span class='ocrx_word' id='word_1_350' title='bbox 1508 959 1675 997; x_wconf 75' lang='grc' dir='ltr'><strong>κατωρθοῦτο</strong></span> <span class='ocrx_word' id='word_1_351' title='bbox 1699 955 1741 985; x_wconf 76' lang='grc' dir='ltr'>διὰ</span> <span class='ocrx_word' id='word_1_352' title='bbox 1762 960 1810 985; x_wconf 87' lang='grc' dir='ltr'><strong>τοῦ</strong></span> <span class='ocrx_word' id='word_1_353' title='bbox 1836 967 1906 985; x_wconf 84' lang='grc' dir='ltr'>σταυ-</span> 
     </span>
    </p>
   </div>
   <div class='ocr_carea' id='block_1_51' title="bbox 1089 1001 1906 1041">
    <p class='ocr_par' dir='ltr' id='par_1_51' title="bbox 1089 1001 1906 1041">
     <span class='ocr_line' id='line_1_51' title="bbox 1089 1001 1906 1041; baseline -0.002 -11"><span class='ocrx_word' id='word_1_354' title='bbox 1089 1006 1134 1040; x_wconf 82' lang='grc' dir='ltr'><strong>ροῦ</strong></span> <span class='ocrx_word' id='word_1_355' title='bbox 1148 1002 1191 1030; x_wconf 84' lang='grc' dir='ltr'>καὶ</span> <span class='ocrx_word' id='word_1_356' title='bbox 1210 1004 1257 1030; x_wconf 87' lang='grc' dir='ltr'><strong>τοῦ</strong></span> <span class='ocrx_word' id='word_1_357' title='bbox 1284 1001 1395 1030; x_wconf 79' lang='grc' dir='ltr'>θανάτου</span> <span class='ocrx_word' id='word_1_358' title='bbox 1423 1002 1471 1030; x_wconf 82' lang='grc' dir='ltr'><strong>τοῦ</strong></span> <span class='ocrx_word' id='word_1_359' title='bbox 1497 1001 1602 1041; x_wconf 79' lang='grc' dir='ltr'>Κυρίου.</span> <span class='ocrx_word' id='word_1_360' title='bbox 1638 1003 1674 1029; x_wconf 88' lang='grc' dir='ltr'><strong>Σὺ</strong></span> <span class='ocrx_word' id='word_1_361' title='bbox 1696 1001 1753 1038; x_wconf 85' lang='grc' dir='ltr'>οὖν,</span> <span class='ocrx_word' id='word_1_362' title='bbox 1774 1001 1851 1041; x_wconf 79' lang='grc' dir='ltr'>φησὶ,</span> <span class='ocrx_word' id='word_1_363' title='bbox 1873 1002 1906 1039; x_wconf 71' lang='grc' dir='ltr'><strong>μὴ</strong></span> 
     </span>
    </p>
   </div>
   <div class='ocr_carea' id='block_1_52' title="bbox 1089 1045 1905 1086">
    <p class='ocr_par' dir='ltr' id='par_1_52' title="bbox 1089 1045 1905 1086">
     <span class='ocr_line' id='line_1_52' title="bbox 1089 1045 1905 1086; baseline -0.001 -12"><span class='ocrx_word' id='word_1_364' title='bbox 1089 1045 1267 1086; x_wconf 74' lang='grc' dir='ltr'><strong>ἐπαισχυνθῇς</strong></span> <span class='ocrx_word' id='word_1_365' title='bbox 1305 1046 1335 1074; x_wconf 77' lang='grc' dir='ltr'>τὸ</span> <span class='ocrx_word' id='word_1_366' title='bbox 1368 1046 1520 1086; x_wconf 81' lang='grc' dir='ltr'>μαρτύριον,</span> <span class='ocrx_word' id='word_1_367' title='bbox 1549 1046 1678 1083; x_wconf 80' lang='grc' dir='ltr'>τουτέστι,</span> <span class='ocrx_word' id='word_1_368' title='bbox 1709 1048 1754 1074; x_wconf 82' lang='grc' dir='ltr'>τὸν</span> <span class='ocrx_word' id='word_1_369' title='bbox 1790 1047 1905 1085; x_wconf 79' lang='grc' dir='ltr'>σταυρὸν,</span> 
     </span>
    </p>
   </div>
   <div class='ocr_carea' id='block_1_53' title="bbox 1084 1089 1906 1131">
    <p class='ocr_par' dir='ltr' id='par_1_53' title="bbox 1084 1089 1906 1131">
     <span class='ocr_line' id='line_1_53' title="bbox 1084 1089 1906 1131; baseline -0.001 -13"><span class='ocrx_word' id='word_1_370' title='bbox 1084 1094 1131 1118; x_wconf 84' lang='grc' dir='ltr'><strong>τοῦ</strong></span> <span class='ocrx_word' id='word_1_371' title='bbox 1158 1093 1284 1130; x_wconf 84' lang='grc' dir='ltr'>Χριστοῦ,</span> <span class='ocrx_word' id='word_1_372' title='bbox 1320 1090 1389 1119; x_wconf 77' lang='grc' dir='ltr'>ἀλλὰ</span> <span class='ocrx_word' id='word_1_373' title='bbox 1417 1091 1533 1131; x_wconf 75' lang='grc' dir='ltr'>κήρυσσε</span> <span class='ocrx_word' id='word_1_374' title='bbox 1554 1091 1696 1130; x_wconf 76' lang='grc' dir='ltr'>παρῥησίᾳ,</span> <span class='ocrx_word' id='word_1_375' title='bbox 1724 1102 1735 1118; x_wconf 70' lang='grc' dir='ltr'><strong>ε</strong></span> <span class='ocrx_word' id='word_1_376' title='bbox 1768 1089 1843 1124; x_wconf 79' lang='grc' dir='ltr'>Μηδὲ</span> <span class='ocrx_word' id='word_1_377' title='bbox 1863 1089 1906 1128; x_wconf 71' lang='grc' dir='ltr'><strong>ἐμὲ</strong></span> 
     </span>
    </p>
   </div>
   <div class='ocr_carea' id='block_1_54' title="bbox 1084 1126 1923 1176">
    <p class='ocr_par' dir='ltr' id='par_1_54' title="bbox 1084 1126 1923 1176">
     <span class='ocr_line' id='line_1_54' title="bbox 1084 1126 1923 1176; baseline -0.001 -13"><span class='ocrx_word' id='word_1_378' title='bbox 1084 1136 1128 1163; x_wconf 73' lang='grc' dir='ltr'>τὸν</span> <span class='ocrx_word' id='word_1_379' title='bbox 1144 1134 1262 1173; x_wconf 81' lang='grc' dir='ltr'>δέσμιον,</span> <span class='ocrx_word' id='word_1_380' title='bbox 1280 1147 1292 1165; x_wconf 78' lang='grc' dir='ltr'>ι</span> <span class='ocrx_word' id='word_1_381' title='bbox 1324 1134 1410 1172; x_wconf 77' lang='grc' dir='ltr'>Μηδὲ,</span> <span class='ocrx_word' id='word_1_382' title='bbox 1439 1126 1479 1163; x_wconf 74' lang='grc' dir='ltr'><strong>ὅτι</strong></span> <span class='ocrx_word' id='word_1_383' title='bbox 1508 1135 1582 1176; x_wconf 78' lang='grc' dir='ltr'>ἔχεις</span> <span class='ocrx_word' id='word_1_384' title='bbox 1607 1126 1716 1173; x_wconf 53' lang='grc' dir='ltr'>θέσμιον</span> <span class='ocrx_word' id='word_1_385' title='bbox 1742 1126 1923 1173; x_wconf 61' lang='grc' dir='ltr'><strong>ειδάει-κοιλον,⁴</strong></span> 
     </span>
    </p>
   </div>
   <div class='ocr_carea' id='block_1_55' title="bbox 1084 1179 1904 1221">
    <p class='ocr_par' dir='ltr' id='par_1_55' title="bbox 1084 1179 1904 1221">
     <span class='ocr_line' id='line_1_55' title="bbox 1084 1179 1904 1221; baseline -0.002 -14"><span class='ocrx_word' id='word_1_386' title='bbox 1084 1179 1274 1220; x_wconf 72' lang='grc' dir='ltr'>ἐπαισχυνθῇς.</span> <span class='ocrx_word' id='word_1_387' title='bbox 1305 1181 1334 1209; x_wconf 82' lang='lat' dir='ltr'><strong>El.</strong></span> <span class='ocrx_word' id='word_1_388' title='bbox 1361 1180 1411 1221; x_wconf 79' lang='grc' dir='ltr'><strong>γὰρ</strong></span> <span class='ocrx_word' id='word_1_389' title='bbox 1438 1181 1462 1208; x_wconf 59' lang='grc' dir='ltr'>ἃ</span> <span class='ocrx_word' id='word_1_390' title='bbox 1481 1181 1592 1220; x_wconf 80' lang='grc' dir='ltr'>Χριστὸς</span> <span class='ocrx_word' id='word_1_391' title='bbox 1622 1180 1669 1209; x_wconf 75' lang='grc' dir='ltr'><strong>οὒκ</strong></span> <span class='ocrx_word' id='word_1_392' title='bbox 1691 1180 1848 1219; x_wconf 74' lang='grc' dir='ltr'>ὲπῃσχύνθη</span> <span class='ocrx_word' id='word_1_393' title='bbox 1863 1180 1904 1206; x_wconf 71' lang='grc' dir='ltr'><strong>τὸν</strong></span> 
     </span>
    </p>
   </div>
   <div class='ocr_carea' id='block_1_56' title="bbox 1086 1222 1899 1263">
    <p class='ocr_par' dir='ltr' id='par_1_56' title="bbox 1086 1222 1899 1263">
     <span class='ocr_line' id='line_1_56' title="bbox 1086 1222 1899 1263; baseline 0 -12"><span class='ocrx_word' id='word_1_394' title='bbox 1086 1224 1206 1263; x_wconf 79' lang='grc' dir='ltr'>σταυρὸν,</span> <span class='ocrx_word' id='word_1_395' title='bbox 1230 1222 1287 1251; x_wconf 70' lang='grc' dir='ltr'>οὐδὲ</span> <span class='ocrx_word' id='word_1_396' title='bbox 1313 1224 1367 1263; x_wconf 76' lang='grc' dir='ltr'>ἐγὼ</span> <span class='ocrx_word' id='word_1_397' title='bbox 1395 1224 1428 1252; x_wconf 85' lang='grc' dir='ltr'><strong>τὰ</strong></span> <span class='ocrx_word' id='word_1_398' title='bbox 1448 1223 1543 1262; x_wconf 79' lang='grc' dir='ltr'>δεσμά.</span> <span class='ocrx_word' id='word_1_399' title='bbox 1575 1235 1588 1252; x_wconf 76' lang='grc' dir='ltr'><strong>σ</strong></span> <span class='ocrx_word' id='word_1_400' title='bbox 1618 1223 1702 1253; x_wconf 76' lang='grc' dir='ltr'>Ἀλλὰ</span> <span class='ocrx_word' id='word_1_401' title='bbox 1731 1224 1899 1262; x_wconf 81' lang='grc' dir='ltr'>συγκακοπά-</span> 
     </span>
    </p>
   </div>
   <div class='ocr_carea' id='block_1_57' title="bbox 1085 1267 1904 1309">
    <p class='ocr_par' dir='ltr' id='par_1_57' title="bbox 1085 1267 1904 1309">
     <span class='ocr_line' id='line_1_57' title="bbox 1085 1267 1904 1309; baseline -0.001 -13"><span class='ocrx_word' id='word_1_402' title='bbox 1085 1269 1176 1301; x_wconf 89' lang='grc' dir='ltr'>θησον.</span> <span class='ocrx_word' id='word_1_403' title='bbox 1197 1279 1211 1296; x_wconf 68' lang='lat' dir='ltr'><strong>Ii</strong></span> <span class='ocrx_word' id='word_1_404' title='bbox 1236 1269 1285 1298; x_wconf 84' lang='grc' dir='ltr'>Καὶ</span> <span class='ocrx_word' id='word_1_405' title='bbox 1312 1269 1352 1306; x_wconf 83' lang='grc' dir='ltr'>μὴ</span> <span class='ocrx_word' id='word_1_406' title='bbox 1379 1268 1545 1309; x_wconf 75' lang='grc' dir='ltr'>ἐπαισχυθῇς</span> <span class='ocrx_word' id='word_1_407' title='bbox 1567 1269 1659 1307; x_wconf 79' lang='grc' dir='ltr'>μόνον,</span> <span class='ocrx_word' id='word_1_408' title='bbox 1685 1267 1754 1298; x_wconf 72' lang='grc' dir='ltr'>αλλὰ</span> <span class='ocrx_word' id='word_1_409' title='bbox 1775 1269 1820 1296; x_wconf 84' lang='grc' dir='ltr'>καὶ</span> <span class='ocrx_word' id='word_1_410' title='bbox 1849 1279 1904 1306; x_wconf 81' lang='grc' dir='ltr'>συγ-</span> 
     </span>
    </p>
   </div>
   <div class='ocr_carea' id='block_1_58' title="bbox 1086 1311 1902 1351">
    <p class='ocr_par' dir='ltr' id='par_1_58' title="bbox 1086 1311 1902 1351">
     <span class='ocr_line' id='line_1_58' title="bbox 1086 1311 1902 1351; baseline -0.002 -10"><span class='ocrx_word' id='word_1_411' title='bbox 1086 1312 1273 1346; x_wconf 79' lang='grc' dir='ltr'>κακοπάθησον</span> <span class='ocrx_word' id='word_1_412' title='bbox 1302 1312 1361 1351; x_wconf 82' lang='grc' dir='ltr'>μετ’</span> <span class='ocrx_word' id='word_1_413' title='bbox 1390 1312 1454 1351; x_wconf 79' lang='grc' dir='ltr'>ἐμοῦ</span> <span class='ocrx_word' id='word_1_414' title='bbox 1471 1321 1478 1329; x_wconf 92' lang='grc'><strong>·</strong></span> <span class='ocrx_word' id='word_1_415' title='bbox 1508 1313 1652 1350; x_wconf 74' lang='grc' dir='ltr'><strong>τουτέστιν,</strong></span> <span class='ocrx_word' id='word_1_416' title='bbox 1683 1314 1713 1341; x_wconf 85' lang='grc' dir='ltr'><strong>Εἰ</strong></span> <span class='ocrx_word' id='word_1_417' title='bbox 1734 1311 1787 1340; x_wconf 83' lang='grc' dir='ltr'>δέοι</span> <span class='ocrx_word' id='word_1_418' title='bbox 1813 1313 1856 1340; x_wconf 81' lang='grc' dir='ltr'><strong>καὶ</strong></span> <span class='ocrx_word' id='word_1_419' title='bbox 1878 1312 1902 1339; x_wconf 77' lang='grc' dir='ltr'>σὲ</span> 
     </span>
    </p>
   </div>
   <div class='ocr_carea' id='block_1_59' title="bbox 1086 1355 1901 1398">
    <p class='ocr_par' dir='ltr' id='par_1_59' title="bbox 1086 1355 1901 1398">
     <span class='ocr_line' id='line_1_59' title="bbox 1086 1355 1901 1398; baseline 0.002 -14"><span class='ocrx_word' id='word_1_420' title='bbox 1086 1360 1194 1385; x_wconf 85' lang='grc' dir='ltr'>τοιαῦτα</span> <span class='ocrx_word' id='word_1_421' title='bbox 1223 1358 1317 1385; x_wconf 78' lang='grc' dir='ltr'>παθεῖν</span> <span class='ocrx_word' id='word_1_422' title='bbox 1344 1356 1386 1385; x_wconf 81' lang='grc' dir='ltr'><strong>διὰ</strong></span> <span class='ocrx_word' id='word_1_423' title='bbox 1413 1358 1444 1385; x_wconf 84' lang='grc' dir='ltr'>τὸ</span> <span class='ocrx_word' id='word_1_424' title='bbox 1479 1357 1653 1398; x_wconf 77' lang='grc' dir='ltr'>Εὐαγγέλιον,</span> <span class='ocrx_word' id='word_1_425' title='bbox 1685 1357 1724 1395; x_wconf 73' lang='grc' dir='ltr'><strong>μὴ</strong></span> <span class='ocrx_word' id='word_1_426' title='bbox 1759 1355 1901 1394; x_wconf 71' lang='grc' dir='ltr'>δειλιασῃς.</span> 
     </span>
    </p>
   </div>
   <div class='ocr_carea' id='block_1_60' title="bbox 1087 1401 1923 1442">
    <p class='ocr_par' dir='ltr' id='par_1_60' title="bbox 1087 1401 1923 1442">
     <span class='ocr_line' id='line_1_60' title="bbox 1087 1401 1923 1442; baseline -0.001 -12"><span class='ocrx_word' id='word_1_427' title='bbox 1087 1405 1168 1430; x_wconf 81' lang='grc' dir='ltr'>Τοῦτο</span> <span class='ocrx_word' id='word_1_428' title='bbox 1201 1402 1250 1442; x_wconf 73' lang='grc' dir='ltr'><strong>γὰρ</strong></span> <span class='ocrx_word' id='word_1_429' title='bbox 1284 1401 1388 1440; x_wconf 72' lang='grc' dir='ltr'>ᾐνίξατο</span> <span class='ocrx_word' id='word_1_430' title='bbox 1423 1403 1467 1430; x_wconf 86' lang='grc' dir='ltr'><strong>καὶ</strong></span> <span class='ocrx_word' id='word_1_431' title='bbox 1501 1402 1556 1430; x_wconf 72' lang='grc' dir='ltr'><strong>ἄνω</strong></span> <span class='ocrx_word' id='word_1_432' title='bbox 1584 1403 1644 1430; x_wconf 71' lang='grc' dir='ltr'>ἔνθα</span> <span class='ocrx_word' id='word_1_433' title='bbox 1674 1402 1766 1442; x_wconf 75' lang='grc' dir='ltr'>φησὶν,</span> <span class='ocrx_word' id='word_1_434' title='bbox 1796 1402 1832 1430; x_wconf 75' lang='grc' dir='ltr'>Οὒ</span> <span class='ocrx_word' id='word_1_435' title='bbox 1860 1402 1923 1441; x_wconf 72' lang='grc' dir='ltr'>γὰρ,</span> 
     </span>
    </p>
   </div>
   <div class='ocr_carea' id='block_1_61' title="bbox 1088 1444 1900 1485">
    <p class='ocr_par' dir='ltr' id='par_1_61' title="bbox 1088 1444 1900 1485">
     <span class='ocr_line' id='line_1_61' title="bbox 1088 1444 1900 1485; baseline 0 -12"><span class='ocrx_word' id='word_1_436' title='bbox 1088 1444 1214 1485; x_wconf 79' lang='grc' dir='ltr'>ἐλάϐομεν</span> <span class='ocrx_word' id='word_1_437' title='bbox 1243 1447 1346 1484; x_wconf 83' lang='grc' dir='ltr'>πνεύμα</span> <span class='ocrx_word' id='word_1_438' title='bbox 1372 1445 1481 1484; x_wconf 76' lang='grc' dir='ltr'>δειλίας,</span> <span class='ocrx_word' id='word_1_439' title='bbox 1509 1446 1578 1475; x_wconf 75' lang='grc' dir='ltr'>ἀλλὰ</span> <span class='ocrx_word' id='word_1_440' title='bbox 1605 1446 1752 1485; x_wconf 81' lang='grc' dir='ltr'>δυνάμεως.</span> <span class='ocrx_word' id='word_1_441' title='bbox 1794 1456 1807 1473; x_wconf 77' lang='grc' dir='ltr'><strong>(ἰ</strong></span> <span class='ocrx_word' id='word_1_442' title='bbox 1837 1446 1900 1474; x_wconf 67' lang='grc' dir='ltr'>Κατὰ</span> 
     </span>
    </p>
   </div>
   <div class='ocr_carea' id='block_1_62' title="bbox 225 1484 1042 1531">
    <p class='ocr_par' dir='ltr' id='par_1_62' title="bbox 225 1484 1042 1531">
     <span class='ocr_line' id='line_1_62' title="bbox 225 1484 1042 1531; baseline -0.004 -14"><span class='ocrx_word' id='word_1_443' title='bbox 225 1487 288 1518; x_wconf 90' lang='lat' dir='ltr'><strong>rius</strong></span> <span class='ocrx_word' id='word_1_444' title='bbox 300 1497 418 1528; x_wconf 87' lang='lat' dir='ltr'><strong>quoque</strong></span> <span class='ocrx_word' id='word_1_445' title='bbox 428 1487 591 1526; x_wconf 90' lang='lat' dir='ltr'><strong>innuit,ubi</strong></span> <span class='ocrx_word' id='word_1_446' title='bbox 604 1488 644 1518; x_wconf 88' lang='lat' dir='ltr'><strong>ait</strong></span> <span class='ocrx_word' id='word_1_447' title='bbox 652 1486 726 1531; x_wconf 87' lang='lat' dir='ltr'><strong>:Non</strong></span> <span class='ocrx_word' id='word_1_448' title='bbox 737 1486 900 1531; x_wconf 74' lang='lat' dir='ltr'><strong>accipimus</strong></span> <span class='ocrx_word' id='word_1_449' title='bbox 910 1484 1042 1531; x_wconf 80' lang='lat' dir='ltr'><strong>spiritum</strong></span> 
     </span>
    </p>
   </div>
   <div class='ocr_carea' id='block_1_63' title="bbox 1138 1484 1900 1531">
    <p class='ocr_par' dir='ltr' id='par_1_63' title="bbox 1138 1484 1900 1531">
     <span class='ocr_line' id='line_1_63' title="bbox 1138 1484 1900 1531; baseline 0 -13"><span class='ocrx_word' id='word_1_450' title='bbox 1138 1502 1194 1529; x_wconf 83' lang='grc' dir='ltr'>ιμιν</span> <span class='ocrx_word' id='word_1_451' title='bbox 1230 1495 1306 1522; x_wconf 86' lang='grc' dir='ltr'>Θεοῦ.</span> <span class='ocrx_word' id='word_1_452' title='bbox 1337 1491 1406 1520; x_wconf 77' lang='grc' dir='ltr'>Εἶτα</span> <span class='ocrx_word' id='word_1_453' title='bbox 1434 1492 1478 1519; x_wconf 86' lang='grc' dir='ltr'><strong>καὶ</strong></span> <span class='ocrx_word' id='word_1_454' title='bbox 1507 1491 1647 1531; x_wconf 83' lang='grc' dir='ltr'>προτρέπει</span> <span class='ocrx_word' id='word_1_455' title='bbox 1670 1484 1760 1522; x_wconf 72' lang='grc' dir='ltr'>αὐτόν.</span> <span class='ocrx_word' id='word_1_456' title='bbox 1792 1490 1838 1524; x_wconf 79' lang='grc' dir='ltr'><strong>Μὴ</strong></span> <span class='ocrx_word' id='word_1_457' title='bbox 1858 1491 1900 1530; x_wconf 75' lang='grc' dir='ltr'><strong>γὰρ</strong></span> 
     </span>
    </p>
   </div>
   <div class='ocr_carea' id='block_1_64' title="bbox 223 1528 1043 1572">
    <p class='ocr_par' dir='ltr' id='par_1_64' title="bbox 223 1528 1043 1572">
     <span class='ocr_line' id='line_1_64' title="bbox 223 1528 1043 1572; baseline -0.005 -10"><span class='ocrx_word' id='word_1_458' title='bbox 223 1531 459 1568; x_wconf 88' lang='lat' dir='ltr'><strong>timiditatis,sed</strong></span> <span class='ocrx_word' id='word_1_459' title='bbox 476 1532 637 1572; x_wconf 85' lang='lat' dir='ltr'><strong>potestatis.</strong></span> <span class='ocrx_word' id='word_1_460' title='bbox 658 1541 670 1560; x_wconf 81' lang='grc' dir='ltr'><strong><em>α</em></strong></span> <span class='ocrx_word' id='word_1_461' title='bbox 682 1530 769 1562; x_wconf 86' lang='lat' dir='ltr'><strong>Juxta</strong></span> <span class='ocrx_word' id='word_1_462' title='bbox 782 1530 837 1562; x_wconf 89' lang='lat' dir='ltr'><strong>Dei</strong></span> <span class='ocrx_word' id='word_1_463' title='bbox 850 1528 1043 1570; x_wconf 70' lang='lat' dir='ltr'><strong>potentiam.»</strong></span> 
     </span>
    </p>
   </div>
   <div class='ocr_carea' id='block_1_65' title="bbox 225 1572 1043 1614">
    <p class='ocr_par' dir='ltr' id='par_1_65' title="bbox 225 1572 1043 1614">
     <span class='ocr_line' id='line_1_65' title="bbox 225 1572 1043 1614; baseline -0.004 -8"><span class='ocrx_word' id='word_1_464' title='bbox 225 1576 344 1607; x_wconf 88' lang='lat' dir='ltr'><strong>Deinde</strong></span> <span class='ocrx_word' id='word_1_465' title='bbox 359 1577 449 1608; x_wconf 89' lang='lat' dir='ltr'><strong>etiam</strong></span> <span class='ocrx_word' id='word_1_466' title='bbox 465 1576 636 1607; x_wconf 84' lang='lat' dir='ltr'><strong>exhortatur</strong></span> <span class='ocrx_word' id='word_1_467' title='bbox 653 1575 813 1606; x_wconf 83' lang='lat' dir='ltr'><strong>illum.Non</strong></span> <span class='ocrx_word' id='word_1_468' title='bbox 822 1574 901 1605; x_wconf 89' lang='lat' dir='ltr'><strong>enim</strong></span> <span class='ocrx_word' id='word_1_469' title='bbox 914 1572 1043 1614; x_wconf 88' lang='lat' dir='ltr'><strong>propria,</strong></span> 
     </span>
    </p>
   </div>
   <div class='ocr_carea' id='block_1_66' title="bbox 222 1617 1043 1661">
    <p class='ocr_par' dir='ltr' id='par_1_66' title="bbox 222 1617 1043 1661">
     <span class='ocr_line' id='line_1_66' title="bbox 222 1617 1043 1661; baseline -0.002 -11"><span class='ocrx_word' id='word_1_470' title='bbox 222 1619 330 1661; x_wconf 85' lang='lat' dir='ltr'><strong>inquit,</strong></span> <span class='ocrx_word' id='word_1_471' title='bbox 358 1622 488 1661; x_wconf 85' lang='lat' dir='ltr'><strong>polentia</strong></span> <span class='ocrx_word' id='word_1_472' title='bbox 513 1621 593 1652; x_wconf 83' lang='lat' dir='ltr'><strong>vales</strong></span> <span class='ocrx_word' id='word_1_473' title='bbox 618 1620 765 1651; x_wconf 87' lang='lat' dir='ltr'><strong>sustinere</strong></span> <span class='ocrx_word' id='word_1_474' title='bbox 787 1618 975 1655; x_wconf 83' lang='lat' dir='ltr'><strong>afﬂictiones,</strong></span> <span class='ocrx_word' id='word_1_475' title='bbox 991 1617 1043 1648; x_wconf 87' lang='lat' dir='ltr'><strong>sed</strong></span> 
     </span>
    </p>
   </div>
   <div class='ocr_carea' id='block_1_67' title="bbox 224 1662 1044 1704">
    <p class='ocr_par' dir='ltr' id='par_1_67' title="bbox 224 1662 1044 1704">
     <span class='ocr_line' id='line_1_67' title="bbox 224 1662 1044 1704; baseline -0.002 -10"><span class='ocrx_word' id='word_1_476' title='bbox 224 1663 303 1695; x_wconf 89' lang='lat' dir='ltr'><strong>Deus</strong></span> <span class='ocrx_word' id='word_1_477' title='bbox 328 1665 498 1704; x_wconf 88' lang='lat' dir='ltr'><strong>hujusmodi</strong></span> <span class='ocrx_word' id='word_1_478' title='bbox 526 1665 609 1696; x_wconf 92' lang='lat' dir='ltr'><strong>dedit</strong></span> <span class='ocrx_word' id='word_1_479' title='bbox 637 1664 777 1704; x_wconf 88' lang='lat' dir='ltr'><strong>dabitque</strong></span> <span class='ocrx_word' id='word_1_480' title='bbox 806 1662 984 1704; x_wconf 86' lang='lat' dir='ltr'><strong>potentiam,</strong></span> <span class='ocrx_word' id='word_1_481' title='bbox 1014 1666 1044 1692; x_wconf 91' lang='lat' dir='ltr'><strong>tu</strong></span> 
     </span>
    </p>
   </div>
   <div class='ocr_carea' id='block_1_68' title="bbox 224 1706 1044 1749">
    <p class='ocr_par' dir='ltr' id='par_1_68' title="bbox 224 1706 1044 1749">
     <span class='ocr_line' id='line_1_68' title="bbox 224 1706 1044 1749; baseline -0.002 -10"><span class='ocrx_word' id='word_1_482' title='bbox 224 1709 312 1741; x_wconf 90' lang='lat' dir='ltr'><strong>modo</strong></span> <span class='ocrx_word' id='word_1_483' title='bbox 340 1710 371 1740; x_wconf 90' lang='lat' dir='ltr'><strong>id</strong></span> <span class='ocrx_word' id='word_1_484' title='bbox 397 1710 502 1741; x_wconf 81' lang='lat' dir='ltr'><strong>aﬂ‘eras</strong></span> <span class='ocrx_word' id='word_1_485' title='bbox 526 1713 561 1740; x_wconf 83' lang='lat' dir='ltr'><strong>ut</strong></span> <span class='ocrx_word' id='word_1_486' title='bbox 581 1709 611 1740; x_wconf 90' lang='lat' dir='ltr'><strong>in</strong></span> <span class='ocrx_word' id='word_1_487' title='bbox 636 1709 693 1740; x_wconf 87' lang='lat' dir='ltr'><strong>hoc</strong></span> <span class='ocrx_word' id='word_1_488' title='bbox 719 1712 872 1749; x_wconf 89' lang='lat' dir='ltr'><strong>promptus</strong></span> <span class='ocrx_word' id='word_1_489' title='bbox 888 1708 939 1739; x_wconf 89' lang='lat' dir='ltr'><strong>sis.</strong></span> <span class='ocrx_word' id='word_1_490' title='bbox 957 1718 969 1736; x_wconf 71' lang='grc' dir='ltr'>(ι</span> <span class='ocrx_word' id='word_1_491' title='bbox 988 1706 1044 1743; x_wconf 86' lang='lat' dir='ltr'><strong>Qui</strong></span> 
     </span>
    </p>
   </div>
   <div class='ocr_carea' id='block_1_69' title="bbox 222 1751 1044 1794">
    <p class='ocr_par' dir='ltr' id='par_1_69' title="bbox 222 1751 1044 1794">
     <span class='ocr_line' id='line_1_69' title="bbox 222 1751 1044 1794; baseline -0.004 -10"><span class='ocrx_word' id='word_1_492' title='bbox 222 1754 319 1785; x_wconf 85' lang='lat' dir='ltr'><strong>salvos</strong></span> <span class='ocrx_word' id='word_1_493' title='bbox 330 1754 401 1785; x_wconf 80' lang='lat' dir='ltr'><strong>fecit</strong></span> <span class='ocrx_word' id='word_1_494' title='bbox 416 1754 553 1786; x_wconf 59' lang='lat' dir='ltr'><strong>nos-Ad</strong></span> <span class='ocrx_word' id='word_1_495' title='bbox 570 1754 633 1785; x_wconf 85' lang='lat' dir='ltr'><strong>haec</strong></span> <span class='ocrx_word' id='word_1_496' title='bbox 647 1753 841 1794; x_wconf 88' lang='lat' dir='ltr'><strong>probationes</strong></span> <span class='ocrx_word' id='word_1_497' title='bbox 856 1755 994 1783; x_wconf 88' lang='lat' dir='ltr'><strong>recenset</strong></span> <span class='ocrx_word' id='word_1_498' title='bbox 1007 1751 1044 1782; x_wconf 90' lang='lat' dir='ltr'><strong>de</strong></span> 
     </span>
    </p>
   </div>
   <div class='ocr_carea' id='block_1_70' title="bbox 224 1795 1045 1840">
    <p class='ocr_par' dir='ltr' id='par_1_70' title="bbox 224 1795 1045 1840">
     <span class='ocr_line' id='line_1_70' title="bbox 224 1795 1045 1840; baseline -0.002 -12"><span class='ocrx_word' id='word_1_499' title='bbox 224 1797 322 1830; x_wconf 82' lang='lat' dir='ltr'><strong>divino</strong></span> <span class='ocrx_word' id='word_1_500' title='bbox 332 1799 442 1831; x_wconf 88' lang='lat' dir='ltr'><strong>auxilio</strong></span> <span class='ocrx_word' id='word_1_501' title='bbox 454 1808 488 1830; x_wconf 86' lang='lat' dir='ltr'><strong>ac</strong></span> <span class='ocrx_word' id='word_1_502' title='bbox 503 1799 715 1840; x_wconf 59' lang='lat' dir='ltr'><strong>potentia,qua</strong></span> <span class='ocrx_word' id='word_1_503' title='bbox 727 1797 756 1828; x_wconf 93' lang='lat' dir='ltr'><strong>id</strong></span> <span class='ocrx_word' id='word_1_504' title='bbox 769 1797 859 1829; x_wconf 82' lang='lat' dir='ltr'><strong>efﬁcit</strong></span> <span class='ocrx_word' id='word_1_505' title='bbox 874 1801 905 1827; x_wconf 93' lang='lat' dir='ltr'><strong>ut</strong></span> <span class='ocrx_word' id='word_1_506' title='bbox 920 1795 1045 1827; x_wconf 82' lang='lat' dir='ltr'><strong>viriliter</strong></span> 
     </span>
    </p>
   </div>
   <div class='ocr_carea' id='block_1_71' title="bbox 223 1840 1042 1882">
    <p class='ocr_par' dir='ltr' id='par_1_71' title="bbox 223 1840 1042 1882">
     <span class='ocr_line' id='line_1_71' title="bbox 223 1840 1042 1882; baseline -0.004 -9"><span class='ocrx_word' id='word_1_507' title='bbox 223 1843 385 1874; x_wconf 88' lang='lat' dir='ltr'><strong>toleremus</strong></span> <span class='ocrx_word' id='word_1_508' title='bbox 410 1844 588 1875; x_wconf 82' lang='lat' dir='ltr'><strong>afﬂictiones</strong></span> <span class='ocrx_word' id='word_1_509' title='bbox 605 1847 635 1874; x_wconf 88' lang='lat' dir='ltr'><strong>et</strong></span> <span class='ocrx_word' id='word_1_510' title='bbox 648 1843 785 1882; x_wconf 86' lang='lat' dir='ltr'><strong>injurias.</strong></span> <span class='ocrx_word' id='word_1_511' title='bbox 803 1841 917 1879; x_wconf 86' lang='lat' dir='ltr'><strong>Salvos,</strong></span> <span class='ocrx_word' id='word_1_512' title='bbox 932 1840 1042 1881; x_wconf 89' lang='lat' dir='ltr'><strong>inquit,</strong></span> 
     </span>
    </p>
   </div>
   <div class='ocr_carea' id='block_1_72' title="bbox 220 1885 1042 1928">
    <p class='ocr_par' dir='ltr' id='par_1_72' title="bbox 220 1885 1042 1928">
     <span class='ocr_line' id='line_1_72' title="bbox 220 1885 1042 1928; baseline -0.002 -11"><span class='ocrx_word' id='word_1_513' title='bbox 220 1886 290 1919; x_wconf 75' lang='lat' dir='ltr'><strong>fecit</strong></span> <span class='ocrx_word' id='word_1_514' title='bbox 304 1897 358 1919; x_wconf 89' lang='lat' dir='ltr'><strong>nos</strong></span> <span class='ocrx_word' id='word_1_515' title='bbox 373 1888 411 1919; x_wconf 90' lang='lat' dir='ltr'><strong>de</strong></span> <span class='ocrx_word' id='word_1_516' title='bbox 425 1893 520 1919; x_wconf 86' lang='lat' dir='ltr'><strong>morte</strong></span> <span class='ocrx_word' id='word_1_517' title='bbox 533 1887 658 1928; x_wconf 79' lang='lat' dir='ltr'><strong>peccati,</strong></span> <span class='ocrx_word' id='word_1_518' title='bbox 676 1892 705 1918; x_wconf 94' lang='lat' dir='ltr'><strong>et</strong></span> <span class='ocrx_word' id='word_1_519' title='bbox 715 1886 828 1918; x_wconf 87' lang='lat' dir='ltr'><strong>vocavit</strong></span> <span class='ocrx_word' id='word_1_520' title='bbox 845 1895 898 1917; x_wconf 89' lang='lat' dir='ltr'><strong>nos</strong></span> <span class='ocrx_word' id='word_1_521' title='bbox 912 1885 1042 1916; x_wconf 84' lang='lat' dir='ltr'><strong>vocatio-</strong></span> 
     </span>
    </p>
   </div>
   <div class='ocr_carea' id='block_1_73' title="bbox 219 1929 1042 1970">
    <p class='ocr_par' dir='ltr' id='par_1_73' title="bbox 219 1929 1042 1970">
     <span class='ocr_line' id='line_1_73' title="bbox 219 1929 1042 1970; baseline -0.004 -7"><span class='ocrx_word' id='word_1_522' title='bbox 219 1931 300 1964; x_wconf 85' lang='lat' dir='ltr'><strong>tione</strong></span> <span class='ocrx_word' id='word_1_523' title='bbox 306 1936 409 1965; x_wconf 88' lang='lat' dir='ltr'><strong>sancta</strong></span> <span class='ocrx_word' id='word_1_524' title='bbox 415 1942 481 1963; x_wconf 92' lang='lat' dir='ltr'><strong>cum</strong></span> <span class='ocrx_word' id='word_1_525' title='bbox 491 1932 788 1964; x_wconf 88' lang='lat' dir='ltr'><strong>obsurdesceremus:</strong></span> <span class='ocrx_word' id='word_1_526' title='bbox 805 1940 863 1962; x_wconf 91' lang='lat' dir='ltr'><strong>non</strong></span> <span class='ocrx_word' id='word_1_527' title='bbox 872 1930 952 1970; x_wconf 91' lang='lat' dir='ltr'><strong>quod</strong></span> <span class='ocrx_word' id='word_1_528' title='bbox 961 1929 1042 1969; x_wconf 83' lang='lat' dir='ltr'><strong>digni</strong></span> 
     </span>
    </p>
   </div>
   <div class='ocr_carea' id='block_1_74' title="bbox 220 1974 1041 2016">
    <p class='ocr_par' dir='ltr' id='par_1_74' title="bbox 220 1974 1041 2016">
     <span class='ocr_line' id='line_1_74' title="bbox 220 1974 1041 2016; baseline -0.004 -9"><span class='ocrx_word' id='word_1_529' title='bbox 220 1985 355 2009; x_wconf 90' lang='lat' dir='ltr'><strong>essemus</strong></span> <span class='ocrx_word' id='word_1_530' title='bbox 368 1977 534 2015; x_wconf 84' lang='lat' dir='ltr'><strong>vocatione,</strong></span> <span class='ocrx_word' id='word_1_531' title='bbox 548 1976 617 2008; x_wconf 76' lang='grc'><strong>259</strong></span> <span class='ocrx_word' id='word_1_532' title='bbox 632 1977 685 2007; x_wconf 87' lang='lat' dir='ltr'><strong>sed</strong></span> <span class='ocrx_word' id='word_1_533' title='bbox 695 1976 759 2016; x_wconf 89' lang='lat' dir='ltr'><strong>ipse</strong></span> <span class='ocrx_word' id='word_1_534' title='bbox 774 1985 827 2006; x_wconf 86' lang='lat' dir='ltr'><strong>suo</strong></span> <span class='ocrx_word' id='word_1_535' title='bbox 846 1974 995 2016; x_wconf 88' lang='lat' dir='ltr'><strong>proposito</strong></span> <span class='ocrx_word' id='word_1_536' title='bbox 1013 1977 1041 2004; x_wconf 89' lang='lat' dir='ltr'><strong>et</strong></span> 
     </span>
    </p>
   </div>
   <div class='ocr_carea' id='block_1_75' title="bbox 215 2020 1041 2061">
    <p class='ocr_par' dir='ltr' id='par_1_75' title="bbox 215 2020 1041 2061">
     <span class='ocr_line' id='line_1_75' title="bbox 215 2020 1041 2061; baseline -0.005 -8"><span class='ocrx_word' id='word_1_537' title='bbox 215 2021 308 2060; x_wconf 78' lang='lat' dir='ltr'><strong>gratia</strong></span> <span class='ocrx_word' id='word_1_538' title='bbox 324 2022 381 2053; x_wconf 87' lang='lat' dir='ltr'><strong>hoc</strong></span> <span class='ocrx_word' id='word_1_539' title='bbox 396 2021 504 2053; x_wconf 73' lang='lat' dir='ltr'><strong>etlecit.</strong></span> <span class='ocrx_word' id='word_1_540' title='bbox 521 2021 577 2057; x_wconf 88' lang='lat' dir='ltr'><strong>Qui</strong></span> <span class='ocrx_word' id='word_1_541' title='bbox 599 2021 697 2061; x_wconf 83' lang='lat' dir='ltr'><strong>igitur,</strong></span> <span class='ocrx_word' id='word_1_542' title='bbox 715 2020 810 2061; x_wconf 87' lang='lat' dir='ltr'><strong>inquit</strong></span> <span class='ocrx_word' id='word_1_543' title='bbox 823 2020 903 2060; x_wconf 90' lang='lat' dir='ltr'><strong>(nam</strong></span> <span class='ocrx_word' id='word_1_544' title='bbox 920 2020 981 2049; x_wconf 73' lang='lat' dir='ltr'><strong>haec</strong></span> <span class='ocrx_word' id='word_1_545' title='bbox 997 2022 1041 2050; x_wconf 90' lang='lat' dir='ltr'><strong>est</strong></span> 
     </span>
    </p>
   </div>
   <div class='ocr_carea' id='block_1_76' title="bbox 215 2064 1040 2107">
    <p class='ocr_par' dir='ltr' id='par_1_76' title="bbox 215 2064 1040 2107">
     <span class='ocr_line' id='line_1_76' title="bbox 215 2064 1040 2107; baseline -0.004 -10"><span class='ocrx_word' id='word_1_546' title='bbox 215 2067 388 2106; x_wconf 87' lang='lat' dir='ltr'><strong>sententia),</strong></span> <span class='ocrx_word' id='word_1_547' title='bbox 399 2067 469 2097; x_wconf 91' lang='lat' dir='ltr'><strong>dum</strong></span> <span class='ocrx_word' id='word_1_548' title='bbox 486 2066 600 2097; x_wconf 89' lang='lat' dir='ltr'><strong>inimici</strong></span> <span class='ocrx_word' id='word_1_549' title='bbox 616 2074 749 2097; x_wconf 86' lang='lat' dir='ltr'><strong>essemus</strong></span> <span class='ocrx_word' id='word_1_550' title='bbox 763 2065 805 2096; x_wconf 88' lang='lat' dir='ltr'><strong>ita</strong></span> <span class='ocrx_word' id='word_1_551' title='bbox 822 2073 892 2104; x_wconf 88' lang='lat' dir='ltr'><strong>erga</strong></span> <span class='ocrx_word' id='word_1_552' title='bbox 916 2073 971 2094; x_wconf 91' lang='lat' dir='ltr'><strong>nos</strong></span> <span class='ocrx_word' id='word_1_553' title='bbox 986 2064 1040 2107; x_wconf 67' lang='lat' dir='ltr'><strong>fuit</strong></span> 
     </span>
    </p>
   </div>
   <div class='ocr_carea' id='block_1_77' title="bbox 216 2109 1040 2150">
    <p class='ocr_par' dir='ltr' id='par_1_77' title="bbox 216 2109 1040 2150">
     <span class='ocr_line' id='line_1_77' title="bbox 216 2109 1040 2150; baseline -0.004 -9"><span class='ocrx_word' id='word_1_554' title='bbox 216 2111 351 2150; x_wconf 73' lang='lat' dir='ltr'><strong>affectus,</strong></span> <span class='ocrx_word' id='word_1_555' title='bbox 377 2111 470 2141; x_wconf 89' lang='lat' dir='ltr'><strong>multo</strong></span> <span class='ocrx_word' id='word_1_556' title='bbox 487 2111 580 2150; x_wconf 88' lang='lat' dir='ltr'><strong>magis</strong></span> <span class='ocrx_word' id='word_1_557' title='bbox 596 2119 663 2142; x_wconf 91' lang='lat' dir='ltr'><strong>cum</strong></span> <span class='ocrx_word' id='word_1_558' title='bbox 683 2109 771 2141; x_wconf 88' lang='lat' dir='ltr'><strong>amici</strong></span> <span class='ocrx_word' id='word_1_559' title='bbox 795 2109 864 2140; x_wconf 84' lang='lat' dir='ltr'><strong>facti</strong></span> <span class='ocrx_word' id='word_1_560' title='bbox 889 2109 992 2146; x_wconf 85' lang='lat' dir='ltr'><strong>simus,</strong></span> <span class='ocrx_word' id='word_1_561' title='bbox 1011 2112 1040 2139; x_wconf 87' lang='lat' dir='ltr'><strong>ct</strong></span> 
     </span>
    </p>
   </div>
   <div class='ocr_carea' id='block_1_78' title="bbox 1089 1530 1901 1576">
    <p class='ocr_par' dir='ltr' id='par_1_78' title="bbox 1089 1530 1901 1576">
     <span class='ocr_line' id='line_1_78' title="bbox 1089 1530 1901 1576; baseline 0 -14"><span class='ocrx_word' id='word_1_562' title='bbox 1089 1536 1180 1575; x_wconf 74' lang='grc' dir='ltr'>οἰκείᾳ,</span> <span class='ocrx_word' id='word_1_563' title='bbox 1211 1536 1286 1575; x_wconf 79' lang='grc' dir='ltr'>φησὶ,</span> <span class='ocrx_word' id='word_1_564' title='bbox 1309 1534 1416 1574; x_wconf 83' lang='grc' dir='ltr'>δυνάμει</span> <span class='ocrx_word' id='word_1_565' title='bbox 1443 1535 1515 1576; x_wconf 76' lang='grc' dir='ltr'>ἔχεις</span> <span class='ocrx_word' id='word_1_566' title='bbox 1529 1530 1746 1576; x_wconf 20' lang='grc' dir='ltr'>νκακοπαθῆσαι;</span> <span class='ocrx_word' id='word_1_567' title='bbox 1779 1530 1809 1564; x_wconf 66' lang='grc' dir='ltr'><strong>Ὀ</strong></span> <span class='ocrx_word' id='word_1_568' title='bbox 1844 1536 1901 1566; x_wconf 74' lang='grc' dir='ltr'>Θεὸς</span> 
     </span>
    </p>
   </div>
   <div class='ocr_carea' id='block_1_79' title="bbox 1086 1579 1900 1618">
    <p class='ocr_par' dir='ltr' id='par_1_79' title="bbox 1086 1579 1900 1618">
     <span class='ocr_line' id='line_1_79' title="bbox 1086 1579 1900 1618; baseline -0.001 -10"><span class='ocrx_word' id='word_1_569' title='bbox 1086 1579 1135 1613; x_wconf 80' lang='grc' dir='ltr'><strong>τὴν</strong></span> <span class='ocrx_word' id='word_1_570' title='bbox 1149 1581 1275 1613; x_wconf 84' lang='grc' dir='ltr'>τοιαύτην</span> <span class='ocrx_word' id='word_1_571' title='bbox 1296 1579 1377 1608; x_wconf 74' lang='grc' dir='ltr'>ἔδωκέ</span> <span class='ocrx_word' id='word_1_572' title='bbox 1391 1591 1420 1608; x_wconf 81' lang='grc' dir='ltr'><strong>τε</strong></span> <span class='ocrx_word' id='word_1_573' title='bbox 1448 1581 1492 1609; x_wconf 88' lang='grc' dir='ltr'>καὶ</span> <span class='ocrx_word' id='word_1_574' title='bbox 1518 1579 1595 1609; x_wconf 85' lang='grc' dir='ltr'>δώσει</span> <span class='ocrx_word' id='word_1_575' title='bbox 1623 1579 1729 1618; x_wconf 81' lang='grc' dir='ltr'>δύναμιν</span> <span class='ocrx_word' id='word_1_576' title='bbox 1748 1588 1755 1596; x_wconf 85' lang='grc'><strong><em>⁸</em></strong></span> <span class='ocrx_word' id='word_1_577' title='bbox 1780 1580 1812 1608; x_wconf 87' lang='grc' dir='ltr'>σὺ</span> <span class='ocrx_word' id='word_1_578' title='bbox 1827 1579 1900 1617; x_wconf 73' lang='grc' dir='ltr'>μόνον</span> 
     </span>
    </p>
   </div>
   <div class='ocr_carea' id='block_1_80' title="bbox 1086 1625 1900 1664">
    <p class='ocr_par' dir='ltr' id='par_1_80' title="bbox 1086 1625 1900 1664">
     <span class='ocr_line' id='line_1_80' title="bbox 1086 1625 1900 1664; baseline -0.002 -12"><span class='ocrx_word' id='word_1_579' title='bbox 1086 1625 1116 1652; x_wconf 81' lang='grc' dir='ltr'>τὸ</span> <span class='ocrx_word' id='word_1_580' title='bbox 1137 1626 1335 1664; x_wconf 82' lang='grc' dir='ltr'>προθυμηθῆναι</span> <span class='ocrx_word' id='word_1_581' title='bbox 1351 1625 1484 1664; x_wconf 72' lang='grc' dir='ltr'>εἰσάγαγε.</span> <span class='ocrx_word' id='word_1_582' title='bbox 1515 1634 1527 1652; x_wconf 79' lang='grc' dir='ltr'>α</span> <span class='ocrx_word' id='word_1_583' title='bbox 1551 1629 1602 1654; x_wconf 83' lang='grc' dir='ltr'>Τοῦ</span> <span class='ocrx_word' id='word_1_584' title='bbox 1622 1625 1756 1657; x_wconf 80' lang='grc' dir='ltr'>σώσαντος</span> <span class='ocrx_word' id='word_1_585' title='bbox 1785 1625 1866 1661; x_wconf 77' lang='grc' dir='ltr'>ἡμᾶς.</span> <span class='ocrx_word' id='word_1_586' title='bbox 1889 1635 1900 1650; x_wconf 76' lang='grc' dir='ltr'><strong><em>ι</em></strong></span> 
     </span>
    </p>
   </div>
   <div class='ocr_carea' id='block_1_81' title="bbox 1087 1667 1902 1709">
    <p class='ocr_par' dir='ltr' id='par_1_81' title="bbox 1087 1667 1902 1709">
     <span class='ocr_line' id='line_1_81' title="bbox 1087 1667 1902 1709; baseline 0.001 -13"><span class='ocrx_word' id='word_1_587' title='bbox 1087 1668 1155 1696; x_wconf 82' lang='grc' dir='ltr'>Εἶτα</span> <span class='ocrx_word' id='word_1_588' title='bbox 1183 1670 1226 1697; x_wconf 80' lang='grc' dir='ltr'>καὶ</span> <span class='ocrx_word' id='word_1_589' title='bbox 1254 1672 1302 1702; x_wconf 81' lang='grc' dir='ltr'>τῆς</span> <span class='ocrx_word' id='word_1_590' title='bbox 1332 1668 1502 1709; x_wconf 79' lang='grc' dir='ltr'>συμπράξεως</span> <span class='ocrx_word' id='word_1_591' title='bbox 1530 1669 1576 1697; x_wconf 77' lang='grc' dir='ltr'><strong>τοῦ</strong></span> <span class='ocrx_word' id='word_1_592' title='bbox 1605 1672 1670 1698; x_wconf 83' lang='grc' dir='ltr'>Θεοῦ</span> <span class='ocrx_word' id='word_1_593' title='bbox 1699 1670 1815 1701; x_wconf 83' lang='grc' dir='ltr'>καὶτῆς</span> <span class='ocrx_word' id='word_1_594' title='bbox 1837 1667 1902 1697; x_wconf 82' lang='grc' dir='ltr'>δυνά-</span> 
     </span>
    </p>
   </div>
   <div class='ocr_carea' id='block_1_82' title="bbox 1085 1713 1899 1753">
    <p class='ocr_par' dir='ltr' id='par_1_82' title="bbox 1085 1713 1899 1753">
     <span class='ocr_line' id='line_1_82' title="bbox 1085 1713 1899 1753; baseline -0.001 -13"><span class='ocrx_word' id='word_1_595' title='bbox 1085 1723 1168 1750; x_wconf 77' lang='grc' dir='ltr'>μεως,</span> <span class='ocrx_word' id='word_1_596' title='bbox 1190 1715 1240 1747; x_wconf 79' lang='grc' dir='ltr'>τῆς</span> <span class='ocrx_word' id='word_1_597' title='bbox 1255 1713 1341 1753; x_wconf 77' lang='grc' dir='ltr'>φέρειν</span> <span class='ocrx_word' id='word_1_598' title='bbox 1367 1714 1492 1752; x_wconf 86' lang='grc' dir='ltr'>γενναίως</span> <span class='ocrx_word' id='word_1_599' title='bbox 1507 1713 1636 1746; x_wconf 81' lang='grc' dir='ltr'>ποιούσης</span> <span class='ocrx_word' id='word_1_600' title='bbox 1657 1713 1718 1745; x_wconf 74' lang='grc' dir='ltr'>τοὺς</span> <span class='ocrx_word' id='word_1_601' title='bbox 1742 1713 1899 1753; x_wconf 72' lang='grc' dir='ltr'>πειρασμοῦς</span> 
     </span>
    </p>
   </div>
   <div class='ocr_carea' id='block_1_83' title="bbox 1083 1752 1898 1797">
    <p class='ocr_par' dir='ltr' id='par_1_83' title="bbox 1083 1752 1898 1797">
     <span class='ocr_line' id='line_1_83' title="bbox 1083 1752 1898 1797; baseline 0 -12"><span class='ocrx_word' id='word_1_602' title='bbox 1083 1757 1127 1785; x_wconf 78' lang='grc' dir='ltr'>καὶ</span> <span class='ocrx_word' id='word_1_603' title='bbox 1140 1757 1190 1791; x_wconf 83' lang='grc' dir='ltr'>τὴν</span> <span class='ocrx_word' id='word_1_604' title='bbox 1204 1752 1390 1795; x_wconf 73' lang='grc' dir='ltr'>κακοπάθειαν,</span> <span class='ocrx_word' id='word_1_605' title='bbox 1415 1757 1487 1797; x_wconf 81' lang='grc' dir='ltr'>λέγει</span> <span class='ocrx_word' id='word_1_606' title='bbox 1515 1758 1561 1791; x_wconf 80' lang='grc' dir='ltr'>τὰς</span> <span class='ocrx_word' id='word_1_607' title='bbox 1589 1756 1745 1790; x_wconf 79' lang='grc' dir='ltr'>ἀποδείξεις.</span> <span class='ocrx_word' id='word_1_608' title='bbox 1776 1752 1898 1786; x_wconf 77' lang='grc' dir='ltr'>’Ἐσωσεν</span> 
     </span>
    </p>
   </div>
   <div class='ocr_carea' id='block_1_84' title="bbox 1084 1801 1899 1842">
    <p class='ocr_par' dir='ltr' id='par_1_84' title="bbox 1084 1801 1899 1842">
     <span class='ocr_line' id='line_1_84' title="bbox 1084 1801 1899 1842; baseline 0 -13"><span class='ocrx_word' id='word_1_609' title='bbox 1084 1803 1167 1841; x_wconf 80' lang='grc' dir='ltr'>ἡμᾶς,</span> <span class='ocrx_word' id='word_1_610' title='bbox 1196 1803 1287 1842; x_wconf 77' lang='grc' dir='ltr'>φησὶν,</span> <span class='ocrx_word' id='word_1_611' title='bbox 1317 1802 1346 1830; x_wconf 79' lang='grc' dir='ltr'>ἐκ</span> <span class='ocrx_word' id='word_1_612' title='bbox 1373 1805 1419 1830; x_wconf 79' lang='grc' dir='ltr'><strong>τοῦ</strong></span> <span class='ocrx_word' id='word_1_613' title='bbox 1447 1803 1558 1831; x_wconf 86' lang='grc' dir='ltr'>θανάτου</span> <span class='ocrx_word' id='word_1_614' title='bbox 1586 1805 1636 1837; x_wconf 83' lang='grc' dir='ltr'>τῆς</span> <span class='ocrx_word' id='word_1_615' title='bbox 1678 1801 1822 1842; x_wconf 71' lang='grc' dir='ltr'>ἁμαρτίας,</span> <span class='ocrx_word' id='word_1_616' title='bbox 1862 1802 1899 1829; x_wconf 80' lang='grc' dir='ltr'>καὶ</span> 
     </span>
    </p>
   </div>
   <div class='ocr_carea' id='block_1_85' title="bbox 1084 1845 1899 1886">
    <p class='ocr_par' dir='ltr' id='par_1_85' title="bbox 1084 1845 1899 1886">
     <span class='ocr_line' id='line_1_85' title="bbox 1084 1845 1899 1886; baseline 0.001 -13"><span class='ocrx_word' id='word_1_617' title='bbox 1084 1845 1208 1874; x_wconf 78' lang='grc' dir='ltr'>ἐκάλεσεν</span> <span class='ocrx_word' id='word_1_618' title='bbox 1236 1847 1307 1885; x_wconf 79' lang='grc' dir='ltr'>ἡμᾶς</span> <span class='ocrx_word' id='word_1_619' title='bbox 1335 1846 1428 1882; x_wconf 81' lang='grc' dir='ltr'>κλήσει</span> <span class='ocrx_word' id='word_1_620' title='bbox 1470 1847 1542 1886; x_wconf 80' lang='grc' dir='ltr'>ἁγίᾳ,</span> <span class='ocrx_word' id='word_1_621' title='bbox 1584 1847 1815 1886; x_wconf 79' lang='grc' dir='ltr'>ἆποσκιρτῶντας,</span> <span class='ocrx_word' id='word_1_622' title='bbox 1858 1847 1899 1874; x_wconf 76' lang='grc' dir='ltr'><strong>οὒκ</strong></span> 
     </span>
    </p>
   </div>
   <div class='ocr_carea' id='block_1_86' title="bbox 1084 1889 1900 1930">
    <p class='ocr_par' dir='ltr' id='par_1_86' title="bbox 1084 1889 1900 1930">
     <span class='ocr_line' id='line_1_86' title="bbox 1084 1889 1900 1930; baseline 0 -12"><span class='ocrx_word' id='word_1_623' title='bbox 1084 1889 1174 1924; x_wconf 77' lang='grc' dir='ltr'>ἐπειδὴ</span> <span class='ocrx_word' id='word_1_624' title='bbox 1202 1890 1268 1924; x_wconf 75' lang='grc' dir='ltr'>ἄξιοι</span> <span class='ocrx_word' id='word_1_625' title='bbox 1296 1894 1363 1929; x_wconf 75' lang='grc' dir='ltr'>ἦμεν</span> <span class='ocrx_word' id='word_1_626' title='bbox 1391 1894 1440 1925; x_wconf 81' lang='grc' dir='ltr'>τῆς</span> <span class='ocrx_word' id='word_1_627' title='bbox 1469 1891 1602 1930; x_wconf 86' lang='grc' dir='ltr'>κλήσεως,</span> <span class='ocrx_word' id='word_1_628' title='bbox 1633 1890 1692 1919; x_wconf 78' lang='grc' dir='ltr'>ἀλλ’</span> <span class='ocrx_word' id='word_1_629' title='bbox 1722 1891 1802 1923; x_wconf 69' lang='grc' dir='ltr'>αὐτὸς</span> <span class='ocrx_word' id='word_1_630' title='bbox 1826 1891 1900 1925; x_wconf 69' lang='grc' dir='ltr'>οἰκείᾳ</span> 
     </span>
    </p>
   </div>
   <div class='ocr_carea' id='block_1_87' title="bbox 1082 1931 1923 1976">
    <p class='ocr_par' dir='ltr' id='par_1_87' title="bbox 1082 1931 1923 1976">
     <span class='ocr_line' id='line_1_87' title="bbox 1082 1931 1923 1976; baseline 0 -14"><span class='ocrx_word' id='word_1_631' title='bbox 1082 1935 1200 1973; x_wconf 75' lang='grc' dir='ltr'>προθέσει</span> <span class='ocrx_word' id='word_1_632' title='bbox 1229 1936 1273 1963; x_wconf 82' lang='grc' dir='ltr'>καὶ</span> <span class='ocrx_word' id='word_1_633' title='bbox 1296 1936 1387 1976; x_wconf 85' lang='grc' dir='ltr'>χάριτι</span> <span class='ocrx_word' id='word_1_634' title='bbox 1408 1940 1484 1965; x_wconf 87' lang='grc' dir='ltr'>τοῦτο</span> <span class='ocrx_word' id='word_1_635' title='bbox 1517 1935 1671 1970; x_wconf 85' lang='grc' dir='ltr'>πεποίηκεν.</span> <span class='ocrx_word' id='word_1_636' title='bbox 1704 1931 1732 1965; x_wconf 72' lang='grc' dir='ltr'><strong>ιΟ</strong></span> <span class='ocrx_word' id='word_1_637' title='bbox 1762 1935 1820 1974; x_wconf 80' lang='grc' dir='ltr'>οὖν,</span> <span class='ocrx_word' id='word_1_638' title='bbox 1843 1935 1900 1976; x_wconf 69' lang='grc' dir='ltr'>φησὶ</span> 
     </span>
    </p>
   </div>
   <div class='ocr_carea' id='block_1_88' title="bbox 1083 1979 1900 2021">
    <p class='ocr_par' dir='ltr' id='par_1_88' title="bbox 1083 1979 1900 2021">
     <span class='ocr_line' id='line_1_88' title="bbox 1083 1979 1900 2021; baseline 0 -14"><span class='ocrx_word' id='word_1_639' title='bbox 1083 1979 1169 2018; x_wconf 85' lang='grc' dir='ltr'>(τοῦτο</span> <span class='ocrx_word' id='word_1_640' title='bbox 1183 1980 1233 2020; x_wconf 84' lang='grc' dir='ltr'><strong>γὰρ</strong></span> <span class='ocrx_word' id='word_1_641' title='bbox 1255 1981 1285 2008; x_wconf 82' lang='grc' dir='ltr'><strong>τὸ</strong></span> <span class='ocrx_word' id='word_1_642' title='bbox 1308 1980 1501 2021; x_wconf 79' lang='grc' dir='ltr'>ἀποτέλεσμα),</span> <span class='ocrx_word' id='word_1_643' title='bbox 1531 1980 1640 2021; x_wconf 80' lang='grc' dir='ltr'>ἐχθροὺς</span> <span class='ocrx_word' id='word_1_644' title='bbox 1671 1979 1748 2012; x_wconf 72' lang='grc' dir='ltr'>ὄντας</span> <span class='ocrx_word' id='word_1_645' title='bbox 1769 1980 1841 2009; x_wconf 74' lang='grc' dir='ltr'>οὕτω</span> <span class='ocrx_word' id='word_1_646' title='bbox 1864 1980 1900 2008; x_wconf 80' lang='grc' dir='ltr'><strong>δι-</strong></span> 
     </span>
    </p>
   </div>
   <div class='ocr_carea' id='block_1_89' title="bbox 1080 2023 1899 2065">
    <p class='ocr_par' dir='ltr' id='par_1_89' title="bbox 1080 2023 1899 2065">
     <span class='ocr_line' id='line_1_89' title="bbox 1080 2023 1899 2065; baseline 0 -14"><span class='ocrx_word' id='word_1_647' title='bbox 1080 2024 1214 2064; x_wconf 78' lang='grc' dir='ltr'>τεθεικὼς,</span> <span class='ocrx_word' id='word_1_648' title='bbox 1251 2023 1343 2062; x_wconf 85' lang='grc' dir='ltr'>πολλῷ</span> <span class='ocrx_word' id='word_1_649' title='bbox 1371 2023 1471 2062; x_wconf 85' lang='grc' dir='ltr'>μᾶλλον</span> <span class='ocrx_word' id='word_1_650' title='bbox 1500 2024 1584 2065; x_wconf 79' lang='grc' dir='ltr'>φίλοις</span> <span class='ocrx_word' id='word_1_651' title='bbox 1620 2024 1743 2064; x_wconf 81' lang='grc' dir='ltr'>γεγονόσι</span> <span class='ocrx_word' id='word_1_652' title='bbox 1766 2025 1812 2053; x_wconf 81' lang='grc' dir='ltr'><strong>καὶ</strong></span> <span class='ocrx_word' id='word_1_653' title='bbox 1841 2024 1899 2062; x_wconf 78' lang='grc' dir='ltr'>ὑπὲρ</span> 
     </span>
    </p>
   </div>
   <div class='ocr_carea' id='block_1_90' title="bbox 1079 2068 1923 2110">
    <p class='ocr_par' dir='ltr' id='par_1_90' title="bbox 1079 2068 1923 2110">
     <span class='ocr_line' id='line_1_90' title="bbox 1079 2068 1923 2110; baseline 0 -14"><span class='ocrx_word' id='word_1_654' title='bbox 1079 2069 1158 2097; x_wconf 76' lang='grc' dir='ltr'>αὑτοῦ</span> <span class='ocrx_word' id='word_1_655' title='bbox 1182 2071 1344 2097; x_wconf 76' lang='grc' dir='ltr'>κακοπαθεῖν</span> <span class='ocrx_word' id='word_1_656' title='bbox 1371 2069 1534 2108; x_wconf 82' lang='grc' dir='ltr'>βουληθεῖσι,</span> <span class='ocrx_word' id='word_1_657' title='bbox 1557 2068 1636 2097; x_wconf 82' lang='grc' dir='ltr'>δώσει</span> <span class='ocrx_word' id='word_1_658' title='bbox 1663 2068 1770 2107; x_wconf 83' lang='grc' dir='ltr'>δύναμιν</span> <span class='ocrx_word' id='word_1_659' title='bbox 1803 2070 1840 2101; x_wconf 82' lang='grc' dir='ltr'><strong>εἰς</strong></span> <span class='ocrx_word' id='word_1_660' title='bbox 1872 2070 1898 2095; x_wconf 80' lang='grc' dir='ltr'>τὸ</span> <span class='ocrx_word' id='word_1_661' title='bbox 1919 2068 1923 2110; x_wconf 43' lang='lat' dir='ltr'><strong>‘l</strong></span> 
     </span>
    </p>
   </div>
   <div class='ocr_carea' id='block_1_91' title="bbox 1079 2113 1896 2154">
    <p class='ocr_par' dir='ltr' id='par_1_91' title="bbox 1079 2113 1896 2154">
     <span class='ocr_line' id='line_1_91' title="bbox 1079 2113 1896 2154; baseline 0 -14"><span class='ocrx_word' id='word_1_662' title='bbox 1079 2113 1269 2153; x_wconf 80' lang='grc' dir='ltr'>περιγενέσθαι,</span> <span class='ocrx_word' id='word_1_663' title='bbox 1302 2125 1316 2141; x_wconf 68' lang='grc' dir='ltr'><strong>α</strong></span> <span class='ocrx_word' id='word_1_664' title='bbox 1355 2115 1404 2143; x_wconf 82' lang='grc' dir='ltr'><strong>Καὶ</strong></span> <span class='ocrx_word' id='word_1_665' title='bbox 1439 2114 1518 2154; x_wconf 71' lang='grc' dir='ltr'>χάριν</span> <span class='ocrx_word' id='word_1_666' title='bbox 1552 2113 1601 2148; x_wconf 60' lang='grc' dir='ltr'><strong>τήν</strong></span> <span class='ocrx_word' id='word_1_667' title='bbox 1629 2113 1750 2142; x_wconf 70' lang='grc' dir='ltr'>δοθεῖσαν</span> <span class='ocrx_word' id='word_1_668' title='bbox 1779 2115 1849 2151; x_wconf 82' lang='grc' dir='ltr'>ἡμῖν</span> <span class='ocrx_word' id='word_1_669' title='bbox 1873 2113 1896 2140; x_wconf 88' lang='grc' dir='ltr'>ἐν</span> 
     </span>
    </p>
   </div>
   <div class='ocr_carea' id='block_1_92' title="bbox 212 2153 1042 2198">
    <p class='ocr_par' dir='ltr' id='par_1_92' title="bbox 212 2153 1035 2196">
     <span class='ocr_line' id='line_1_92' title="bbox 212 2153 1035 2196; baseline -0.002 -11"><span class='ocrx_word' id='word_1_670' title='bbox 212 2163 265 2194; x_wconf 91' lang='lat' dir='ltr'><strong>pro</strong></span> <span class='ocrx_word' id='word_1_671' title='bbox 282 2164 318 2186; x_wconf 93' lang='lat' dir='ltr'><strong>eo</strong></span> <span class='ocrx_word' id='word_1_672' title='bbox 333 2155 425 2196; x_wconf 80' lang='lat' dir='ltr'><strong>afﬂigi</strong></span> <span class='ocrx_word' id='word_1_673' title='bbox 440 2155 604 2196; x_wconf 89' lang='lat' dir='ltr'><strong>cupiamus.</strong></span> <span class='ocrx_word' id='word_1_674' title='bbox 618 2155 780 2196; x_wconf 84' lang='lat' dir='ltr'><strong>potentiam</strong></span> <span class='ocrx_word' id='word_1_675' title='bbox 793 2154 874 2185; x_wconf 86' lang='lat' dir='ltr'><strong>dabit</strong></span> <span class='ocrx_word' id='word_1_676' title='bbox 889 2157 920 2184; x_wconf 92' lang='lat' dir='ltr'><strong>ut</strong></span> <span class='ocrx_word' id='word_1_677' title='bbox 935 2153 970 2184; x_wconf 89' lang='lat' dir='ltr'><strong>ad</strong></span> <span class='ocrx_word' id='word_1_678' title='bbox 981 2162 1035 2192; x_wconf 64' lang='lat' dir='ltr'><strong>vir-</strong></span> 
     </span>
    </p>
   </div>
   <div class='ocr_carea' id='block_1_93' title="bbox 1138 2153 1895 2198">
    <p class='ocr_par' dir='ltr' id='par_1_93' title="bbox 1138 2153 1895 2198">
     <span class='ocr_line' id='line_1_93' title="bbox 1138 2153 1895 2198; baseline 0 -12"><span class='ocrx_word' id='word_1_679' title='bbox 1138 2163 1193 2196; x_wconf 69' lang='lat' dir='ltr'><strong>mp.</strong></span> <span class='ocrx_word' id='word_1_680' title='bbox 1211 2170 1226 2187; x_wconf 62' lang='grc' dir='ltr'><strong>ι</strong></span> <span class='ocrx_word' id='word_1_681' title='bbox 1245 2159 1379 2187; x_wconf 78' lang='grc' dir='ltr'>Δείχνυσιν</span> <span class='ocrx_word' id='word_1_682' title='bbox 1392 2153 1479 2187; x_wconf 76' lang='grc' dir='ltr'>ὅτιτὸ</span> <span class='ocrx_word' id='word_1_683' title='bbox 1506 2158 1610 2193; x_wconf 77' lang='grc' dir='ltr'>δοθῆναι</span> <span class='ocrx_word' id='word_1_684' title='bbox 1634 2159 1703 2196; x_wconf 82' lang='grc' dir='ltr'>ἡμῖν</span> <span class='ocrx_word' id='word_1_685' title='bbox 1729 2158 1824 2198; x_wconf 77' lang='grc' dir='ltr'>χάριτι</span> <span class='ocrx_word' id='word_1_686' title='bbox 1851 2159 1895 2191; x_wconf 83' lang='grc' dir='ltr'><strong>τὴν</strong></span> 
     </span>
    </p>
   </div>
   <div class='ocr_carea' id='block_1_94' title="bbox 213 2197 1042 2244">
    <p class='ocr_par' dir='ltr' id='par_1_94' title="bbox 213 2197 1035 2244">
     <span class='ocr_line' id='line_1_94' title="bbox 213 2197 1035 2244; baseline -0.002 -14"><span class='ocrx_word' id='word_1_687' title='bbox 213 2202 289 2230; x_wconf 87' lang='lat' dir='ltr'><strong>tutes</strong></span> <span class='ocrx_word' id='word_1_688' title='bbox 304 2200 474 2231; x_wconf 86' lang='lat' dir='ltr'><strong>evadamus.</strong></span> <span class='ocrx_word' id='word_1_689' title='bbox 495 2212 508 2244; x_wconf 65' lang='lat' dir='ltr'><strong>ci</strong></span> <span class='ocrx_word' id='word_1_690' title='bbox 524 2199 561 2231; x_wconf 87' lang='lat' dir='ltr'><strong>Et</strong></span> <span class='ocrx_word' id='word_1_691' title='bbox 575 2199 698 2239; x_wconf 83' lang='lat' dir='ltr'><strong>gratiam</strong></span> <span class='ocrx_word' id='word_1_692' title='bbox 709 2208 782 2244; x_wconf 67' lang='lat' dir='ltr'><strong>quae</strong></span> <span class='ocrx_word' id='word_1_693' title='bbox 798 2199 865 2229; x_wconf 83' lang='lat' dir='ltr'><strong>data</strong></span> <span class='ocrx_word' id='word_1_694' title='bbox 881 2202 936 2244; x_wconf 70' lang='lat' dir='ltr'><strong>est</strong></span> <span class='ocrx_word' id='word_1_695' title='bbox 950 2197 1035 2244; x_wconf 87' lang='lat' dir='ltr'><strong>nobis</strong></span> 
     </span>
    </p>
   </div>
   <div class='ocr_carea' id='block_1_95' title="bbox 1138 2197 1894 2244">
    <p class='ocr_par' dir='ltr' id='par_1_95' title="bbox 1138 2197 1894 2244">
     <span class='ocr_line' id='line_1_95' title="bbox 1138 2197 1894 2244; baseline 0.001 -14"><span class='ocrx_word' id='word_1_696' title='bbox 1138 2204 1207 2242; x_wconf 74' lang='grc' dir='ltr'>ηρίαν</span> <span class='ocrx_word' id='word_1_697' title='bbox 1238 2201 1280 2230; x_wconf 76' lang='grc' dir='ltr'>διὰ</span> <span class='ocrx_word' id='word_1_698' title='bbox 1307 2207 1354 2232; x_wconf 77' lang='grc' dir='ltr'><strong>τοῦ</strong></span> <span class='ocrx_word' id='word_1_699' title='bbox 1381 2207 1494 2244; x_wconf 74' lang='grc' dir='ltr'>Χριστοῦ</span> <span class='ocrx_word' id='word_1_700' title='bbox 1514 2204 1601 2242; x_wconf 81' lang='grc' dir='ltr'>(τοῦτο</span> <span class='ocrx_word' id='word_1_701' title='bbox 1628 2202 1699 2242; x_wconf 84' lang='grc' dir='ltr'>λέγει</span> <span class='ocrx_word' id='word_1_702' title='bbox 1730 2197 1756 2230; x_wconf 74' lang='grc' dir='ltr'>ἐν</span> <span class='ocrx_word' id='word_1_703' title='bbox 1772 2197 1776 2198; x_wconf 20' lang='grc' dir='ltr'><em>ν</em></span> <span class='ocrx_word' id='word_1_704' title='bbox 1795 2206 1894 2243; x_wconf 77' lang='grc' dir='ltr'>Χριστῷ</span> 
     </span>
    </p>
   </div>
   <div class='ocr_carea' id='block_1_96' title="bbox 210 2242 1042 2287">
    <p class='ocr_par' dir='ltr' id='par_1_96' title="bbox 210 2242 1035 2284">
     <span class='ocr_line' id='line_1_96' title="bbox 210 2242 1035 2284; baseline -0.001 -10"><span class='ocrx_word' id='word_1_705' title='bbox 210 2252 265 2284; x_wconf 86' lang='lat' dir='ltr'><strong>per</strong></span> <span class='ocrx_word' id='word_1_706' title='bbox 276 2244 437 2277; x_wconf 86' lang='lat' dir='ltr'><strong>Christum.</strong></span> <span class='ocrx_word' id='word_1_707' title='bbox 457 2257 470 2272; x_wconf 69' lang='grc' dir='ltr'>ι)</span> <span class='ocrx_word' id='word_1_708' title='bbox 488 2243 624 2276; x_wconf 89' lang='lat' dir='ltr'><strong>Ostendit</strong></span> <span class='ocrx_word' id='word_1_709' title='bbox 639 2243 717 2284; x_wconf 88' lang='lat' dir='ltr'><strong>quod</strong></span> <span class='ocrx_word' id='word_1_710' title='bbox 729 2243 856 2274; x_wconf 84' lang='lat' dir='ltr'><strong>salutem</strong></span> <span class='ocrx_word' id='word_1_711' title='bbox 868 2242 954 2273; x_wconf 90' lang='lat' dir='ltr'><strong>nobis</strong></span> <span class='ocrx_word' id='word_1_712' title='bbox 971 2243 1035 2273; x_wconf 87' lang='lat' dir='ltr'><strong>dari</strong></span> 
     </span>
    </p>
   </div>
   <div class='ocr_carea' id='block_1_97' title="bbox 1138 2242 1923 2287">
    <p class='ocr_par' dir='ltr' id='par_1_97' title="bbox 1138 2242 1923 2287">
     <span class='ocr_line' id='line_1_97' title="bbox 1138 2242 1923 2287; baseline 0.001 -13"><span class='ocrx_word' id='word_1_713' title='bbox 1138 2246 1190 2287; x_wconf 74' lang='grc' dir='ltr'>οῦ),</span> <span class='ocrx_word' id='word_1_714' title='bbox 1216 2242 1452 2287; x_wconf 83' lang='grc' dir='ltr'>προτετυπωμένον</span> <span class='ocrx_word' id='word_1_715' title='bbox 1491 2250 1525 2282; x_wconf 78' lang='grc' dir='ltr'>ἦν</span> <span class='ocrx_word' id='word_1_716' title='bbox 1562 2247 1660 2276; x_wconf 71' lang='grc' dir='ltr'>ἄνωθεν</span> <span class='ocrx_word' id='word_1_717' title='bbox 1707 2248 1758 2287; x_wconf 80' lang='grc' dir='ltr'><strong>πρὸ</strong></span> <span class='ocrx_word' id='word_1_718' title='bbox 1793 2248 1893 2287; x_wconf 72' lang='grc' dir='ltr'>χρόνων</span> 
     </span>
    </p>
   </div>
   <div class='ocr_carea' id='block_1_98' title="bbox 209 2287 1197 2329">
    <p class='ocr_par' dir='ltr' id='par_1_98' title="bbox 209 2287 1197 2329">
     <span class='ocr_line' id='line_1_98' title="bbox 209 2287 1197 2329; baseline 0.001 -10"><span class='ocrx_word' id='word_1_719' title='bbox 209 2297 263 2328; x_wconf 91' lang='lat' dir='ltr'><strong>per</strong></span> <span class='ocrx_word' id='word_1_720' title='bbox 277 2288 508 2325; x_wconf 72' lang='lat' dir='ltr'><strong>Chrisiumlnam</strong></span> <span class='ocrx_word' id='word_1_721' title='bbox 521 2289 548 2317; x_wconf 71' lang='grc' dir='ltr'>ἒν</span> <span class='ocrx_word' id='word_1_722' title='bbox 557 2288 671 2329; x_wconf 89' lang='lat' dir='ltr'><strong>capitur</strong></span> <span class='ocrx_word' id='word_1_723' title='bbox 684 2297 737 2328; x_wconf 87' lang='lat' dir='ltr'><strong>pro</strong></span> <span class='ocrx_word' id='word_1_724' title='bbox 747 2287 832 2326; x_wconf 44' lang='lat' dir='ltr'><strong>aegid</strong></span> <span class='ocrx_word' id='word_1_725' title='bbox 843 2287 1036 2328; x_wconf 87' lang='lat' dir='ltr'><strong>est,in,prop-</strong></span> <span class='ocrx_word' id='word_1_726' title='bbox 1076 2291 1197 2321; x_wconf 77' lang='grc' dir='ltr'>αἰωνίων.</span> 
     </span>
    </p>
   </div>
   <div class='ocr_carea' id='block_1_99' title="bbox 209 2334 1028 2374">
    <p class='ocr_par' dir='ltr' id='par_1_99' title="bbox 209 2334 1028 2374">
     <span class='ocr_line' id='line_1_99' title="bbox 209 2334 1028 2374; baseline -0.002 -11"><span class='ocrx_word' id='word_1_727' title='bbox 209 2334 353 2372; x_wconf 87' lang='lat' dir='ltr'><strong>ter)antea</strong></span> <span class='ocrx_word' id='word_1_728' title='bbox 366 2334 584 2374; x_wconf 78' lang='lat' dir='ltr'><strong>praeﬁguratum</strong></span> <span class='ocrx_word' id='word_1_729' title='bbox 597 2336 660 2363; x_wconf 88' lang='lat' dir='ltr'><strong>erat</strong></span> <span class='ocrx_word' id='word_1_730' title='bbox 670 2336 738 2363; x_wconf 89' lang='lat' dir='ltr'><strong>ante</strong></span> <span class='ocrx_word' id='word_1_731' title='bbox 756 2336 888 2373; x_wconf 90' lang='lat' dir='ltr'><strong>tempora</strong></span> <span class='ocrx_word' id='word_1_732' title='bbox 904 2336 1028 2362; x_wconf 79' lang='lat' dir='ltr'><strong>aeterna.</strong></span> 
     </span>
    </p>
   </div>
   <div class='ocr_carea' id='block_1_100' title="bbox 246 2380 1028 2421">
    <p class='ocr_par' dir='ltr' id='par_1_100' title="bbox 246 2380 1028 2421">
     <span class='ocr_line' id='line_1_100' title="bbox 246 2380 1028 2421; baseline -0.003 -9"><span class='ocrx_word' id='word_1_733' title='bbox 246 2381 364 2418; x_wconf 64' lang='lat'><strong>1,1044</strong></span> <span class='ocrx_word' id='word_1_734' title='bbox 370 2405 378 2412; x_wconf 90' lang='grc'><strong>.</strong></span> <span class='ocrx_word' id='word_1_735' title='bbox 387 2381 547 2421; x_wconf 77' lang='lat' dir='ltr'><strong>Manifesta</strong></span> <span class='ocrx_word' id='word_1_736' title='bbox 555 2384 596 2411; x_wconf 86' lang='lat' dir='ltr'><strong>est</strong></span> <span class='ocrx_word' id='word_1_737' title='bbox 606 2383 709 2411; x_wconf 82' lang='lat' dir='ltr'><strong>autem</strong></span> <span class='ocrx_word' id='word_1_738' title='bbox 717 2388 798 2410; x_wconf 85' lang='lat' dir='ltr'><strong>nunc</strong></span> <span class='ocrx_word' id='word_1_739' title='bbox 803 2388 858 2419; x_wconf 81' lang='lat' dir='ltr'><strong>per</strong></span> <span class='ocrx_word' id='word_1_740' title='bbox 865 2380 1028 2420; x_wconf 75' lang='lat' dir='ltr'><strong>apparitio-</strong></span> 
     </span>
    </p>
   </div>
   <div class='ocr_carea' id='block_1_101' title="bbox 206 2424 1029 2465">
    <p class='ocr_par' dir='ltr' id='par_1_101' title="bbox 206 2424 1029 2465">
     <span class='ocr_line' id='line_1_101' title="bbox 206 2424 1029 2465; baseline -0.001 -10"><span class='ocrx_word' id='word_1_741' title='bbox 206 2433 277 2456; x_wconf 86' lang='lat' dir='ltr'><strong>nem</strong></span> <span class='ocrx_word' id='word_1_742' title='bbox 283 2424 822 2465; x_wconf 76' lang='lat' dir='ltr'><strong>SaluatorisnostriJesuChristi,qai</strong></span> <span class='ocrx_word' id='word_1_743' title='bbox 829 2428 958 2456; x_wconf 85' lang='lat' dir='ltr'><strong>mortem</strong></span> <span class='ocrx_word' id='word_1_744' title='bbox 964 2424 1029 2464; x_wconf 81' lang='lat' dir='ltr'><strong>qui-</strong></span> 
     </span>
    </p>
   </div>
   <div class='ocr_carea' id='block_1_102' title="bbox 204 2468 1028 2511">
    <p class='ocr_par' dir='ltr' id='par_1_102' title="bbox 204 2468 1028 2511">
     <span class='ocr_line' id='line_1_102' title="bbox 204 2468 1028 2511; baseline 0.001 -12"><span class='ocrx_word' id='word_1_745' title='bbox 204 2469 274 2500; x_wconf 85' lang='lat' dir='ltr'><strong>dem</strong></span> <span class='ocrx_word' id='word_1_746' title='bbox 291 2470 424 2501; x_wconf 75' lang='lat' dir='ltr'><strong>abolevit</strong></span> <span class='ocrx_word' id='word_1_747' title='bbox 435 2494 443 2511; x_wconf 92' lang='lat'><strong>,</strong></span> <span class='ocrx_word' id='word_1_748' title='bbox 456 2471 551 2501; x_wconf 70' lang='lat' dir='ltr'><strong>vitam</strong></span> <span class='ocrx_word' id='word_1_749' title='bbox 565 2473 664 2500; x_wconf 86' lang='lat' dir='ltr'><strong>autem</strong></span> <span class='ocrx_word' id='word_1_750' title='bbox 676 2469 709 2500; x_wconf 78' lang='lat' dir='ltr'><strong>in</strong></span> <span class='ocrx_word' id='word_1_751' title='bbox 722 2468 816 2500; x_wconf 80' lang='lat' dir='ltr'><strong>lucem</strong></span> <span class='ocrx_word' id='word_1_752' title='bbox 827 2469 978 2509; x_wconf 69' lang='lat' dir='ltr'><strong>produxit</strong></span> <span class='ocrx_word' id='word_1_753' title='bbox 992 2477 1028 2500; x_wconf 84' lang='lat' dir='ltr'><strong>ac</strong></span> 
     </span>
    </p>
   </div>
   <div class='ocr_carea' id='block_1_103' title="bbox 203 2514 1027 2556">
    <p class='ocr_par' dir='ltr' id='par_1_103' title="bbox 203 2514 1027 2556">
     <span class='ocr_line' id='line_1_103' title="bbox 203 2514 1027 2556; baseline 0 -12"><span class='ocrx_word' id='word_1_754' title='bbox 203 2515 465 2547; x_wconf 73' lang='lat' dir='ltr'><strong>immortalitatem</strong></span> <span class='ocrx_word' id='word_1_755' title='bbox 477 2523 532 2556; x_wconf 83' lang='lat' dir='ltr'><strong>per</strong></span> <span class='ocrx_word' id='word_1_756' title='bbox 550 2514 767 2554; x_wconf 74' lang='lat' dir='ltr'><strong>Evangeliam,</strong></span> <span class='ocrx_word' id='word_1_757' title='bbox 793 2515 825 2544; x_wconf 77' lang='lat' dir='ltr'><strong>in</strong></span> <span class='ocrx_word' id='word_1_758' title='bbox 845 2514 924 2554; x_wconf 85' lang='lat' dir='ltr'><strong>quod</strong></span> <span class='ocrx_word' id='word_1_759' title='bbox 945 2514 1027 2553; x_wconf 78' lang='lat' dir='ltr'><strong>posi-</strong></span> 
     </span>
    </p>
   </div>
   <div class='ocr_carea' id='block_1_104' title="bbox 203 2557 1026 2600">
    <p class='ocr_par' dir='ltr' id='par_1_104' title="bbox 203 2557 1026 2600">
     <span class='ocr_line' id='line_1_104' title="bbox 203 2557 1026 2600; baseline 0 -11"><span class='ocrx_word' id='word_1_760' title='bbox 203 2561 252 2590; x_wconf 82' lang='lat' dir='ltr'><strong>tus</strong></span> <span class='ocrx_word' id='word_1_761' title='bbox 266 2567 334 2590; x_wconf 87' lang='lat' dir='ltr'><strong>sum</strong></span> <span class='ocrx_word' id='word_1_762' title='bbox 349 2568 403 2600; x_wconf 87' lang='lat' dir='ltr'><strong>ego</strong></span> <span class='ocrx_word' id='word_1_763' title='bbox 416 2568 534 2600; x_wconf 84' lang='lat' dir='ltr'><strong>prcocco</strong></span> <span class='ocrx_word' id='word_1_764' title='bbox 559 2563 587 2590; x_wconf 78' lang='lat' dir='ltr'><strong>et</strong></span> <span class='ocrx_word' id='word_1_765' title='bbox 609 2557 760 2598; x_wconf 74' lang='lat' dir='ltr'><strong>apostolus</strong></span> <span class='ocrx_word' id='word_1_766' title='bbox 781 2567 816 2590; x_wconf 91' lang='lat' dir='ltr'><strong>ac</strong></span> <span class='ocrx_word' id='word_1_767' title='bbox 835 2559 939 2590; x_wconf 83' lang='lat' dir='ltr'><strong>doctor</strong></span> <span class='ocrx_word' id='word_1_768' title='bbox 952 2567 1026 2599; x_wconf 85' lang='lat' dir='ltr'><strong>gen-</strong></span> 
     </span>
    </p>
   </div>
   <div class='ocr_carea' id='block_1_105' title="bbox 206 2603 1026 2644">
    <p class='ocr_par' dir='ltr' id='par_1_105' title="bbox 206 2603 1026 2644">
     <span class='ocr_line' id='line_1_105' title="bbox 206 2603 1026 2644; baseline 0.001 -11"><span class='ocrx_word' id='word_1_769' title='bbox 206 2606 284 2634; x_wconf 79' lang='lat' dir='ltr'><strong>tium</strong></span> <span class='ocrx_word' id='word_1_770' title='bbox 296 2612 307 2634; x_wconf 88' lang='lat'><strong><em>:</em></strong></span> <span class='ocrx_word' id='word_1_771' title='bbox 323 2612 417 2644; x_wconf 88' lang='lat' dir='ltr'><strong>quam</strong></span> <span class='ocrx_word' id='word_1_772' title='bbox 431 2603 467 2635; x_wconf 90' lang='lat' dir='ltr'><strong>ob</strong></span> <span class='ocrx_word' id='word_1_773' title='bbox 481 2612 605 2635; x_wconf 84' lang='lat' dir='ltr'><strong>causam</strong></span> <span class='ocrx_word' id='word_1_774' title='bbox 627 2605 719 2634; x_wconf 77' lang='lat' dir='ltr'><strong>etiam</strong></span> <span class='ocrx_word' id='word_1_775' title='bbox 742 2611 798 2634; x_wconf 80' lang='lat' dir='ltr'><strong>nec</strong></span> <span class='ocrx_word' id='word_1_776' title='bbox 817 2604 931 2644; x_wconf 81' lang='lat' dir='ltr'><strong>patior,</strong></span> <span class='ocrx_word' id='word_1_777' title='bbox 944 2607 1026 2635; x_wconf 83' lang='lat' dir='ltr'><strong>atta-</strong></span> 
     </span>
    </p>
   </div>
   <div class='ocr_carea' id='block_1_106' title="bbox 201 2648 1024 2690">
    <p class='ocr_par' dir='ltr' id='par_1_106' title="bbox 201 2648 1024 2690">
     <span class='ocr_line' id='line_1_106' title="bbox 201 2648 1024 2690; baseline 0.002 -12"><span class='ocrx_word' id='word_1_778' title='bbox 201 2656 269 2679; x_wconf 82' lang='lat' dir='ltr'><strong>men</strong></span> <span class='ocrx_word' id='word_1_779' title='bbox 291 2657 351 2680; x_wconf 89' lang='lat' dir='ltr'><strong>non</strong></span> <span class='ocrx_word' id='word_1_780' title='bbox 379 2648 532 2680; x_wconf 85' lang='lat' dir='ltr'><strong>erubesco.</strong></span> <span class='ocrx_word' id='word_1_781' title='bbox 549 2648 626 2681; x_wconf 77' lang='lat' dir='ltr'><strong>Novi</strong></span> <span class='ocrx_word' id='word_1_782' title='bbox 653 2649 736 2679; x_wconf 77' lang='lat' dir='ltr'><strong>enim</strong></span> <span class='ocrx_word' id='word_1_783' title='bbox 760 2650 811 2679; x_wconf 81' lang='lat' dir='ltr'><strong>cui</strong></span> <span class='ocrx_word' id='word_1_784' title='bbox 833 2648 1024 2690; x_wconf 75' lang='lat' dir='ltr'><strong>crediderim,</strong></span> 
     </span>
    </p>
   </div>
   <div class='ocr_carea' id='block_1_107' title="bbox 203 2692 1025 2734">
    <p class='ocr_par' dir='ltr' id='par_1_107' title="bbox 203 2692 1025 2734">
     <span class='ocr_line' id='line_1_107' title="bbox 203 2692 1025 2734; baseline 0 -10"><span class='ocrx_word' id='word_1_785' title='bbox 203 2697 361 2733; x_wconf 83' lang='lat' dir='ltr'><strong>certusque</strong></span> <span class='ocrx_word' id='word_1_786' title='bbox 373 2702 441 2725; x_wconf 79' lang='lat' dir='ltr'><strong>sum</strong></span> <span class='ocrx_word' id='word_1_787' title='bbox 455 2694 534 2734; x_wconf 76' lang='lat' dir='ltr'><strong>quod</strong></span> <span class='ocrx_word' id='word_1_788' title='bbox 547 2696 650 2734; x_wconf 81' lang='lat' dir='ltr'><strong>potens</strong></span> <span class='ocrx_word' id='word_1_789' title='bbox 673 2693 712 2724; x_wconf 80' lang='lat' dir='ltr'><strong>sit</strong></span> <span class='ocrx_word' id='word_1_790' title='bbox 735 2692 904 2732; x_wconf 82' lang='lat' dir='ltr'><strong>depositum</strong></span> <span class='ocrx_word' id='word_1_791' title='bbox 926 2701 1025 2724; x_wconf 88' lang='lat' dir='ltr'><strong>meum</strong></span> 
     </span>
    </p>
   </div>
   <div class='ocr_carea' id='block_1_108' title="bbox 200 2737 1023 2772">
    <p class='ocr_par' dir='ltr' id='par_1_108' title="bbox 200 2737 1023 2772">
     <span class='ocr_line' id='line_1_108' title="bbox 200 2737 1023 2772; baseline -0.001 -3"><span class='ocrx_word' id='word_1_792' title='bbox 200 2737 351 2770; x_wconf 67' lang='lat' dir='ltr'><strong>custodire</strong></span> <span class='ocrx_word' id='word_1_793' title='bbox 361 2739 395 2770; x_wconf 76' lang='lat' dir='ltr'><strong>tn</strong></span> <span class='ocrx_word' id='word_1_794' title='bbox 404 2738 494 2772; x_wconf 69' lang='lat' dir='ltr'><strong>illum</strong></span> <span class='ocrx_word' id='word_1_795' title='bbox 501 2738 590 2771; x_wconf 77' lang='lat' dir='ltr'><strong>diem.</strong></span> <span class='ocrx_word' id='word_1_796' title='bbox 606 2737 750 2770; x_wconf 83' lang='lat' dir='ltr'><strong>Formam</strong></span> <span class='ocrx_word' id='word_1_797' title='bbox 761 2737 868 2769; x_wconf 85' lang='lat' dir='ltr'><strong>habeto</strong></span> <span class='ocrx_word' id='word_1_798' title='bbox 880 2745 1023 2769; x_wconf 76' lang='lat' dir='ltr'><strong>sanorum</strong></span> 
     </span>
    </p>
   </div>
   <div class='ocr_carea' id='block_1_109' title="bbox 1115 2380 1923 2422">
    <p class='ocr_par' dir='ltr' id='par_1_109' title="bbox 1115 2380 1923 2422">
     <span class='ocr_line' id='line_1_109' title="bbox 1115 2380 1923 2422; baseline 0 -13"><span class='ocrx_word' id='word_1_799' title='bbox 1115 2392 1129 2408; x_wconf 72' lang='grc' dir='ltr'><strong>α</strong></span> <span class='ocrx_word' id='word_1_800' title='bbox 1152 2383 1353 2422; x_wconf 80' lang='grc' dir='ltr'>Φανερωθεῖσαν</span> <span class='ocrx_word' id='word_1_801' title='bbox 1381 2380 1408 2409; x_wconf 79' lang='grc' dir='ltr'><strong>δὲ</strong></span> <span class='ocrx_word' id='word_1_802' title='bbox 1437 2386 1480 2411; x_wconf 89' lang='grc' dir='ltr'><strong>νῦν</strong></span> <span class='ocrx_word' id='word_1_803' title='bbox 1510 2380 1552 2410; x_wconf 80' lang='grc' dir='ltr'><strong>διὰ</strong></span> <span class='ocrx_word' id='word_1_804' title='bbox 1580 2383 1629 2416; x_wconf 78' lang='grc' dir='ltr'>τῆς</span> <span class='ocrx_word' id='word_1_805' title='bbox 1657 2382 1810 2422; x_wconf 78' lang='grc' dir='ltr'>ἐπιφανείας</span> <span class='ocrx_word' id='word_1_806' title='bbox 1852 2384 1892 2409; x_wconf 79' lang='grc' dir='ltr'><strong>τοῦ</strong></span> <span class='ocrx_word' id='word_1_807' title='bbox 1918 2400 1923 2406; x_wconf 75' lang='grc'>‹</span> 
     </span>
    </p>
   </div>
   <div class='ocr_carea' id='block_1_110' title="bbox 1070 2424 1891 2466">
    <p class='ocr_par' dir='ltr' id='par_1_110' title="bbox 1070 2424 1891 2466">
     <span class='ocr_line' id='line_1_110' title="bbox 1070 2424 1891 2466; baseline 0 -13"><span class='ocrx_word' id='word_1_808' title='bbox 1070 2427 1196 2465; x_wconf 77' lang='grc' dir='ltr'>Σωτῆρος</span> <span class='ocrx_word' id='word_1_809' title='bbox 1243 2426 1321 2464; x_wconf 82' lang='grc' dir='ltr'>ἡμῶν</span> <span class='ocrx_word' id='word_1_810' title='bbox 1372 2424 1459 2459; x_wconf 80' lang='grc' dir='ltr'>Ἰησοῦ</span> <span class='ocrx_word' id='word_1_811' title='bbox 1501 2430 1625 2466; x_wconf 76' lang='grc' dir='ltr'>Χριστοῦ,</span> <span class='ocrx_word' id='word_1_812' title='bbox 1678 2427 1891 2466; x_wconf 73' lang='grc' dir='ltr'>καταργήσαντος</span> 
     </span>
    </p>
   </div>
   <div class='ocr_carea' id='block_1_111' title="bbox 1070 2469 1890 2511">
    <p class='ocr_par' dir='ltr' id='par_1_111' title="bbox 1070 2469 1890 2511">
     <span class='ocr_line' id='line_1_111' title="bbox 1070 2469 1890 2511; baseline 0 -13"><span class='ocrx_word' id='word_1_813' title='bbox 1070 2471 1118 2508; x_wconf 79' lang='grc' dir='ltr'>μὲν</span> <span class='ocrx_word' id='word_1_814' title='bbox 1159 2471 1205 2498; x_wconf 78' lang='grc' dir='ltr'><strong>τὸν</strong></span> <span class='ocrx_word' id='word_1_815' title='bbox 1259 2470 1380 2507; x_wconf 75' lang='grc' dir='ltr'>θάνατον,</span> <span class='ocrx_word' id='word_1_816' title='bbox 1438 2471 1600 2511; x_wconf 74' lang='grc' dir='ltr'>φωτίσαντος</span> <span class='ocrx_word' id='word_1_817' title='bbox 1655 2469 1682 2499; x_wconf 74' lang='grc' dir='ltr'><strong>δὲ</strong></span> <span class='ocrx_word' id='word_1_818' title='bbox 1739 2474 1812 2507; x_wconf 77' lang='grc' dir='ltr'>ζωὴν</span> <span class='ocrx_word' id='word_1_819' title='bbox 1852 2470 1890 2498; x_wconf 76' lang='grc' dir='ltr'><strong>καὶ</strong></span> 
     </span>
    </p>
   </div>
   <div class='ocr_carea' id='block_1_112' title="bbox 1069 2514 1888 2556">
    <p class='ocr_par' dir='ltr' id='par_1_112' title="bbox 1069 2514 1888 2556">
     <span class='ocr_line' id='line_1_112' title="bbox 1069 2514 1888 2556; baseline -0.001 -13"><span class='ocrx_word' id='word_1_820' title='bbox 1069 2515 1210 2556; x_wconf 67' lang='grc' dir='ltr'>ἀφθαρσίαν</span> <span class='ocrx_word' id='word_1_821' title='bbox 1253 2514 1294 2544; x_wconf 80' lang='grc' dir='ltr'><strong>διὰ</strong></span> <span class='ocrx_word' id='word_1_822' title='bbox 1343 2518 1389 2543; x_wconf 90' lang='grc' dir='ltr'><strong>τοῦ</strong></span> <span class='ocrx_word' id='word_1_823' title='bbox 1442 2515 1612 2556; x_wconf 74' lang='grc' dir='ltr'>Εὖαγγελίου,</span> <span class='ocrx_word' id='word_1_824' title='bbox 1664 2516 1700 2548; x_wconf 79' lang='grc' dir='ltr'>εἷς</span> <span class='ocrx_word' id='word_1_825' title='bbox 1742 2516 1757 2543; x_wconf 83' lang='grc' dir='ltr'><strong>ὃ</strong></span> <span class='ocrx_word' id='word_1_826' title='bbox 1801 2515 1888 2548; x_wconf 78' lang='grc' dir='ltr'>ἐτέθην</span> 
     </span>
    </p>
   </div>
   <div class='ocr_carea' id='block_1_113' title="bbox 1069 2553 1923 2600">
    <p class='ocr_par' dir='ltr' id='par_1_113' title="bbox 1069 2553 1923 2600">
     <span class='ocr_line' id='line_1_113' title="bbox 1069 2553 1923 2600; baseline 0 -13"><span class='ocrx_word' id='word_1_827' title='bbox 1069 2553 1123 2600; x_wconf 76' lang='grc' dir='ltr'>ἐγὼ</span> <span class='ocrx_word' id='word_1_828' title='bbox 1139 2553 1143 2554; x_wconf 20' lang='grc' dir='ltr'><em>ν</em></span> <span class='ocrx_word' id='word_1_829' title='bbox 1159 2559 1240 2600; x_wconf 78' lang='grc' dir='ltr'>κήρυξ</span> <span class='ocrx_word' id='word_1_830' title='bbox 1273 2560 1316 2588; x_wconf 76' lang='grc' dir='ltr'>καὶ</span> <span class='ocrx_word' id='word_1_831' title='bbox 1350 2553 1506 2592; x_wconf 34' lang='grc' dir='ltr'>ἀπόστολος.</span> <span class='ocrx_word' id='word_1_832' title='bbox 1519 2553 1571 2589; x_wconf 61' lang='grc' dir='ltr'>καὶ</span> <span class='ocrx_word' id='word_1_833' title='bbox 1599 2553 1757 2593; x_wconf 58' lang='grc' dir='ltr'>διδάσκαλος</span> <span class='ocrx_word' id='word_1_834' title='bbox 1799 2561 1886 2596; x_wconf 75' lang='grc' dir='ltr'>ἐθνῶν,</span> 
     </span>
    </p>
   </div>
   <div class='ocr_carea' id='block_1_114' title="bbox 1068 2602 1887 2645">
    <p class='ocr_par' dir='ltr' id='par_1_114' title="bbox 1068 2602 1887 2645">
     <span class='ocr_line' id='line_1_114' title="bbox 1068 2602 1887 2645; baseline 0.001 -14"><span class='ocrx_word' id='word_1_835' title='bbox 1068 2602 1101 2631; x_wconf 82' lang='grc' dir='ltr'>δι’</span> <span class='ocrx_word' id='word_1_836' title='bbox 1136 2604 1168 2638; x_wconf 72' lang='grc' dir='ltr'><strong>ἢν</strong></span> <span class='ocrx_word' id='word_1_837' title='bbox 1197 2604 1280 2633; x_wconf 80' lang='grc' dir='ltr'>αἰτίαν</span> <span class='ocrx_word' id='word_1_838' title='bbox 1309 2604 1353 2632; x_wconf 84' lang='grc' dir='ltr'>καὶ</span> <span class='ocrx_word' id='word_1_839' title='bbox 1386 2609 1468 2633; x_wconf 85' lang='grc' dir='ltr'>ταῦτα</span> <span class='ocrx_word' id='word_1_840' title='bbox 1496 2605 1608 2645; x_wconf 74' lang='grc' dir='ltr'>πάσχω,</span> <span class='ocrx_word' id='word_1_841' title='bbox 1639 2604 1699 2634; x_wconf 83' lang='grc' dir='ltr'>ἀλλ’</span> <span class='ocrx_word' id='word_1_842' title='bbox 1735 2606 1782 2634; x_wconf 73' lang='grc' dir='ltr'><strong>οὒκ</strong></span> <span class='ocrx_word' id='word_1_843' title='bbox 1812 2605 1887 2634; x_wconf 77' lang='grc' dir='ltr'>ἐπαι-</span> 
     </span>
    </p>
   </div>
   <div class='ocr_carea' id='block_1_115' title="bbox 1067 2648 1923 2688">
    <p class='ocr_par' dir='ltr' id='par_1_115' title="bbox 1067 2648 1923 2688">
     <span class='ocr_line' id='line_1_115' title="bbox 1067 2648 1923 2688; baseline 0.001 -12"><span class='ocrx_word' id='word_1_844' title='bbox 1067 2648 1211 2688; x_wconf 82' lang='grc' dir='ltr'>σχύνομαι.</span> <span class='ocrx_word' id='word_1_845' title='bbox 1254 2648 1322 2677; x_wconf 79' lang='grc' dir='ltr'>Οἶδα</span> <span class='ocrx_word' id='word_1_846' title='bbox 1363 2649 1413 2688; x_wconf 79' lang='grc' dir='ltr'><strong>γὰρ</strong></span> <span class='ocrx_word' id='word_1_847' title='bbox 1454 2651 1476 2686; x_wconf 87' lang='grc' dir='ltr'>ᾦ</span> <span class='ocrx_word' id='word_1_848' title='bbox 1517 2650 1688 2687; x_wconf 82' lang='grc' dir='ltr'>πεπίστευκα,</span> <span class='ocrx_word' id='word_1_849' title='bbox 1724 2651 1768 2678; x_wconf 80' lang='grc' dir='ltr'><strong>καὶ</strong></span> <span class='ocrx_word' id='word_1_850' title='bbox 1793 2649 1887 2678; x_wconf 83' lang='grc' dir='ltr'>πέπει-</span> <span class='ocrx_word' id='word_1_851' title='bbox 1922 2653 1923 2660; x_wconf 84' lang='lat'>‘</span> 
     </span>
    </p>
   </div>
   <div class='ocr_carea' id='block_1_116' title="bbox 1068 2692 1923 2734">
    <p class='ocr_par' dir='ltr' id='par_1_116' title="bbox 1068 2692 1923 2734">
     <span class='ocr_line' id='line_1_116' title="bbox 1068 2692 1923 2734; baseline 0 -13"><span class='ocrx_word' id='word_1_852' title='bbox 1068 2705 1146 2732; x_wconf 81' lang='grc' dir='ltr'>σμαι,</span> <span class='ocrx_word' id='word_1_853' title='bbox 1189 2693 1229 2722; x_wconf 76' lang='grc' dir='ltr'><strong>ὅτι</strong></span> <span class='ocrx_word' id='word_1_854' title='bbox 1271 2692 1378 2726; x_wconf 83' lang='grc' dir='ltr'>δυνατός</span> <span class='ocrx_word' id='word_1_855' title='bbox 1434 2694 1489 2723; x_wconf 77' lang='grc' dir='ltr'>ἐστι</span> <span class='ocrx_word' id='word_1_856' title='bbox 1542 2695 1591 2728; x_wconf 77' lang='grc' dir='ltr'><strong>τὴν</strong></span> <span class='ocrx_word' id='word_1_857' title='bbox 1642 2695 1799 2734; x_wconf 76' lang='grc' dir='ltr'>παραθήκην</span> <span class='ocrx_word' id='word_1_858' title='bbox 1840 2704 1887 2732; x_wconf 87' lang='grc' dir='ltr'><strong>μου</strong></span> <span class='ocrx_word' id='word_1_859' title='bbox 1921 2693 1923 2704; x_wconf 78' lang='grc'><em>⁴</em></span> 
     </span>
    </p>
   </div>
   <div class='ocr_carea' id='block_1_117' title="bbox 1069 2735 1923 2780">
    <p class='ocr_par' dir='ltr' id='par_1_117' title="bbox 1069 2735 1923 2780">
     <span class='ocr_line' id='line_1_117' title="bbox 1069 2735 1923 2780; baseline 0.004 -15"><span class='ocrx_word' id='word_1_860' title='bbox 1069 2737 1178 2778; x_wconf 78' lang='grc' dir='ltr'>φυλάξαι</span> <span class='ocrx_word' id='word_1_861' title='bbox 1221 2739 1256 2770; x_wconf 76' lang='grc' dir='ltr'><strong>εἷς</strong></span> <span class='ocrx_word' id='word_1_862' title='bbox 1304 2739 1407 2773; x_wconf 75' lang='grc' dir='ltr'>ἐκείνην</span> <span class='ocrx_word' id='word_1_863' title='bbox 1454 2740 1504 2774; x_wconf 69' lang='grc' dir='ltr'>τὴν</span> <span class='ocrx_word' id='word_1_864' title='bbox 1549 2739 1662 2780; x_wconf 82' lang='grc' dir='ltr'>ἡμέραν,</span> <span class='ocrx_word' id='word_1_865' title='bbox 1708 2735 1888 2768; x_wconf 65' lang='grc' dir='ltr'>Ὑποτύπωσιν</span> <span class='ocrx_word' id='word_1_866' title='bbox 1922 2747 1923 2753; x_wconf 87' lang='lat'>‘</span> 
     </span>
    </p>
   </div>
   <div class='ocr_carea' id='block_1_118' title="bbox 1918 1762 1929 2298">
    <p class='ocr_par' dir='ltr' id='par_1_118' title="bbox 1921 1762 1923 2298">
     <span class='ocr_line' id='line_1_118' title="bbox 1922 1762 1923 1793; baseline 0 0"><span class='ocrx_word' id='word_1_867' title='bbox 1922 1762 1923 1793; x_wconf 61' lang='grc' dir='ltr'><strong>ί</strong></span> 
     </span>
     <span class='ocr_line' id='line_1_119' title="bbox 1921 1840 1923 1867; baseline 0 0"><span class='ocrx_word' id='word_1_868' title='bbox 1921 1840 1923 1867; x_wconf 55' lang='grc' dir='ltr'><em>Α</em></span> 
     </span>
     <span class='ocr_line' id='line_1_120' title="bbox 1921 1892 1923 1944; baseline 0 0"><span class='ocrx_word' id='word_1_869' title='bbox 1921 1892 1923 1944; x_wconf 75' lang='lat' dir='ltr'><strong>l</strong></span> 
     </span>
     <span class='ocr_line' id='line_1_121' title="bbox 1921 1967 1923 2011; baseline 0 0"><span class='ocrx_word' id='word_1_870' title='bbox 1921 1967 1923 2011; x_wconf 63' lang='grc' dir='ltr'><strong>ί</strong></span> 
     </span>
     <span class='ocr_line' id='line_1_122' title="bbox 1922 2037 1923 2087; baseline 0 0"><span class='ocrx_word' id='word_1_871' title='bbox 1922 2037 1923 2087; x_wconf 67' lang='lat' dir='ltr'><strong>l</strong></span> 
     </span>
     <span class='ocr_line' id='line_1_123' title="bbox 1922 2126 1923 2162; baseline 0 0"><span class='ocrx_word' id='word_1_872' title='bbox 1922 2126 1923 2162; x_wconf 60' lang='grc' dir='ltr'><strong>ί</strong></span> 
     </span>
     <span class='ocr_line' id='line_1_124' title="bbox 1921 2192 1923 2241; baseline 0 0"><span class='ocrx_word' id='word_1_873' title='bbox 1921 2192 1923 2241; x_wconf 72' lang='lat' dir='ltr'><strong>l</strong></span> 
     </span>
     <span class='ocr_line' id='line_1_125' title="bbox 1922 2270 1923 2298; baseline 0 0"><span class='ocrx_word' id='word_1_874' title='bbox 1922 2270 1923 2298; x_wconf 60' lang='grc' dir='ltr'><strong>ι</strong></span> 
     </span>
    </p>
   </div>
  </div>
