1942 3078
203 138 263 174 207

203 253 251 285 De
265 255 458 288 convenienti
475 208 644 286 τναὲίῖξοῗιξ
650 209 826 286 dliluinorum
836 254 1023 294 dogmatum.

243 342 266 381 Ι,
281 344 385 375 15-15.
412 343 498 374 Νοετί
511 343 565 374 hoc
578 343 657 382 quod
673 342 828 374 adversati
843 352 890 374 me
910 343 1026 382 fuerint

203 395 305 419 omnes
316 388 370 427 qui
384 390 454 419 sunt
468 388 502 418 in
516 387 605 425 Asia,
631 395 761 426 quorum
775 391 817 418 est
832 387 977 428 Prygelus
997 390 1025 418 et

204 431 415 472 Hermogenes.
436 432 490 462 Det
512 431 580 461 261
606 432 845 463 misericordiam
874 431 1025 462 Dominus

204 475 382 516 Onesiphori
390 475 678 516 familiw,quoniam
688 479 798 516 swpius
809 485 856 507 me
870 475 1023 515 refocitla-

759 142 964 175 (EGUMENII
987 138 1135 172 TRICGIE
1154 139 1321 172 EPISCOPI

1828 136 1881 168 208

1384 210 1509 237 ΚΕΦΑΛ.
1535 202 1576 236 B'.

1069 265 1080 282 ι
1100 255 1160 294 Περὶ
1174 254 1221 289 τῆς
1248 254 1412 294 ἁρμοζούσης
1435 252 1601 291 μεταδόσεως
1623 255 1675 282 τῶν
1697 254 1774 281 θείων
1791 253 1883 292 δογμά-

1427 305 1492 325 των,
1509 305 1521 321 η

1109 353 1121 369 «
1155 341 1237 374 Οἶδας
1259 344 1335 371 τοῦτο
1363 341 1402 370 ὅτι
1438 341 1644 382 ἀπεστράφησάν
1681 352 1719 382 με
1743 341 1839 372 πάντες
1863 342 1885 368 οἱ

1066 386 1093 414 ὲν
1133 389 1168 424 τῇ
1202 386 1276 423 Ἀσίᾳ
1310 388 1347 414 ὧν
1387 387 1443 416 ἐστι
1472 381 1605 426 Φρύγελος
1640 386 1684 414 καὶ
1713 381 1884 424 ιΕρμογένης.

1067 431 1130 468 Δῴη
1161 430 1236 463 ἕλεος
1277 432 1291 460 ὁ
1326 431 1419 471 Κύριος
1454 434 1492 469 τῷ
1521 429 1696 470 Ὀνησιφόρου
1730 430 1809 470 οἴκῳ,
1847 429 1886 457 ὅτι

1064 475 1193 508 πολλάκις
1221 486 1254 514 με
1281 475 1397 513 ἐνέψυξε,
1434 477 1478 505 καὶ
1515 476 1564 509 τὴν
1612 474 1702 503 ἅλυσίν
1745 486 1795 512 μου
1843 476 1888 504 οὐκ

1802 530 1868 548 σπου
1872 535 1886 541 -

203 520 258 557 vit,
274 515 301 551 et
315 520 351 551 de
369 523 474 552 eatena
489 515 559 552 mea
578 529 639 552 non
654 515 789 559 erubuit,
802 521 854 552 sed
868 529 934 552 cum
948 524 1024 552 esset

1109 521 1231 560 ισχύνθη,
1276 520 1344 548 ἀλλὰ
1385 521 1526 560 γενόμενος
1582 520 1608 549 ἐν
1652 515 1756 560 Ῥώμῃ,

202 563 316 601 Roma,
333 564 487 596 studiosus
499 565 640 605 quaesivit
653 573 711 600 me.
725 569 752 596 et
782 567 909 596 invenit.
927 566 982 596 Det
997 567 1026 596 ei

1109 565 1198 605 ότερον
1239 565 1351 601 ἐζήτησέ
1392 576 1426 604 με
1467 566 1510 595 καὶ
1553 566 1622 605 εὗρε,
1668 565 1731 602 Δῴη
1773 565 1844 602 αὑτῷ
1873 565 1886 592 ὁ

202 607 358 646 Dominus,
370 612 404 640 ut
417 609 556 640 inveniat
568 609 812 640 misericordiam
824 609 911 650 apud
925 609 1026 640 Domi-

1109 621 1159 648 ριος
1195 610 1280 648 εὑρεῖν
1316 609 1388 642 ἕλεος
1423 610 1494 650 παρὰ
1536 610 1628 649 Κυρίου
1670 610 1697 638 ἐν
1733 609 1818 648 ἐκείνῃ
1854 612 1888 646 τῇ

203 660 276 684 num
290 653 325 684 in
338 653 388 684 die
398 652 508 684 illo.Et
521 656 555 684 in
569 661 660 693 quam
674 653 776 685 multis
791 653 904 694 Ephesi
919 654 1013 685 minis

1109 654 1163 693 έρᾳ,
1198 655 1243 682 καί
1274 654 1322 683 ὅσα
1358 655 1384 682 ἐν
1416 653 1520 694 Ἐφέσῷ
1548 654 1703 695 διηκόνησε,
1733 654 1836 693 βέλτιον
1859 653 1889 682 σὺ

203 697 333 728 travert't
347 700 380 729 tu
391 697 500 729 melius
512 699 605 730 nosti.

1111 698 1217 731 ώσκεις,
1237 711 1251 726 ι

245 741 430 773 Afflictiones
445 746 732 784 commemorat,non
746 746 777 773 ut
789 742 967 783 discipulum
982 752 1026 774 re-

1109 742 1259 782 ⁷Εξηγεῐται
1293 743 1354 775 τοὺς
1389 744 1562 784 πειρασμοὺς,
1595 744 1646 784 οὺχ
1670 743 1716 772 ’ἕνα
1752 742 1890 780 καταϐάλῃ

204 785 438 826 prehendat,sed
449 791 481 817 ut
491 787 596 819 doceat
608 787 644 818 ad
656 787 764 818 similia
775 787 891 818 fortiter
900 787 1026 818 toleran-

1109 789 1270 827 ’μαθητὴν²
1314 788 1374 817 ἀλλ’
1408 789 1454 817 ἵνα
1493 787 1582 827 διδάξῃ
1619 789 1662 817 ἐπὶ
1696 795 1755 822 τοῖς
1790 789 1889 826 ὁμοίοις

204 831 363 863 dum.Nam
380 841 448 863 cum
463 841 480 862 a
493 831 611 862 Nerone
626 832 862 872 comprehensus
870 836 958 872 esset,
970 832 1025 863 de-

1109 835 1200 872 γτερῶς
1241 833 1338 873 φέρειν,
1387 832 1573 873 Συλληφθὲντα
1621 833 1671 872 γὰρ
1706 834 1784 861 αὑτὸν
1810 833 1889 874 irrupit
1925 828 1927 835 ⁴

204 876 388 918 reliquerunt
399 885 466 907 eum
474 876 563 907 amici
574 875 625 917 qui
635 880 720 908 erant
729 876 758 906 in
767 876 935 907 Asia.Multi
947 877 1026 908 enim

1109 889 1200 918 ρωνος,
1217 881 1240 908 οἱ
1263 878 1332 919 φίλοι
1361 879 1502 908 κατέλιπον
1530 881 1553 908 οἳ
1582 879 1609 907 ἒν
1637 882 1672 917 τῇ
1694 879 1781 915 Ἀσίᾳ.
1807 873 1891 907 Ἠσαν

203 920 305 953 Romae
317 924 400 953 erant
412 921 463 962 qui
478 921 515 952 ab
528 921 600 952 Asia
620 920 713 951 secuti
733 924 818 952 erant
839 920 962 951 Paulum
978 925 1026 952 aut

1109 934 1118 951 3
1139 923 1166 951 ἐν
1189 919 1280 961 Ῥώμῃ
1306 923 1401 952 πολλοὶ
1431 923 1460 951 ἐκ
1493 926 1543 956 τῆς
1570 922 1661 956 Ἀσίας
1697 923 1821 962 ἑπόμενοι
1853 927 1891 960 τῷ

203 966 262 997 alio
278 966 366 996 modo
386 965 555 1002 credentes;
576 974 682 996 omnes
705 969 803 996 autem
823 964 1026 997 subduxerunt

1110 966 1176 1004 ύλῳ,
1206 967 1224 1001 ἢ
1253 967 1340 1000 ἄλλως
1376 968 1476 998 πιστοί.
1509 968 1609 1000 Πάντες
1643 967 1671 996 δὲ
1699 968 1891 1008 ἂπεσχοίνισαν

204 1019 272 1042 sese
283 1014 438 1051 postquam
453 1013 498 1040 est
508 1018 525 1040 a
535 1010 655 1041 Nerone
667 1009 914 1050 comprehensus.
940 1022 954 1038 α
971 1009 1026 1046 Qui

1109 1012 1175 1043 ποὺς
1190 1011 1257 1049 μετὰ
1272 1012 1321 1045 τὴν
1344 1012 1395 1040 ὑπὸ
1420 1012 1537 1051 Νέρωνος
1565 1011 1707 1050 σύλληψιν.
1735 1024 1748 1040 α
1772 1014 1803 1041 Οἱ
1817 1013 1845 1040 ἐν

204 1059 272 1086 sunt
286 1055 317 1085 in
330 1054 400 1085 Asia
415 1064 421 1084 :
440 1066 454 1082 ι
472 1054 529 1084 hoc
543 1057 600 1091 est,
615 1063 650 1084 ex
665 1053 745 1086 Asia.
761 1066 774 1081 α
789 1053 845 1084 Det
856 1054 1024 1085 misericor-

1109 1056 1152 1092 τίᾳ.
1171 1067 1185 1084 ι
1202 1054 1354 1092 Τουτέστιν,
1380 1057 1404 1084 οἱ
1432 1056 1463 1083 ἐκ
1490 1059 1538 1089 τῆς
1561 1055 1662 1089 Ἄσίας.
1694 1067 1706 1084 ι
1733 1057 1795 1094 Δῴη
1818 1056 1891 1089 ἕλεος

203 1099 282 1130 diam
298 1098 454 1131 Dominus.
473 1109 486 1124 υ
502 1098 711 1129 Animadverte
726 1098 789 1138 ejus
802 1098 941 1130 studium.
959 1098 1024 1129 Non

1110 1100 1213 1139 Κύριος,
1244 1111 1259 1128 ι
1299 1095 1370 1139 ιὈραι
1399 1099 1565 1140 φιλοσοφίαν.
1605 1102 1670 1133 Τοὺς
1706 1102 1754 1139 μὲν
1782 1102 1891 1130 καταλι-

204 1147 375 1174 exsecratur
389 1152 439 1174 eos
458 1142 509 1183 qui
532 1142 726 1183 reliquerant.
743 1142 796 1174 sed
812 1143 909 1174 solum
925 1146 1025 1173 narrat

1109 1155 1176 1181 ιτας,
1192 1144 1222 1173 οὗ
1241 1145 1419 1184 κατηράσατο,
1442 1144 1511 1173 ἀλλὰ
1539 1145 1619 1182 μόνον
1647 1146 1680 1174 τὰ
1706 1145 1767 1175 κατ’
1795 1148 1888 1178 αὐτοὺς

203 1197 270 1229 qua
281 1187 318 1219 ab
333 1187 405 1228 ipsis
420 1187 530 1218 ﬁebant
542 1198 548 1219 :
559 1187 587 1218 ei
597 1197 666 1218 vero
678 1187 729 1228 qui
749 1195 835 1227 opem
850 1187 916 1218 tulit
931 1188 1023 1218 multa

1111 1189 1213 1228 γήσατο
1231 1197 1238 1204 ·
1275 1192 1314 1226 τῷ
1342 1188 1369 1217 δὲ
1404 1189 1582 1229 σομπράξαντι
1612 1190 1700 1220 πολλὰ
1735 1191 1887 1230 ἐπεύχεται,

204 1231 283 1264 bona
293 1235 441 1272 precatur,
464 1241 520 1263 nec
535 1232 590 1263 soli
603 1232 729 1272 ipsi,sed
742 1236 771 1262 et
785 1232 905 1262 familia
919 1231 1023 1272 ipsius:

1109 1256 1110 1261 η
1124 1234 1172 1262 οὒκ
1187 1235 1258 1272 αύτῷ
1273 1235 1356 1272 μόνῳ,
1381 1233 1449 1264 ἀλλὰ
1464 1235 1507 1263 καὶ
1521 1238 1560 1272 τῷ
1584 1234 1653 1272 οἴκῳ
1680 1237 1770 1267 αὐτοῦ.
1801 1235 1890 1267 Οὕτως

203 1277 277 1308 adeo
293 1276 377 1317 probi
401 1280 496 1314 erant,
515 1280 543 1307 et
562 1276 602 1307 ita
617 1275 822 1316 Onesiphorus
840 1284 892 1307 eos
914 1276 1024 1307 instru-

1109 1289 1134 1307 ιν
1149 1278 1276 1319 ὲνάρετοι,
1301 1279 1345 1307 καὶ
1367 1279 1450 1311 οὕτως
1478 1279 1571 1312 αὐτοὺς
1601 1280 1774 1320 Ὀνησιφόρος
1811 1281 1889 1308 ἐπαί-

203 1325 295 1353 xerat.
316 1320 521 1361 «Onesiphori
545 1320 674 1351 familiae.
695 1331 706 1348 ι
725 1320 748 1352 Ο
764 1320 832 1351 felix
856 1320 1026 1360 Onesipho-

1109 1334 1167 1355 cev.
1198 1333 1213 1353 (
1241 1326 1285 1361 Τῷ
1318 1322 1491 1364 Ὀνησιφόρου
1533 1324 1613 1360 οἴκῳ,
1656 1335 1668 1352 ι
1709 1320 1740 1352 Ὠ
1779 1326 1890 1365 μακάριε

203 1367 256 1396 re!
284 1365 334 1407 qui
360 1365 468 1405 dignus
495 1365 614 1396 habitus
641 1374 673 1396 es
696 1369 728 1395 ut
752 1364 874 1396 Paulum
904 1365 1025 1396 refocil-

1109 1367 1244 1408 ιησιφόρεέ
1281 1368 1309 1401 ὃς
1330 1368 1443 1402 ήξιώθης
1464 1367 1587 1401 ἆναλῦξαι
1617 1369 1731 1406 Παῦλον,
1761 1368 1809 1403 εἴη
1824 1370 1891 1407 ἡμῖν

204 1410 292 1448 lares,
309 1411 347 1441 sit
357 1409 443 1441 nobis
468 1414 497 1442 et
519 1419 587 1451 pars
611 1414 719 1441 tecum.
740 1422 753 1437 α
769 1409 884 1450 εωρίυε
906 1418 953 1440 me
973 1419 1025 1440 re-

1109 1413 1140 1444 >ὶς
1156 1413 1222 1450 μετὰ
1237 1416 1294 1441 σοῦ·
1322 1424 1335 1440 ι
1353 1412 1484 1445 Πολλάκις
1513 1423 1546 1450 με
1576 1413 1697 1451 ἆνέψυξε.
1723 1425 1737 1441 α
1770 1414 1891 1451 Καθάπερ

204 1455 484 1486 focillavit.nVetut
505 1455 648 1486 athletam
673 1454 802 1494 aliquem
829 1455 967 1494 squalore
993 1463 1026 1485 ac

1109 1457 1186 1492 ίητήν
1214 1468 1271 1485 τινα
1305 1458 1355 1485 ὑπὸ
1384 1461 1431 1486 τοῦ
1466 1457 1572 1498 αὐχμοῦ
1599 1460 1648 1492 τῆς
1689 1458 1778 1491 πάλης
1808 1470 1889 1487 κατε-

205 1499 374 1540 fatigatione
393 1509 410 1530 a
421 1500 498 1531 lucta
513 1503 700 1540 occupatum.
721 1511 735 1526 «
746 1498 782 1529 Et
797 1499 834 1530 de
850 1502 954 1530 catena
962 1508 1026 1530 mea

1109 1503 1264 1539 μενον.ἶῐίαὶ
1278 1502 1327 1536 τὴν
1349 1501 1438 1530 ἅλυσίν
1467 1494 1527 1540 pou
1543 1503 1590 1531 οὐκ
1624 1502 1794 1542 ἐπῃσχύνθη.
1825 1503 1889 1534 Τοὺς

204 1553 263 1575 non
279 1544 408 1576 erubuit.
429 1556 440 1574 υ
456 1543 580 1575 Relictis
600 1543 739 1584 periculis
764 1543 906 1583 pudorem
931 1543 1026 1574 solum

204 1588 366 1629 proposuit,
381 1588 509 1620 suadens
524 1588 703 1628 discipulum
728 1587 805 1618 bono
827 1596 893 1619 esse
913 1587 1024 1625 animo,

203 1633 294 1663 veluti
309 1633 391 1664 solus
405 1634 500 1674 pudor
510 1642 544 1664 ex
554 1642 589 1664 ea
600 1632 847 1673 procederet,nec
862 1632 1027 1672 periculum

204 1677 370 1715 accederet,
398 1687 465 1709 cum
491 1681 589 1708 tamen
611 1677 730 1708 adesset
744 1677 832 1707 etiam
849 1677 1024 1717 periculum.

204 1721 282 1752 Nero
303 1722 383 1753 enim
409 1721 525 1753 insania
540 1721 706 1762 agitabatur
726 1721 867 1753 adversus
888 1722 1024 1759 Paulum,

205 1765 284 1806 quod
301 1766 461 1807 quemdam
476 1776 493 1797 e
507 1766 682 1797 domesticis
696 1766 758 1797 suis
782 1766 812 1796 in
838 1765 896 1797 ﬁde
911 1766 1025 1797 instru-

202 1810 305 1843 xisset.
324 1822 335 1838 ι
348 1810 514 1842 Studiosius
528 1811 661 1851 quaesivit
676 1820 733 1842 me.
754 1823 765 1840 ι
780 1810 843 1841 Non
860 1810 966 1848 solum,
982 1810 1027 1841 in-

204 1855 277 1895 quit,
307 1865 368 1886 non
395 1856 470 1895 fugit
497 1865 594 1886 meam
623 1855 809 1891 societatem,
826 1864 892 1886 cum
924 1859 1024 1886 tamen

203 1899 291 1931 etiam
307 1900 472 1940 periculum
485 1904 563 1931 esset
578 1909 696 1931 mecum
711 1900 884 1931 conversari
901 1899 953 1931 ubi
972 1908 1024 1930 re-

203 1944 303 1975 clusus
314 1954 409 1976 essem
424 1953 430 1976 :
444 1953 545 1976 verum
575 1944 663 1975 etiam
687 1944 851 1976 studiosius
866 1953 952 1984 quam
969 1944 1024 1974 de-

203 1988 267 2020 buit
281 1989 416 2030 quaesivit
429 1998 477 2021 me
492 1990 587 2020 donec
602 1989 767 2020 invenisset
781 1998 840 2020 me.
854 1989 910 2025 Qui
923 1993 1024 2020 autem

203 2035 362 2074 participes
395 2043 462 2064 cum
485 2034 598 2065 sanctis
621 2033 749 2065 erantin
766 2033 915 2064 laboribus
936 2037 1025 2064 erunt

202 2088 321 2119 quoque
336 2079 496 2119 participes
510 2078 540 2109 in
556 2078 688 2115 coronis,
712 2078 787 2109 sicut
812 2078 878 2118 ipse
903 2078 1021 2110 diciH:

205 2134 216 2151 ι
246 2123 338 2155 Recte
366 2123 463 2154 fecisti
490 2123 568 2163 quod
601 2123 844 2154 communicastis
873 2122 1025 2154 afﬂictioni

1069 1545 1200 1578 κινδύνους
1235 1546 1321 1587 ἀφεὶς,
1363 1547 1413 1581 τὴν
1457 1547 1586 1587 αἷσχύνην
1621 1546 1757 1586 προέταξε,
1797 1549 1892 1576 πεέθων

1067 1591 1114 1618 τὸν
1127 1591 1247 1628 μαθητὴν
1262 1590 1376 1630 θαρρεῖν.
1409 1592 1446 1623 ὡς
1474 1591 1604 1631 αἰσχύνης
1631 1592 1715 1630 μόνης
1730 1592 1891 1630 τικτομένη(

1068 1634 1098 1664 ἐκ
1111 1639 1157 1664 τοῦ
1171 1635 1338 1676 πράγματος,
1362 1637 1405 1664 καὶ
1426 1635 1455 1665 οὗ
1483 1635 1600 1665 κινδύνου
1620 1636 1766 1676 προσόντος
1781 1646 1789 1655 ·
1806 1638 1892 1666 καίτοι

1068 1690 1098 1718 γε
1113 1680 1156 1708 καὶ
1171 1679 1287 1713 κίνδυνος
1302 1683 1415 1720 προσῆν,
1440 1676 1469 1709 10
1492 1681 1541 1719 γὰρ
1566 1681 1655 1721 Νέρων
1672 1681 1794 1718 ἐμαίνετο
1823 1682 1891 1710 κατὰ

1067 1724 1171 1753 Παύλου
1205 1726 1242 1757 ὡς
1282 1725 1489 1765 κατηχήσαντός
1511 1736 1570 1754 τινα
1595 1727 1649 1754 τῶν
1669 1727 1773 1754 οἰκείων
1808 1728 1891 1764 αὐτῷ.

1069 1780 1084 1797 ι
1121 1769 1328 1810 Σπουδαιότερον
1357 1770 1469 1806 ἐζήτησε
1498 1781 1542 1808 με,
1569 1780 1580 1798 ι
1614 1771 1650 1799 Οΰ
1674 1771 1766 1811 μόνον,
1797 1772 1888 1811 φησὶν,

1066 1815 1114 1843 οὐκ
1160 1812 1239 1854 ἔφογέ
1279 1826 1330 1852 μου
1371 1815 1421 1848 τὴν
1463 1814 1616 1854 συντυχίαν,
1654 1815 1738 1843 καίτοι
1772 1815 1893 1845 κινδύνου

1065 1858 1139 1891 ὄντος
1153 1859 1198 1887 καὶ
1212 1859 1402 1899 συντυγχάνειν
1430 1861 1501 1897 αὐτῷ
1530 1859 1597 1888 μετᾶ
1626 1859 1657 1887 τὸ
1692 1859 1891 1900 ἐγκλεισθῆναι,

1065 1902 1132 1942 ἄλλο
1159 1904 1203 1931 καὶ
1237 1902 1438 1944 σπουδαιότερον
1460 1907 1506 1932 τοῦ
1534 1903 1685 1944 ὀφείλοντος
1714 1903 1830 1939 ἐζήτησέ
1860 1915 1892 1943 με

1064 1947 1115 1980 ἕως
1145 1947 1202 1987 εὗρέ
1228 1958 1271 1985 με.
1303 1949 1333 1976 Οἱ
1361 1952 1549 1980 κοινωνοῦντες
1577 1947 1605 1976 δὲ
1632 1949 1685 1977 τῶν
1714 1948 1802 1977 πόνων
1833 1956 1892 1981 τοῖς
1926 1979 1927 1984 η

1066 1991 1162 2031 ἁγίοις,
1177 1992 1366 2027 κοινωνήσωσι
1381 1993 1425 2021 καὶ
1445 1996 1499 2021 τῶν
1527 1993 1676 2033 στεφάνων,
1702 1994 1739 2025 ὡς
1775 1993 1820 2023 καὶ
1842 1994 1893 2022 αὒ-

1066 2037 1111 2069 τός
1131 2048 1209 2076 φησι.
1234 2048 1248 2064 α
1281 2036 1374 2070 Καλῶς
1408 2037 1563 2078 ἐποιήσατε,
1590 2037 1799 2074 κοινωνήσᾳντές
1842 2050 1893 2075 μου

1066 2084 1099 2119 τῇ
1114 2080 1212 2119 θλίψει.
1243 2093 1257 2109 ι
1291 2098 1329 2104 —
1352 2082 1415 2119 Δῴη
1444 2082 1516 2118 αὐτῷ
1543 2084 1558 2110 6
1580 2082 1673 2122 Κύριος
1702 2082 1788 2121 εὑρεῖν
1817 2081 1891 2114 ἕλεος
1926 2107 1927 2112 η

1066 2126 1137 2165 παρὰ
1152 2125 1256 2164 Κυρίου.
1288 2135 1303 2155 )
1328 2127 1358 2155 Οἱ
1386 2127 1420 2154 τὰ
1454 2126 1606 2166 Μαρκίωνος
1642 2130 1797 2166 φρονοῦντες
1834 2127 1891 2155 ἔπι-

202 2177 307 2200 ωοω.»
321 2167 376 2199 Det
390 2168 418 2199 ei
434 2167 577 2199 Dominus
593 2171 625 2198 ut
641 2168 771 2198 inveniat
791 2167 1026 2198 misericordiam

1109 2169 1173 2197 δῶσι
1187 2172 1221 2208 τῇ
1243 2173 1346 2210 Γραφῇ,
1376 2172 1412 2202 ὡς
1442 2170 1497 2211 δύο
1516 2171 1615 2211 Κυρίων
1643 2170 1736 2209 ὄ¹ννων,
1766 2171 1828 2201 ἀλλ’
1850 2174 1891 2204 εἷς

201 2212 279 2252 apud
294 2212 485 2244 Dominuma
502 2212 558 2248 Qui
573 2211 731 2242 Marcionis
748 2211 886 2252 dogmata
897 2221 1025 2252 sequun-

202 2261 262 2294 tur,
279 2257 424 2289 assultum
449 2257 559 2288 faciunt
587 2256 619 2287 in
646 2255 841 2296 Scripturam,
867 2257 950 2297 quasi
966 2257 1023 2287 duo

203 2301 262 2332 sint
289 2302 408 2333 Domini
434 2311 524 2332 unum
543 2305 641 2332 tamen
668 2301 738 2332 alibi
766 2301 838 2332 dicit
852 2300 1022 2333 Dominum.

203 2357 218 2374 ι
234 2346 328 2378 Nobis
343 2350 443 2378 tamen
458 2355 538 2377 unus
562 2349 608 2378 est
618 2345 763 2377 Dominus
783 2345 869 2377 Jesus
892 2345 1024 2377 Christus

201 2400 255 2431 per
266 2400 356 2432 quem
369 2391 471 2422 omnia
483 2392 510 2422 5.
526 2401 540 2421 ι
556 2390 631 2427 Quid
645 2400 715 2430 ergo
726 2390 883 2421 dicemus?
898 2390 967 2422 Haec
978 2400 1026 2421 or-

201 2435 314 2467 dinatio
329 2436 360 2467 in
377 2445 432 2466 usu
450 2439 496 2466 est
516 2435 592 2476 apud
617 2435 746 2466 divinam
772 2434 954 2475 Scripturam
969 2445 976 2465 :
993 2439 1025 2466 ut

200 2484 247 2511 est
273 2480 346 2512 illud
362 2490 369 2511 :
383 2480 463 2511 Dixit
488 2479 659 2511 Abraham:
673 2480 865 2520 Nequaquam
879 2483 959 2510 to:
974 2479 1021 2509 in-

199 2533 319 2563 gressus
334 2529 380 2556 est
394 2524 559 2556 Abraham.
582 2524 625 2555 Ac
649 2524 674 2554 si
701 2523 757 2555 hoc
783 2524 846 2554 loco
875 2523 1020 2555 dixisset:

199 2568 324 2600 Tribuat
337 2568 382 2600 illi
407 2569 551 2600 Dominus
571 2573 605 2600 ut
627 2570 756 2600 inveniat
786 2568 1020 2600 misericordiam

198 2614 276 2654 apud
291 2613 401 2655 ipsum.
419 2613 503 2651 Quod
518 2614 544 2645 si
559 2614 647 2645 etiam
664 2618 778 2655 patrem
801 2623 835 2644 ac
849 2613 956 2645 Filium
973 2614 1020 2645 hic

197 2658 359 2698 signiﬁcari
384 2659 532 2699 accipias,
557 2667 595 2690 ne
621 2658 678 2689 hoc
707 2658 828 2699 quidem
859 2657 1019 2688 absurdum

197 2703 266 2736 erit.
283 2702 357 2735 Nam
375 2707 405 2735 et
417 2704 505 2735 Pater
520 2703 664 2736 Dominus
683 2707 740 2741 est,
764 2706 794 2734 et
809 2702 902 2733 Filius
915 2702 1018 2733 Domi-

234 2789 251 2815 4
266 2788 393 2830 Philipp.
410 2797 452 2830 1v,
471 2789 518 2821 14.
563 2789 579 2814 5
592 2787 604 2818 Ι
618 2789 685 2820 (lor.
702 2795 766 2826 VIII,
780 2787 811 2820 6.

1068 2214 1156 2253 Κύριος
1180 2214 1301 2254 ἀλλαχοῦ
1328 2226 1419 2255 φησιν,
1445 2226 1458 2242 α
1491 2210 1573 2253 ίΗιΠν
1594 2214 1622 2243 δὲ
1651 2217 1691 2248 εἷς
1723 2216 1818 2255 Κύριος
1841 2215 1893 2250 ’1η-

1065 2264 1127 2291 σοῦς
1149 2259 1272 2297 Χριστὸς,
1294 2258 1328 2287 δι’
1349 2261 1379 2287 οὗ
1406 2260 1439 2288 τὰ
1465 2260 1562 2290 πάντα,
1591 2271 1605 2287 σ
1632 2260 1662 2288 Τί
1690 2259 1734 2288 οὖν
1749 2261 1891 2301 νὲροῦμενς

1067 2303 1184 2338 Συνεήθης
1213 2305 1230 2337 ἡ
1245 2303 1362 2337 σύνταξις
1383 2304 1449 2338 αὕτη
1470 2307 1505 2343 τῇ
1529 2304 1584 2341 θείᾳ
1612 2308 1714 2345 Γραφῇ.
1747 2300 1794 2338 Ὠς
1822 2306 1891 2336 ἐκεῖ.

1067 2348 1150 2377 Εἶπεν
1180 2347 1311 2388 Ἀϐραὰμ,
1341 2351 1378 2378 Οὐ
1417 2350 1456 2387 μὴ
1491 2349 1594 2388 εἰσέλθῃ
1622 2348 1743 2389 Ἀϐραάμ
1762 2357 1769 2364 ·
1808 2351 1848 2382 ὡς
1874 2351 1894 2378 εἰ

1065 2391 1151 2432 ἔλεγε,
1182 2393 1313 2433 Παράσχῃ
1340 2394 1411 2431 αότῷ
1441 2395 1455 2422 ὁ
1477 2394 1569 2433 Κύριος
1599 2394 1685 2433 εὑρεῖν
1715 2393 1790 2426 ἕλεος
1830 2394 1891 2434 παρ’
1924 2404 1927 2409 “

1066 2436 1148 2474 αὐτῷ.
1166 2437 1195 2466 Εἰ
1209 2436 1237 2465 δὲ
1252 2438 1295 2466 καὶ
1316 2438 1362 2466 τὸν
1385 2438 1489 2478 Πατέρα
1516 2439 1560 2466 καὶ
1588 2438 1633 2466 τὸν
1655 2439 1714 2467 Υἱὸν
1746 2438 1891 2473 δηλοῦσθαι

1065 2481 1173 2510 ἐνταῦθα
1188 2480 1260 2522 δέξῃ,
1290 2481 1348 2511 οὐδὲ
1374 2486 1449 2510 τοῦτο
1471 2482 1581 2514 ἄτοπον,
1611 2483 1661 2512 Καὶ
1690 2484 1703 2511 6
1725 2483 1821 2523 Πατὴρ
1843 2484 1893 2524 γὰρ

1062 2527 1104 2554 καὶ
1126 2527 1140 2554 6
1168 2527 1227 2558 Υἱὸς
1251 2527 1354 2567 Κύριος,
1384 2528 1429 2556 καὶ
1456 2528 1486 2555 τὸ
1509 2531 1614 2565 Πνεῦμα
1645 2527 1748 2567 Κύριος,
1774 2528 1892 2560 ἆλλέἴς

1064 2570 1155 2609 Κύριος
1207 2577 1269 2601 ταῖς
1320 2571 1402 2611 τρισὶν
1454 2572 1655 2616 ὑποστάσεσινφ
1680 2571 1893 2612 ἑμφαινόμενος.

1065 2626 1079 2642 α
1096 2615 1180 2643 Εἶπεν
1195 2616 1210 2643 6
1225 2616 1318 2655 Κύριος
1334 2619 1372 2653 τῷ
1403 2617 1488 2656 Κυρίῳ
1515 2628 1578 2654 μου.
1595 2626 1610 2646 )
1644 2615 1672 2644 Η
1702 2616 1742 2644 ὅτι
1772 2616 1895 2658 διευκρι-

1062 2659 1167 2690 νοῦντύς
1196 2658 1251 2688 ἐστι
1285 2661 1316 2688 τὸ
1345 2659 1428 2703 οὕτως
1456 2661 1541 2689 εἰπεῖν
1569 2660 1616 2692 τὰς
1653 2661 1728 2700 ἀγίσς
1764 2662 1891 2693 ὑποστὰ-

1061 2704 1178 2740 σεις,ὡς
1208 2703 1265 2732 ἐκεῖ
1283 2713 1290 2720 ·
1321 2716 1335 2733 ε
1375 2704 1467 2745 Εϐρεξε
1491 2706 1583 2744 Κύριος
1609 2705 1680 2744 παρὰ
1709 2705 1806 2745 Κυρίου
1837 2711 1896 2747 πῦρ
