1942 3078
45 137 79 169 21

547 135 744 168 COMMENT.
768 135 809 166 IN
832 133 952 166 EPIST.
976 134 1004 165 II
1026 133 1075 165 AD
1096 133 1257 165 TIMOTH.

1685 132 1746 165 214

46 217 60 232 α
78 204 160 233 Ἀλλ’
175 206 189 233 ὁ
219 203 299 243 λόγος
327 207 373 233 τοὺ
404 207 470 232 Θεοῦ
498 205 528 232 οὖ
548 201 658 232 δέδεται.
678 213 690 232 ι
708 202 791 239 Ἐμοῠ
805 199 873 229 δεῖε-

959 199 1015 231 Sed
1031 209 1129 230 sermo
1144 199 1197 231 Dei
1213 209 1272 230 non
1282 203 1327 230 est
1339 199 1529 232 vinctus.-Et
1538 200 1563 231 si
1574 199 1742 240 ego,inquit

38 251 139 287 μένου,
175 250 269 289 φησὶν,
307 251 336 278 οὗ
377 247 524 277 συνδεδεται
559 249 590 276 τὸ
630 247 765 287 κήρυγμα,
812 245 880 274 ἀλλᾶ

42 301 208 333 περιπατεῖ.
267 294 325 323 Τῶν
373 294 423 332 γὰρ
474 295 572 332 χειρῶν
625 290 818 330 δεσμουμὲνων,
862 291 878 324 ἡ

40 339 160 377 γλῶσσα
187 337 278 369 λαλεῖ,
315 336 443 370 Γλώσσης
471 337 521 375 γὰρ
545 335 654 376 δεσμὸς,
686 335 768 363 δειλία
796 335 878 372 μόνον

42 384 89 411 καὶ
122 383 241 412 ἀπιστία.
287 386 370 410 Τοῦτο
405 380 431 409 δέ
466 392 543 420 φησι,
584 381 627 409 καὶ
667 381 704 412 εἷς
740 379 878 419 προτοπὴν

40 430 98 454 τῶν
130 426 294 464 λελυμένων,
334 426 362 454 Εἰ
402 426 451 464 γὰρ
484 425 538 463 ἐγὼ
570 423 706 462 δεδεμένος
741 424 875 463 κηρύσσω,

39 472 105 500 ποία
123 471 282 511 συγγνώμη,
299 472 374 511 ensi,
391 477 449 502 τοῖς
476 470 629 508 λελυμένοις
659 470 701 498 καὶ
729 468 874 507 ἀμελοῦσι,

43 528 55 544 ι
76 517 131 544 Διὰ
146 517 206 548 τοὺς
229 515 379 546 ἐκλεκτούς.
399 527 413 542 »
440 515 489 543 Διὰ
503 515 564 547 τοὺς
578 514 698 551 πιστοὺς,
722 514 812 553 φησὶν,
830 514 874 544 οὒς

38 563 53 589 ὁ
77 561 149 592 Θεὸς
177 560 312 593 ἐξελέξατο
329 569 336 577 ·
367 559 458 593 ἐπειδὴ
488 560 538 599 γὰρ
566 559 658 590 αὐτοὺς
686 560 700 586 ὁ
730 559 794 590 Θεὸς
817 558 875 591 ἐξε-

37 605 152 643 λέξατο,
183 603 225 632 δεῖ
262 605 305 632 καὶ
341 604 388 642 ἐμὲ
418 604 504 632 πάντα
532 603 648 643 πάσχειν
676 603 740 642 ὑπὲρ
775 603 872 638 αὒτῶν,

38 649 140 683 ἐπειδὴ
177 650 220 677 καὶ
256 650 270 677 ὁ
307 649 371 680 Osi);
405 649 469 688 ὑπὲρ
502 649 576 686 ἡμῶν
616 648 721 684 ἔπαθεν,
751 649 786 678 ὡς
803 648 872 675 εἶναι

40 694 214 731 ἀντιμισθίαν
250 694 281 721 τὸ
317 696 436 732 πρᾶγμα,
473 692 518 720 ἵνα
559 693 601 720 καὶ
643 693 715 720 αὺτοὶ
753 693 789 723 ὡς
831 692 873 719 καὶ

38 740 139 776 ἡμεῖς,
177 739 254 778 φησὶ,
285 738 418 776 σωτηρίας
447 737 565 776 τύχωσιν
583 759 590 767 .
634 737 671 767 ὡς
700 737 722 764 εἰ
750 735 840 774 ἔλεγεν
864 745 870 752 ⁸

37 783 117 816 Ἐξὸν
147 782 180 816 ἦν
202 794 248 820 μοι
277 785 323 820 ζῇν
358 781 510 818 ἀκινδύνως,
544 782 566 808 εί
601 782 631 809 τὸ
652 782 716 819 ὶμὸν
745 780 872 808 ἐσκόπων

39 828 137 864 μόνον,
183 826 245 854 ἀλλ’
288 827 352 865 ὑπὲρ
393 829 445 854 τῶν
488 825 631 865 ἀλλοτρίων
664 829 746 854 ταῦτα
773 826 872 864 πάσχω

38 873 163 911 ἀγαθῶν,
185 871 231 899 ’ἕνα
253 870 327 898 ἄλλοι
350 871 453 910 τῦχωσι
469 870 614 905 σωτηρίας,
635 882 647 896 ιι
679 872 733 903 Τῆς
756 869 783 897 ἐν
804 873 870 908 Χρι-

922 244 1037 275 vinctus
1050 244 1117 282 sim,
1136 243 1306 285 praedicatio
1322 253 1380 274 non
1397 248 1445 275 est
1459 245 1548 276 simul
1561 244 1667 282 vincta,
1685 243 1738 275 sed

922 289 1116 329 perambulat.
1133 288 1206 320 Nam
1223 288 1328 320 vinctis
1353 288 1488 319 manibus
1513 289 1614 328 lingua
1640 288 1739 329 loqui-

922 338 979 365 tur.
995 333 1148 374 Siquidem
1177 333 1284 374 linguze
1302 342 1406 364 carcer
1434 333 1514 364 solus
1539 338 1636 364 metus
1651 337 1695 364 est
1709 336 1740 365 et

920 377 1123 409 incredulitas.
1139 378 1208 408 εδδ
1232 379 1295 409 Hoc
1311 381 1409 408 autem
1425 377 1498 408 dicit
1523 377 1610 408 etiam
1628 377 1666 408 ad
1681 386 1738 408 eo-

919 432 985 453 rum
999 423 1235 453 exhortationem
1251 422 1301 461 qui
1321 421 1410 452 soluti
1425 425 1521 453 erant.
1538 422 1568 452 Si
1585 421 1665 452 enim
1682 431 1736 461 ego

918 467 968 507 qui
985 467 1099 497 vinctus
1113 476 1177 497 sum
1190 466 1398 506 prazdico,quaa
1410 466 1495 497 Venia
1509 466 1573 496 dari
1587 469 1683 506 potest
1693 466 1740 496 his

917 511 966 552 qui
983 511 1072 542 soluti
1086 516 1154 541 sunt
1171 515 1200 542 et
1215 515 1313 541 tamen
1330 510 1647 551 negligunt‘hPropter
1657 510 1738 541 elec-

918 558 1121 596 tos.nl’ropter
1137 555 1445 596 ﬁdeles,inquit,quos
1459 556 1540 586 Deus
1555 554 1642 594 elegit
1652 564 1658 585 :
1668 563 1736 586 nam

916 601 984 641 quia
1006 602 1085 632 Deus
1110 600 1177 630 illos
1203 600 1303 639 elegit,
1321 603 1440 640 oportet
1464 609 1511 631 me
1527 599 1664 630 universa
1678 599 1756 639 pati.

916 655 968 686 pro
984 645 1069 685 ipsis,
1087 644 1224 685 quoniam
1242 644 1321 675 Deus
1335 654 1454 684 quoque
1470 654 1521 685 pro
1533 644 1619 675 nobis
1632 652 1738 684 passus

915 693 970 730 est,
987 695 1015 720 et
1031 689 1130 729 reipsa
1145 689 1183 719 sit
1202 689 1303 729 aliqua
1330 689 1468 729 repensio
1492 698 1526 720 ac
1556 688 1735 720 retributio:

915 738 945 764 ut
961 734 1048 764 etiam
1064 733 1120 774 ipsi
1137 733 1214 764 sicut
1229 737 1258 764 et
1273 742 1338 770 nos,
1355 733 1463 773 inquit,
1481 733 1604 764 salutem
1629 741 1738 764 conse-

914 782 1052 818 quantur.
1070 778 1112 808 Ac
1130 777 1153 807 si
1170 778 1304 808 diceret:
1322 777 1391 808 Mihi
1417 786 1488 808 sane
1515 777 1618 809 liceret
1633 777 1736 818 procul

913 831 931 852 a
946 821 1086 863 periculis
1102 821 1208 859 vivere,
1226 821 1252 852 si
1268 822 1326 853 mei
1342 821 1434 853 solius
1456 826 1625 862 respectum
1648 821 1737 853 habe-

913 875 976 897 rem
991 878 999 904 -,
1015 866 1067 897 sed
1083 866 1145 897 hmc
1160 866 1197 896 ob
1213 865 1338 896 aliorum
1351 865 1428 896 bona
1452 866 1556 906 patior,
1573 870 1604 897 ut
1619 866 1675 907 ipsi
1692 875 1737 897 sa-

40 904 97 954 στῷ
112 904 215 948 Ἰησοῦ.
242 926 254 943 ιι
275 916 304 944 Εἰ
319 925 415 951 σαντῳ,
439 915 530 955 φησὶν,
559 915 589 943 οὔ
617 913 758 952 δυνάμενος
781 925 871 947 σωπτη-

959 920 1003 941 em
1023 915 1254 951 consequantur.
1276 921 1290 940 ‹
1306 910 1379 946 Quae
1394 904 1484 941 estin
1503 910 1618 942 Christo
1631 904 1734 943 desum

38 961 97 1000 ρίαν
128 961 316 999 περιποιῆσαι,
354 958 413 987 ἀλλ’
451 958 505 987 ἰδοὺ
541 959 716 994 ἀποθνήσκειν
753 958 870 997 ptum,

40 1009 100 1036 πῶς
118 1005 220 1044 ἑτέροις
235 1002 371 1043 προξενετς
389 1014 397 1040 ;
429 1003 478 1033 Καί
498 1014 578 1044 φησιν
595 1011 602 1018 ·
634 1005 669 1032 03
690 1003 750 1043 περὶ
776 1003 872 1035 ταύτης

40 1049 114 1088 λέγω
124 1051 176 1082 τῆς
192 1048 361 1087 προσκαίρου,
379 1047 448 1076 ἀλλά
461 1049 510 1081 τῆς
533 1048 559 1075 ἐν
575 1051 680 1087 Χριστῷ
694 1046 793 1084 Ἰησοῦ,
809 1058 872 1074 του-

42 1094 128 1131 τέστι,
146 1096 197 1126 τῆς
213 1092 255 1120 διὰ
279 1095 390 1131 Χριστοῦ
415 1091 588 1131 δωρηθείσης,
615 1095 664 1126 τῆς
686 1092 800 1129 αἰωνίου,
824 1094 873 1124 τῆς

43 1139 112 1175 μετά
127 1137 208 1171 δόξης
225 1136 366 1175 ἐσομένης,
385 1132 415 1165 Ἠ
429 1137 478 1176 γὰρ
490 1142 536 1166 τοῦ
549 1137 650 1174 κόσμου
664 1138 792 1175 σωτηρία,
809 1135 871 1164 ἀδο-

44 1185 97 1217 Ξίαν
121 1185 194 1225 ἔχει.

364 1275 489 1304 sema.
515 1277 532 1300 Δ
540 1267 556 1302 ’.

47 1328 60 1343 ε
80 1317 143 1354 Περὶ
159 1319 209 1350 τῆς
226 1317 262 1348 εἰς
278 1317 388 1355 Χριστὸν
410 1316 523 1348 πίστεως
543 1318 588 1345 καὶ
608 1316 758 1354 ὑπομονῆς,
774 1315 816 1344 ἐπ’
832 1315 873 1344 ἐ),-

368 1355 422 1384 πίδι
439 1356 519 1390 ξωῆς.
539 1368 550 1384 ι

86 1413 102 1430 σ
135 1403 233 1435 Πιστὸς
263 1404 277 1430 ὁ
310 1402 402 1441 λόγος.
435 1403 463 1431 El.
494 1403 543 1443 γὰρ
572 1403 795 1442 συναπεθάνομεν,
831 1402 874 1429 καὶ

52 1448 213 1484 συζήσομεν.
269 1448 296 1476 El
346 1446 522 1485 ὑπομένομεν,
573 1447 617 1475 καὶ
667 1446 872 1485 συμϐασιλεύσο-

49 1502 108 1526 μεν.
154 1493 183 1520 Εἰ
227 1491 381 1531 ἀρνούμεθα,
439 1491 563 1524 κακεῖνος
604 1492 744 1531 ἀρνήσεται
787 1492 869 1529 ἡμᾶς.

49 1535 75 1563 Εἰ
117 1536 295 1575 ἀπιστοῦμεν,
347 1535 449 1568 ἐκεῖνος
498 1537 590 1568 πιστὸς
642 1535 726 1573 μένει,
771 1535 870 1575 ’Λρνή-

50 1584 140 1610 σασθαι
185 1583 278 1611 ἑαυτὸν
317 1585 347 1612 οὐ
397 1581 514 1613 δύναται.
557 1587 644 1612 Ταῦτα
684 1582 870 1620 ὑπομίμνηηε

47 1625 302 1666 διαρμαρτυρόμενος
343 1626 454 1655 ἐνώπιον
495 1631 543 1656 τοῦ
584 1627 688 1666 Κυρίου,
732 1628 771 1665 μὴ
796 1627 874 1666 λογο-

49 1678 150 1710 μαχετν
165 1672 203 1704 εἷς
219 1671 291 1700 οὒόὲν
306 1670 439 1712 χρήσιμον
454 1671 497 1699 ἐπὶ
512 1675 680 1712 καταστροφῇ
693 1675 746 1700 τῶν
760 1672 874 1700 ἀκούον-

47 1726 110 1745 των,
128 1715 284 1746 Σπουδάσον
309 1717 416 1745 σεαυτὸν
441 1715 550 1754 δόκιμον
571 1717 738 1755 παραστῆσαι
754 1720 791 1754 τῷ
806 1720 873 1754 Θεῷ,

50 1759 163 1798 ἐργάτην
193 1760 412 1801 ἀνεπαίσχυντον,
441 1761 633 1800 ὀρθοτομοῦντα
654 1762 699 1789 τὸν
728 1760 806 1800 λόγον
827 1762 875 1794 τῆς

51 1803 189 1837 ἀληθείας.
207 1817 221 1833 ι

90 1850 187 1882 Πιστὸς
203 1851 217 1877 ὁ
232 1848 325 1889 λόγος,
347 1850 388 1878 ὅτι
409 1851 432 1878 οἱ
457 1849 576 1878 ἐκλεκτοὶ
603 1849 706 1883 ἐνδόξου
735 1851 779 1879 καὶ
807 1851 873 1879 σίω-

51 1893 104 1926 νίας
130 1894 236 1934 τύχωσι
272 1895 413 1934 σωτηρίας,
458 1893 554 1929 Ἐπιόὴ
597 1895 646 1934 γάρ
688 1905 758 1927 τινες
786 1894 872 1934 ἀμφέ-

52 1936 147 1965 ϐαλλον
183 1939 248 1978 πρὸς
290 1939 340 1972 τὴν
368 1939 521 1976 ἀνάστασιν,
557 1940 657 1973 ταύτης
699 1939 794 1975 ἐδεήθη
826 1940 872 1973 si:

50 1981 230 2019 βεϐαιώσεως.
255 1978 320 2012 ιὈτι
341 1982 366 2011 δὲ
389 1985 482 2015 πιστὸς
504 1985 518 2012 ὁ
545 1983 639 2024 λόγος,
662 1985 704 2013 καὶ
727 1984 780 2013 ἀπὸ
795 1983 873 2023 λογι-

52 2028 123 2064 σμῶν
151 2028 230 2056 αὐτὸν
259 2029 457 2064 κατασκευάζει.
483 2040 498 2056 ι
528 2029 557 2057 Ei
585 2029 635 2068 γὰρ
661 2029 871 2067 συναπεθάνομεν

51 2075 86 2108 τῷ
108 2075 225 2111 Χριστῷ,
251 2073 369 2108 (θάνατον
397 2072 482 2113 λέγων
509 2073 555 2102 τόν
575 2085 604 2101 τε
633 2073 674 2102 διὰ
690 2074 870 2111 βαπτίσματος

53 2117 92 2143 καὶ
119 2118 149 2144 τὸ
178 2116 221 2144 διὰ
255 2118 432 2157 παθημάτων,
458 2121 550 2146 τοῦτον
577 2117 610 2152 δὴ
638 2119 684 2146 τὸν
719 2117 866 2157 αἷσθητὸν,)

913 955 1146 996 Diceretaliquis
1161 965 1168 986 :
1185 955 1216 986 Si
1233 955 1285 986 tibi
1301 955 1358 996 ipsi
1371 964 1429 985 non
1447 959 1530 996 potes
1544 956 1668 987 salutem
1680 965 1733 987 ac-

914 1000 1044 1040 quirere,
1069 999 1122 1030 sed
1148 1009 1218 1031 ecce
1247 1000 1409 1030 moriturus
1428 1009 1471 1037 es,
1498 1000 1648 1040 quomodo
1669 1000 1737 1032 aliis

914 1044 1090 1075 conciliabis
1101 1044 1225 1075 salutem
1239 1044 1252 1074 '!
1265 1044 1300 1075 Et
1308 1044 1348 1075 ait
1363 1055 1370 1076 :
1386 1043 1450 1075 Non
1466 1044 1502 1075 de
1518 1045 1573 1075 hac
1588 1048 1736 1085 tempora-

917 1089 936 1120 li
952 1089 1008 1119 vita
1026 1089 1141 1129 loquor,
1158 1089 1211 1120 sed
1228 1089 1264 1119 de
1275 1098 1310 1119 ea
1325 1098 1389 1128 quae
1405 1092 1449 1120 est
1472 1088 1502 1119 in
1518 1089 1634 1120 Christo
1652 1088 1735 1129 Jesu,

916 1133 972 1163 hoc
986 1137 1106 1172 estquae
1122 1142 1174 1172 per
1185 1132 1333 1163 Christum
1344 1133 1455 1165 donata
1470 1136 1528 1170 est,
1544 1141 1609 1173 quas
1623 1136 1735 1164 aeterna

916 1181 971 1217 est,
988 1186 1052 1217 quas
1063 1177 1159 1207 futura
1173 1181 1294 1208 estcum
1311 1177 1406 1217 gloria
1423 1186 1429 1208 :
1449 1176 1550 1208 mundi
1562 1176 1643 1208 enim
1655 1176 1736 1208 salus

914 1221 1107 1261 ignominiam
1123 1221 1222 1252 habet.

1233 1268 1353 1301 CAPUT
1377 1268 1427 1300 IV.

918 1307 961 1339 De
971 1308 1029 1348 ﬁde
1045 1307 1256 1347 inlChristum,
1276 1313 1304 1340 et
1325 1309 1487 1340 tolerantia
1507 1308 1543 1340 ob
1555 1317 1639 1350 spem
1653 1309 1734 1340 vitae.

957 1399 992 1437 ll,
1019 1399 1127 1430 11-15.
1143 1399 1221 1430 Fide
1249 1399 1448 1440 dignissimus
1469 1409 1572 1432 samo.
1609 1401 1685 1432 Nam
1708 1401 1737 1431 si

914 1446 1093 1475 commortui
1106 1452 1222 1482 sumus,
1238 1447 1266 1475 et
1279 1445 1471 1476 convivemus
1489 1456 1495 1474 :
1512 1445 1539 1476 si
1549 1444 1734 1485 suﬂ'ers'mus,

915 1492 943 1520 et
960 1487 1210 1529 conregnabimus
1226 1499 1233 1517 :
1249 1489 1278 1519 si
1300 1499 1456 1530 negamus,
1487 1493 1516 1521 et
1539 1489 1590 1521 ille
1611 1489 1735 1531 negabit

912 1543 967 1565 nos
981 1543 987 1565 :
1003 1535 1031 1564 si
1047 1534 1197 1564 increduli
1211 1535 1382 1572 sumus,ille
1389 1535 1493 1575 fidelis
1507 1539 1736 1575 manet,negare

912 1578 1044 1618 seipsum
1074 1587 1135 1609 non
1161 1582 1268 1618 potest.
1294 1579 1369 1611 llwc
1398 1580 1528 1612 admone
1563 1583 1734 1611 contestans

914 1631 1014 1653 coram
1034 1622 1173 1663 Domino,
1190 1632 1228 1654 ne
1242 1623 1342 1655 verbis
1365 1625 1545 1656 contendant
1563 1624 1603 1655 ad
1617 1623 1737 1654 nullam

915 1667 1094 1704 utilitatem,
1110 1669 1164 1698 sed
1182 1668 1406 1699 subverstonem
1419 1669 1619 1700 audientium.
1640 1667 1737 1699 Stude

917 1714 1041 1750 teipsum
1080 1712 1240 1752 probatum
1270 1712 1409 1744 exhibere
1446 1713 1531 1750 Deo,
1562 1715 1737 1753 operarium

916 1765 978 1787 non
1007 1757 1244 1788 erubescendum
1257 1781 1264 1795 ,
1293 1761 1373 1789 recte
1400 1762 1547 1790 secantem
1569 1765 1737 1788 sermonem

917 1802 1067 1833 veritatis.

961 1845 1050 1877 «Fide
1065 1845 1259 1885 dignissimus
1274 1855 1385 1878 sermo.
1398 1857 1413 1877 ›
1428 1846 1512 1884 Quod
1527 1846 1612 1877 electi
1624 1845 1737 1886 glorio-

916 1899 978 1921 sam
1003 1894 1033 1921 et
1050 1894 1190 1921 mternam
1209 1895 1408 1931 consequatur
1432 1891 1568 1922 salutem.
1591 1890 1736 1927 Quoniam

916 1935 995 1966 enim
1014 1944 1071 1965 non
1088 1935 1163 1966 nulli
1178 1935 1216 1966 de
1231 1937 1452 1967 resurroctione
1462 1935 1661 1976 ambigebant,
1680 1934 1735 1965 hac

916 1989 989 2020 opus
1002 1979 1055 2010 l‘uit
1067 1979 1394 2016 conﬁrmatione.Quod
1407 1984 1503 2011 autem
1516 1989 1615 2011 sermo
1626 1979 1684 2010 fide
1693 1978 1736 2009 di-

915 2034 989 2064 gnus
1005 2024 1074 2060 sit,a
1097 2024 1261 2054 rationibus
1281 2034 1397 2065 quoque
1418 2025 1583 2057 conﬁrmat.
1598 2022 1694 2055 «Nam
1710 2022 1737 2053 si

912 2068 1090 2100 commortui
1105 2078 1208 2099 sumus
1219 2069 1336 2100 Christo
1354 2070 1492 2110 (mortem
1505 2069 1609 2101 dicens
1627 2072 1656 2099 et
1669 2076 1735 2109 qua:

911 2122 963 2154 per
979 2113 1158 2153 baptismum
1177 2117 1233 2151 est,
1252 2113 1322 2144 266
1342 2118 1371 2145 et
1388 2124 1454 2155 quae
1469 2123 1522 2155 per
1544 2114 1732 2151 afﬂictiones,

53 2161 94 2188 καὶ
114 2160 368 2199 συμϐασιλεύσομεν.
389 2174 401 2189 ι
434 2161 521 2195 Οὺδεῖς
549 2163 608 2201 γαρ,
642 2163 717 2202 φησὶ,
740 2163 800 2195 τοὺς
815 2166 866 2190 τῶν

959 2167 1017 2198 npe
1032 2158 1109 2188 hanc
1123 2158 1320 2198 sensibilem),
1338 2159 1426 2190 etiam
1443 2158 1703 2198 conregnabimus.
1718 2169 1732 2185 ι

54 2207 211 2244 σκυθρωπῶν
233 2207 459 2246 κοινωνήσαντας,
488 2210 540 2235 τῶν
563 2211 690 2246 χρηστῶν
715 2207 869 2247 ἀποστερεῖ,

53 2249 113 2285 μήτι
127 2260 158 2288 γε
183 2251 306 2290 Χριστὸς,
336 2251 353 2284 ἡ
384 2251 579 2289 αὖτοαγαθοτης
609 2252 652 2279 καὶ
679 2250 868 2291 φιλανθρωπία.

56 2304 68 2319 ι
91 2295 118 2322 Εἰ
140 2295 298 2334 ἀρνούμεθα,
323 2295 447 2326 κάκεῖνος
478 2295 619 2335 ἀρνήσεται
640 2297 724 2333 ἡμᾶς,
752 2307 763 2323 ι
801 2295 869 2324 Εἶτα

54 2338 93 2366 aut
112 2338 163 2367 ἀπὸ
192 2342 246 2367 τῶν
266 2338 373 2379 φαύλων
394 2339 487 2371 αὖτοὺς
509 2339 598 2379 φοϐεῖ.
620 2341 670 2369 Τὸν
691 2339 718 2368 δέ
732 2351 762 2379 γε
784 2339 868 2380 ἀρνη-

53 2381 122 2411 θὲντα
147 2384 198 2412 ὑπὸ
228 2387 350 2423 Χριστοῦ,
380 2383 462 2412 ἐννόει
491 2385 516 2412 τί
552 2385 645 2412 παθεῖν
681 2384 761 2416 εἰκός,
799 2396 812 2411 ι
840 2385 870 2413 El.

54 2426 220 2466 ἀπιστοῦμεν,
250 2428 351 2461 ἐκεῖνος
380 2429 473 2461 πιστὸς
503 2429 588 2466 μένει.
615 2440 626 2456 ι
658 2429 687 2457 El.
710 2429 870 2467 ἀπιστοῦμεν

55 2470 90 2498 ὅτι
116 2472 227 2509 ἀνέστη,
253 2473 270 2507 ἢ
313 2473 354 2501 ὅτι
397 2474 462 2505 Θεός
504 2474 586 2511 ἐστιν,
624 2473 726 2506 ἐκεῖνος
765 2475 870 2509 πιστὸς,

55 2525 67 2530 ,
116 2516 121 2524 ι
222 2517 228 2525 ι
291 2518 297 2526 ι
378 2517 383 2526 ι
525 2518 531 2527 1
604 2518 610 2526 ι
655 2517 667 2526 κ
727 2518 734 2528 ν

60 2526 192 2557 .ουτεστιν,
218 2517 320 2551 αληθης
351 2528 437 2555 μενει.
468 2518 555 2547 Εἱπων
584 2529 633 2557 γαρ
653 2528 693 2546 οτι
723 2519 872 2552 ἀναστήσε-

56 2569 105 2599 ται,
132 2563 174 2590 καὶ
198 2561 239 2590 ὃτι
266 2563 330 2594 Θεός
360 2561 442 2602 ἐστιν,
460 2562 499 2602 (ἐν
527 2562 640 2595 πολλοῖς
655 2563 705 2602 γὰρ
720 2566 796 2591 τοῦτο
812 2563 872 2597 ἐσή-

58 2605 155 2646 μανεν),
171 2606 274 2642 ἀληθής
302 2607 385 2636 ἐστιν.
413 2607 525 2640 Ἀνέστη
562 2608 612 2646 γὰρ
633 2609 676 2635 καὶ
705 2607 768 2638 θεός
790 2606 870 2636 ἐστιν.

57 2645 236 2691 Ἀρ-ιήσασθαι,
280 2652 373 2691 φησὶν,
399 2652 491 2680 ἑαυτὸν
513 2651 542 2680 οὗ
570 2651 687 2688 δύναται,
711 2653 746 2683 εἰς
775 2652 805 2679 τὸ
835 2652 872 2689 μὴ

60 2692 121 2736 ξίναι
143 2696 206 2727 Θεὸς
235 2695 253 2729 ἢ
276 2695 429 2735 ἐγηγέρθαι,
461 2691 506 2729 ’Δὶς
520 2697 542 2724 εί
558 2697 635 2724 εἶπεν
651 2706 657 2712 ·
675 2695 754 2726 Οὐδὲν
769 2695 874 2736 παραλ-

59 2734 139 2775 λαγεὶς
180 2740 254 2768 ἐσται
297 2734 339 2768 δια
361 2734 429 2774 ντὴν
471 2741 603 2780 ἡμετέραν
644 2740 765 2780 ἄρνησιν,
807 2734 876 2769 ἀλλᾶ

62 2783 144 2815 πιστὸς
170 2784 243 2822 μένει
272 2785 317 2813 καὶ
352 2784 453 2819 ἀληθὴς
482 2786 518 2818 εἰς
559 2786 591 2813 τὰ
614 2786 673 2824 περὶ
692 2786 796 2816 ἑαυτοῦ.
829 2786 878 2814 Καὶ

913 2201 1014 2232 Nullus
1030 2202 1109 2232 enim
1134 2211 1185 2232 eos
1199 2203 1249 2242 qui
1265 2203 1295 2233 in
1312 2203 1446 2234 tristibus
1462 2203 1730 2240 communicarunt,

913 2246 1008 2287 privat
1032 2246 1118 2276 bonis
1144 2255 1178 2277 ac
1208 2248 1359 2288 prosperis
1380 2257 1387 2278 ;
1407 2249 1516 2279 netlum
1535 2247 1670 2278 Christus
1685 2246 1736 2286 qui

911 2289 976 2331 ipsa
992 2295 1036 2321 est
1056 2290 1174 2321 bonitas
1196 2301 1230 2322 ac
1256 2291 1436 2332 benignitas.
1456 2305 1470 2320 ι
1488 2291 1520 2324 Si
1536 2300 1690 2331 negamus,
1706 2294 1736 2322 et

913 2333 962 2379 ille
978 2336 1096 2376 negabit
1110 2347 1174 2368 nos.
1192 2350 1203 2365 η
1219 2338 1332 2369 Deinde
1348 2338 1384 2369 ab
1401 2338 1448 2370 his
1463 2347 1582 2379 quoque
1597 2337 1735 2368 dehorta.

912 2377 959 2414 lur
984 2393 1049 2424 quae
1075 2383 1151 2414 mala
1177 2389 1255 2416 sunt.
1288 2385 1363 2416 Eum
1393 2377 1568 2425 vero—quem
1585 2383 1737 2424 negaverit

912 2427 1158 2467 Christus,cogita
1174 2429 1245 2468 quid
1264 2429 1302 2461 sit
1315 2439 1504 2471 consequens
1519 2429 1589 2470 pati.
1608 2441 1622 2456 α
1639 2428 1671 2460 Si
1686 2427 1735 2459 in-

913 2472 1028 2504 creduli
1044 2482 1158 2512 sumus,
1175 2473 1226 2504 ille
1243 2474 1340 2506 ﬁdelis
1355 2479 1465 2506 manet.
1483 2487 1493 2504 ι
1512 2474 1544 2505 Si
1559 2483 1618 2505 non
1635 2472 1735 2504 credi-

915 2526 982 2548 mus
995 2517 1074 2557 quod
1094 2518 1268 2554 surrexerit,
1285 2525 1336 2550 aut
1351 2519 1430 2560 quod
1446 2518 1525 2550 Deus
1535 2518 1583 2556 sit,
1597 2517 1647 2549 ille
1659 2517 1736 2548 lide-

915 2562 963 2599 lis,
980 2560 1008 2592 id
1024 2565 1080 2602 est,
1095 2571 1183 2594 verax
1200 2568 1309 2595 manet.
1325 2563 1398 2595 Cum
1415 2563 1494 2594 enim
1511 2563 1618 2594 dixerit
1631 2571 1666 2593 se
1684 2571 1736 2592 re-

915 2609 1131 2644 surrecturum,
1145 2617 1237 2648 seque
1249 2609 1343 2639 Deum
1357 2617 1426 2639 esse
1437 2608 1516 2648 (nam
1527 2608 1583 2639 hoc
1594 2606 1695 2638 multis
1705 2605 1737 2637 in

916 2649 989 2680 locis
1000 2651 1290 2691 signiﬁcavit),verax
1301 2658 1345 2684 est
1357 2662 1364 2685 :
1374 2652 1520 2693 siquidem
1535 2655 1564 2682 et
1574 2650 1738 2682 resurrexit

916 2698 945 2725 et
958 2694 1037 2725 Deus
1053 2700 1106 2726 est.
1124 2697 1252 2736 Negare,
1264 2697 1316 2735 ait,
1334 2697 1463 2738 seipsum
1478 2706 1538 2728 non
1554 2695 1738 2737 potest,quin

917 2741 996 2771 Deus
1010 2740 1050 2771 sit
1063 2750 1096 2771 ac
1113 2742 1322 2773 resurrexerit.
1339 2743 1381 2773 Ac
1402 2741 1427 2772 si
1450 2741 1565 2772 diceret
1581 2749 1588 2772 :
1606 2739 1685 2771 Nihil
1699 2738 1736 2769 ob

919 2788 1049 2816 nostram
1059 2786 1245 2826 negationem
1258 2787 1428 2819 immutatus
1439 2785 1550 2824 est,sed
1563 2784 1660 2816 ﬁdelis
1675 2792 1737 2814 ma-
