1942 3078
195 135 255 170 ειη
750 138 956 171 (ECUMENII

1100 137 1126 167 Ε
1146 134 1313 168 EPISCOPI
1817 131 1867 164 908

517 205 636 238 CAPUT
653 205 692 237 Π.
1026 206 1048 231 Α

1026 206 1048 231 Α
1375 205 1500 233 uno“.
1526 197 1567 232 θ’.

195 249 243 282 De
257 251 449 283 oonvem’enti
466 251 630 282 traditione
642 250 818 282 divinorum
828 250 962 291 dogmati

1101 251 1152 290 Ιιρὶ
1166 250 1213 284 τῆς
1240 250 1404 290 ἁρμοζούσης
1427 247 1592 296 μζεταδόσεως
1614 251 1667 277 τῶν
1689 249 1765 276 Θείων
1781 248 1868 287 δογμά-

1419 300 1484 320 των.
1500 300 1512 317 ιι

235 338 258 378 ἰ,
273 340 377 371 15-15.
403 339 490 370 Nosti
503 339 557 370 hoc
570 339 649 378 quod
665 338 820 370 adversati
835 348 881 370 me
902 338 1002 378 fuerin

1103 349 1114 365 lt
1147 336 1229 369 Οἶδας
1251 340 1326 366 τοῦτο
1354 337 1394 366 ὅτι
1430 336 1635 377 ἀπεστράφησάν
1672 347 1712 378 μεν
1735 336 1828 368 πάντες
1851 337 1870 363 oi

195 376 297 415 omnes
308 384 361 424 qui
376 386 446 415 sunt
460 385 493 414 in
508 376 597 421 Αείἇ,
623 391 753 422 quorum
766 387 809 414 est
824 376 962 424 Pryg'elui

1125 385 1159 420 τῇ
1193 382 1268 419 Ἀσίᾳ
1302 384 1339 410 ὧν
1379 382 1434 411 ἐστι
1464 376 1596 421 Φρύγελος
1631 381 1676 409 καὶ
1705 376 1869 419 Ἑρμογένης.

196 427 407 468 Hermogenes.
427 429 482 458 Det
504 428 572 458 261
598 428 836 459 misericordiam
865 428 963 458 Domi:

1104 438 1121 460 η
1152 426 1228 459 ἕλεος
1269 428 1283 455 ὁ
1317 427 1410 467 Κύριος
1446 430 1484 464 τῷ
1513 425 1688 465 Ὀνησιφόρου
1722 425 1800 464 οἴκῳ,
1836 424 1870 452 δτι

196 471 670 513 οηεεὶρ1ιονὶίαγηίἰίοε,ᾳιιοηίανη
680 475 790 512 sapius
801 481 848 503 me
862 471 963 511 refocil

1106 471 1185 504 λάκις
1213 482 1245 509 με
1273 470 1389 509 ὲνέψυξε,
1426 472 1470 500 καὶ
1507 471 1556 505 τὴν
1603 470 1694 513 ἅλυσίν
1736 481 1787 508 μου
1833 471 1873 499 οὒκ

194 517 250 554 vit,
266 510 293 547 et
306 516 343 548 de
361 510 466 548 catena
482 510 551 548 meo
571 526 631 548 non
646 510 782 555 erubuit,
794 517 847 548 sed
860 510 926 548 cum
940 526 961 547 et

979 519 1017 548 ζει
1057 515 1222 556 ἒπῃσχύνθη,
1267 515 1336 544 ἀλλὰ
1377 517 1517 555 γενόμενος
1574 515 1600 544 ἓν
1644 510 1746 555 Ῥώμῃ1

194 560 308 598 Romae,
325 561 479 592 studiOSus
491 561 631 601 quwsivt’t
645 569 703 597 me.
717 565 744 592 et
774 564 901 592 invenit.
919 561 961 592 De

1105 561 1189 601 ότερον
1230 561 1343 597 ἐζήτησέ
1384 571 1417 599 με
1458 561 1502 591 καὶ
1545 561 1614 600 εὗρε,
1660 561 1722 597 Δῴη
1764 560 1872 597 αὑτῷό

194 604 350 643 Dominus,
361 609 395 636 ut
409 605 548 637 inveniat
560 605 804 636 misericordiam
816 605 903 646 apud
917 605 961 636 Do

1106 617 1151 637 ιιος
1187 606 1272 645 εὑρεῖν
1307 605 1380 638 ἔλεος
1415 606 1486 645 παρὰ
1527 606 1619 644 Κυρίου
1662 605 1689 633 ἐν
1724 604 1809 643 ἐκείνῃ
1844 607 1873 641 τῇ

195 658 268 680 num
283 650 317 680 in
330 649 380 680 die
390 649 500 681 illo.Et
513 652 547 680 in
561 658 652 689 quam
665 649 768 681 multis
782 649 896 690 Ephesi
911 650 962 680 mit

1108 650 1155 689 ξρᾳ,
1190 650 1234 678 καί
1265 649 1314 678 ὅσα
1350 650 1376 678 ἐν
1409 649 1512 690 Ἐφὲσῷ
1540 649 1695 690 διηκόνησε,
1726 649 1828 688 βέλτιον
1848 648 1875 677 σὺ

196 694 325 725 travert‘t
340 696 371 725 tu
384 693 492 726 melius
504 695 597 726 nosti.

475 703 492 725 δ
504 695 597 726 nosti.
1059 694 1210 733 γινώσκεις,
1229 706 1242 722 ι

237 738 422 770 Alﬂictiones
437 743 725 780 commemorat,non
738 743 769 770 ut
781 738 959 779 discipulum
973 748 1004 770 re

1109 737 1250 778 Εξηγεϊται
1285 739 1346 771 τοὺς
1381 739 1554 779 πειρασμοὺς,
1586 740 1638 779 οὔχ
1662 739 1709 767 ’ἵνα
1744 737 1875 775 καταϐάλῃ

196 783 431 823 prehendat,sed
442 787 473 814 ut
483 783 588 815 doceat
600 783 636 815 ad
647 783 757 814 similia
767 783 883 815 fortiter
892 783 963 815 toler

1128 785 1262 822 μαθητὴν,
1306 783 1366 812 ἀλλ’
1400 784 1446 812 ’ίνα
1486 783 1574 823 διδάξῃ
1611 784 1654 812 ἐπὶ
1689 790 1747 816 τοῖς
1783 784 1875 821 ὁμοίοις

196 822 356 860 dum.Nam
372 837 440 859 cum
455 838 472 859 a
486 827 603 859 Nerone
618 828 854 868 comprehensus
862 832 950 868 esset,

1142 831 1192 868 ρῶς
1233 828 1331 869 φέρειν.
1379 828 1565 868 Συλληφθέντα
1614 829 1663 867 γὰρ
1698 829 1777 856 αὐτὸν
1806 827 1876 869 Ῠπαρὰ
1906 822 1909 828 ”

196 873 381 914 reliquerunt
391 882 458 904 eum
466 872 555 904 amici
566 872 617 913 qui
627 876 712 904 erant
721 872 750 903 in
759 872 927 904 Asia.Multi
939 881 963 904 ei

1109 885 1193 910 ιωνος,
1210 868 1324 914 οἱνφίλοι
1353 874 1495 903 κατέλιπον
1523 875 1545 903 οἱ
1575 874 1601 902 ἰν
1630 878 1664 912 τῇ
1686 875 1774 910 Ἀσίᾳ.
1801 868 1876 902 Ἠσαν

196 917 297 950 Romae
309 917 455 958 erantqui
470 917 507 948 ab
521 917 592 948 Asia
612 916 705 948 secuti
726 921 811 948 erant
832 916 955 948 Paulum

1131 918 1159 946 ἐν
1182 915 1272 957 Ῥώμῃ
1298 918 1393 947 πολλοὶ
1423 918 1453 946 ἐκ
1485 921 1535 952 τῆς
1563 918 1653 952 Ἀσίας
1689 919 1814 957 ἑπόμενοι
1844 921 1877 954 τῷ

196 963 254 994 alio
271 962 358 994 modo
379 962 547 999 credentes;
568 970 674 992 omnes
697 965 795 992 autem
816 960 963 992 subduxer

1109 962 1168 1000 ὂλῳ,
1199 963 1216 997 ἢ
1245 962 1332 996 ἄλλως
1368 964 1468 993 πιστοί.
1501 963 1602 995 Πάντες
1636 963 1664 991 δὲ
1692 963 1876 1003 ἆπεσχοίνισαν

197 1016 265 1039 sese
276 1010 430 1049 postquam
445 1010 489 1037 est
500 1015 517 1036 a
527 1007 647 1037 Nerone
659 1005 907 1046 comprehensus.
933 1018 946 1033 α

1111 1007 1168 1039 τοὺς
1183 1007 1250 1045 μετὰ
1265 1007 1314 1040 τὴν
1337 1007 1387 1035 ὑπὸ
1413 1007 1529 1046 Νέρωνος
1557 1007 1700 1045 σύλληψιν.
1727 1019 1741 1035 ε
1765 1009 1796 1036 Οἱ
1810 1007 1878 1044 ἒντῇ

197 1056 264 1082 sunt
278 1051 310 1082 in
323 1051 393 1082 Asia
407 1061 414 1082 :
432 1063 446 1079 ι
464 1051 521 1081 hoc
535 1054 592 1087 est,
607 1059 642 1081 ex
657 1049 737 1082 Asia.
754 1062 767 1077 α
782 1049 838 1080 Det
848 1050 964 1081 miseric

1110 1052 1145 1088 ίᾳ.
1163 1063 1177 1079 ι
1195 1050 1346 1087 Τουτέστιν,
1372 1053 1396 1080 οἱ
1425 1051 1456 1079 ἐκ
1482 1054 1531 1085 τῆς
1553 1050 1655 1084 Ἀσίας.
1687 1062 1698 1080 ι
1725 1052 1789 1090 Δῴη
1811 1051 1877 1082 ἕλεος

196 1096 275 1127 diam
291 1095 446 1128 Dominus.
466 1105 478 1122 ι
494 1094 703 1126 Animadverte
718 1094 782 1134 ejus
795 1094 934 1125 studium.
952 1094 963 1125 Ι

1142 1107 1205 1135 ριος.
1237 1107 1251 1124 ι
1291 1090 1363 1135 ιὈροι
1391 1095 1557 1136 φιλοσοφίαν.
1597 1097 1663 1128 Τοὺς
1699 1097 1746 1135 μὲν
1776 1096 1878 1125 καταλι-

197 1144 367 1171 exsecratur
381 1149 431 1171 eos
450 1139 501 1180 qui
524 1139 719 1179 reliquerant,
736 1138 789 1169 sed
805 1139 902 1169 solum
918 1147 964 1169 nat

1110 1151 1168 1177 τας,
1185 1140 1214 1169 οὐ
1233 1141 1412 1180 κατηράσατο,
1435 1139 1503 1169 ἀλλὰ
1532 1141 1611 1178 μόνον
1640 1142 1673 1170 τὰ
1699 1140 1760 1170 κατ’
1789 1142 1875 1172 αὐτοὺς

197 1194 263 1226 quae
274 1184 311 1216 ab
325 1184 398 1225 ipsis
412 1183 522 1215 fiebant
535 1184 580 1215 :ei
590 1193 659 1214 vero
671 1183 722 1224 qui
742 1192 828 1223 opem
843 1183 909 1214 tulit
924 1193 964 1214 ml.

1107 1185 1206 1223 γήσατο
1223 1192 1230 1199 ·
1268 1188 1307 1222 τῷ
1334 1183 1362 1213 δὲ
1396 1184 1574 1224 συμπράξαντι
1605 1185 1693 1215 πολλὰ
1727 1185 1874 1225 ἐπεύχεται,

197 1228 275 1261 bona
286 1232 434 1270 precatur,
457 1238 512 1259 nec
527 1228 584 1259 soli
595 1228 721 1268 ipsi,sed
735 1232 764 1258 et
778 1228 898 1258 familia
912 1227 964 1268 ipsi

1117 1229 1164 1258 οὒκ
1180 1231 1250 1267 αἰντῷ
1266 1231 1349 1268 μόνῳ,
1374 1229 1442 1259 ἀλλὰ
1457 1231 1552 1268 καὶτῷ
1577 1230 1646 1267 οἴκῳ
1673 1233 1763 1262 αὖτοῦ.
1795 1230 1876 1260 Οὕτως

196 1274 270 1305 adeo
286 1273 370 1315 probi
394 1276 488 1311 erant,
507 1276 536 1304 et
555 1272 594 1303 ita
610 1272 815 1312 Onesiphorus
833 1280 884 1303 eos
906 1272 963 1302 inst

1108 1285 1127 1302 ιν
1142 1274 1269 1314 ἒνάρετοι,
1294 1275 1337 1303 καὶ
1359 1274 1442 1307 οὕτως
1470 1274 1563 1307 αὖτοὺς
1594 1275 1768 1315 Ὀνησιφόρος
1804 1275 1875 1303 ἐπαί-

196 1322 289 1350 xerat.
309 1317 514 1358 «Onesiphori
538 1317 667 1348 familiae.
688 1328 698 1345 ι
718 1315 741 1348 Ο
757 1316 825 1347 felix
849 1315 960 1356 Onesip

1109 1329 1160 1351 τεν.
1191 1329 1206 1349 (
1234 1322 1278 1356 Τῷ
1311 1318 1484 1359 Ὀνησιφόρου
1526 1319 1605 1356 οἴκῳ.
1649 1331 1660 1348 ι
1702 1315 1733 1347 Ὠ
1773 1320 1876 1359 μακάριε

197 1364 249 1393 re!
277 1362 327 1403 qui
353 1362 461 1402 dignus
487 1361 606 1393 habitus
633 1371 665 1392 es
688 1365 721 1392 ut
744 1361 866 1392 Paulum
897 1361 964 1392 refot

1110 1362 1236 1404 ησιφόρεε
1274 1364 1302 1396 ὃς
1322 1363 1436 1397 ἠξιώθης
1457 1363 1580 1397 ἀναλῦξαι
1609 1364 1724 1402 Παῦλον,
1755 1364 1802 1398 εἴη
1817 1365 1877 1401 ἡμῖν

197 1407 286 1444 lares,
303 1407 341 1437 sit
350 1406 436 1438 nobis
461 1411 490 1438 et
512 1416 579 1447 pars
603 1410 712 1438 tecum.
733 1419 746 1434 α
762 1406 877 1446 Saepius
899 1415 946 1436 me

1110 1409 1133 1440 ὶς
1149 1408 1214 1446 μετὰ
1230 1412 1288 1436 σοῦ·
1314 1419 1328 1435 ι
1345 1407 1477 1440 Πολλάκις
1506 1419 1539 1445 με
1569 1409 1690 1446 ἆνὲψυξε.
1716 1421 1730 1436 α
1764 1409 1877 1445 Καθάπερ

197 1451 349 1482 focillavit.
364 1452 476 1482 »Vetut
497 1451 640 1483 athletam
665 1450 794 1491 aliquem
822 1451 960 1491 squalore

1110 1453 1178 1488 ητήν
1206 1464 1264 1481 τινα
1298 1453 1348 1481 ὑπὸ
1377 1456 1424 1481 τοῦ
1459 1453 1565 1493 αὐχμοῦ
1592 1456 1641 1487 τῆς
1682 1453 1773 1487 πάλης
1803 1463 1875 1482 κατε-

198 1495 368 1536 fatigatione
386 1496 491 1527 alucla
507 1499 693 1536 occupatum.
714 1508 727 1522 α
739 1494 775 1526 Et
789 1495 826 1526 de
842 1490 965 1526 catena:

1109 1498 1257 1534 ιενονῇῐίαὶ
1272 1498 1320 1531 τὴν
1342 1496 1431 1526 ἅλυσίν
1460 1490 1520 1535 μου
1537 1499 1583 1527 οὒκ
1617 1497 1789 1538 ἐπῃσχύνϐη.
1818 1497 1876 1527 Τοὺς

197 1550 256 1572 non
272 1540 401 1573 erubuit.
422 1553 434 1570 ιι
449 1540 572 1571 Relictis
591 1539 732 1581 periculis
757 1539 899 1579 pudorem
924 1539 964 1570 sol

1112 1541 1192 1574 ἲύνους
1227 1542 1313 1582 ἀφεὶς,
1356 1543 1406 1576 τὴν
1450 1543 1580 1582 αἰσχύνην
1614 1542 1751 1582 προέταξε,
1792 1543 1879 1570 πείθων

198 1585 360 1625 proposuit,
374 1585 503 1616 suadens
517 1584 696 1625 discipulum
721 1583 798 1614 bono
819 1593 885 1615 esse
906 1584 965 1614 ani:

1120 1587 1240 1624 μαθητὴν
1255 1586 1369 1626 Θαῤῥετν.
1402 1587 1439 1619 ὡς
1468 1587 1597 1626 αἰσχύνης
1624 1588 1708 1625 μόνης
1723 1586 1878 1624 τικτομένη(

197 1630 288 1660 veluti
303 1629 384 1661 solus
398 1631 492 1671 pudor
503 1639 537 1661 ex
548 1638 582 1660 ea
592 1628 839 1669 procederet,nec
854 1628 964 1669 pericu]

1112 1635 1150 1660 τοῦ
1164 1631 1332 1671 πράγματος,
1355 1632 1398 1660 καὶ
1419 1631 1448 1660 οὗ
1476 1630 1594 1660 κινδύνου
1613 1631 1760 1672 προσόντος
1777 1642 1785 1651 ’
1801 1632 1879 1660 καίτοι

198 1674 363 1712 accederet,
391 1684 458 1705 cum
484 1678 582 1705 tamen
603 1674 724 1705 adesset
737 1673 824 1704 etiam
842 1673 965 1714 periculi

1111 1676 1149 1705 ut
1164 1675 1280 1708 κίνδυνος
1295 1679 1408 1716 προσῆν.
1433 1671 1462 1705 Ὀ
1485 1676 1534 1715 γὰρ
1559 1676 1649 1716 Νέρων
1665 1676 1789 1714 ἐμαίνετο
1817 1675 1878 1704 καῖᾶ

197 1717 276 1749 Nero
297 1719 376 1749 enim
402 1718 518 1750 insania
534 1718 699 1759 agitabatur
719 1717 860 1749 adversus
881 1718 964 1750 Pauli

1111 1720 1164 1749 ἱλου
1198 1722 1234 1753 ὡς
1275 1721 1482 1761 κατηχήσαντός
1504 1732 1563 1749 τινα
1588 1722 1642 1750 τῶν
1663 1722 1768 1750 οἰκείων
1803 1722 1878 1757 αὐτῷ.

198 1762 278 1803 quod
295 1763 454 1803 quemdam
470 1772 487 1794 e
501 1762 675 1794 domesticis
690 1762 751 1794 suis
775 1763 805 1793 in
831 1762 889 1793 ﬁde
904 1762 962 1793 inst

1115 1764 1321 1805 Σπουδαιότερον
1350 1765 1462 1801 ἐζήτησε
1490 1776 1535 1803 με,
1562 1776 1574 1794 ι
1607 1767 1643 1794 Οὔ
1667 1766 1761 1806 μόνον,
1792 1766 1876 1806 φησὶν.

196 1807 299 1840 xisset.
318 1819 329 1836 ι
341 1807 507 1839 Studiosius
522 1807 654 1848 quaesivit
669 1816 726 1838 me.
747 1819 758 1836 ο
773 1806 837 1838 Non
853 1807 960 1844 solum,

1153 1808 1232 1850 ἔφυγέ
1272 1821 1323 1848 μου
1364 1810 1414 1844 τὴν
1456 1810 1608 1850 συντυχίαν,
1647 1811 1731 1838 καίτοι
1768 1810 1880 1839 κινδύνου

198 1852 271 1893 quit,
301 1862 362 1883 non
389 1852 463 1892 fugit
491 1861 587 1883 meam
617 1851 802 1888 societatem,
819 1861 886 1882 cum
918 1855 965 1882 tan

1113 1865 1132 1886 »ς
1147 1855 1191 1882 καὶ
1206 1854 1395 1895 συντυγχάνειν
1423 1856 1494 1892 αὖτῷ
1524 1854 1590 1883 μετὰ
1619 1854 1650 1883 τὸ
1685 1854 1880 1894 ἑγκλεισθῆνπιι,

197 1896 285 1928 etiam
301 1897 466 1937 periculum
479 1900 557 1927 esset
571 1905 688 1927 mecum
705 1896 877 1927 conversari
894 1895 946 1927 ubi

1113 1910 1125 1938 ρ
1152 1899 1196 1927 καὶ
1230 1898 1432 1939 σπουδαιότερον
1454 1903 1500 1927 τοῦ
1527 1898 1679 1940 ὀφείλοντος
1708 1899 1825 1935 ἐζήτησέ
1852 1908 1880 1936 με

197 1940 296 1972 clusus
308 1950 403 1972 essem
418 1950 424 1972 :
437 1950 539 1972 verum
568 1940 656 1972 etiam
681 1941 844 1972 studiosius
859 1949 945 1981 quam
963 1955 964 1965 ι

1138 1943 1196 1983 εὗρέ
1222 1954 1264 1981 με.
1297 1945 1326 1972 Οἱ
1354 1947 1542 1976 κοινωνοῦντες
1571 1942 1598 1971 δὲ
1625 1944 1678 1972 τῶν
1707 1943 1798 1972 πόνων
1828 1950 1880 1974 τοῖς

197 1985 261 2017 buit
275 1985 410 2027 quaesivit
423 1995 471 2017 me
485 1986 581 2017 donec
596 1985 760 2017 invenisset
775 1995 833 2016 me.
847 1985 903 2021 Qui
917 1989 964 2016 aut

1114 1999 1156 2024 nc,
1171 1989 1360 2023 κοινωνήσωσι
1375 1989 1419 2016 καὶ
1439 1991 1492 2017 τῶν
1520 1988 1669 2028 στεφάνων,
1695 1988 1733 2020 ὡς
1770 1989 1816 2018 καὶ
1837 1987 1881 2016 αὒ-

198 2031 356 2071 participes
390 2040 456 2061 cum
480 2030 591 2061 sanctis
615 2030 742 2061 erantin
760 2030 908 2061 laboribus
930 2039 965 2061 er

1125 2043 1202 2072 φησι.
1228 2044 1242 2060 ι
1275 2032 1368 2066 Καλῶς
1401 2033 1556 2073 ἐποιήσατε,
1583 2033 1796 2069 κοινωνήσαντες
1837 2042 1881 2070 μου

196 2084 314 2115 quoque
330 2075 491 2116 participes
504 2075 534 2105 in
550 2075 681 2112 coronis,
705 2075 781 2105 sicut
806 2074 871 2115 ipse
897 2074 963 2105 dicit

1112 2076 1206 2115 θλίψει.
1237 2088 1250 2105 ³
1285 2093 1323 2100 —
1346 2077 1409 2114 Δῴη
1438 2078 1510 2114 αὒτῷ
1537 2079 1551 2105 ὁ
1573 2077 1666 2117 Κύριος
1696 2078 1784 2116 εὑρεῖν
1813 2076 1879 2107 ἔλεος

199 2131 211 2148 ι
240 2119 332 2151 Recte
359 2119 457 2151 fecisti
484 2119 561 2159 quod
595 2119 837 2150 communicastis
867 2119 966 2150 aﬂlicti

1115 2121 1131 2149 ὰ
1145 2121 1250 2160 Κυρίου.
1281 2131 1296 2151 )
1322 2123 1352 2150 Οἱ
1379 2122 1413 2150 τὰ
1448 2121 1600 2162 Μαρκίωνος
1636 2125 1794 2161 φρονοῦντες
1829 2121 1879 2149 ὲπι-

197 2173 301 2197 meae.»
315 2164 370 2196 Det
384 2164 412 2196 ei
428 2164 571 2196 Dominus
586 2168 619 2195 ut
635 2164 765 2195 inveniat
785 2164 964 2195 misericord

1113 2167 1215 2204 ἷῶσιτῇ
1237 2169 1340 2206 Γραφῇ,
1370 2167 1406 2198 ὼς
1436 2165 1479 2194 δύο
1509 2166 1609 2206 Κυρίων
1636 2165 1729 2205 ὄννων,
1761 2166 1823 2198 ἂλλ’
1844 2168 1880 2197 εἷς

195 2209 273 2249 apud
289 2209 480 2241 Dominum.»
496 2208 552 2244 Qui
567 2207 724 2239 Marcionis
741 2208 879 2248 dogmata
891 2217 962 2248 sequ

1114 2221 1150 2242 ιος
1174 2209 1295 2250 ἄλλαχοῦ
1322 2222 1412 2250 φησιν,
1439 2222 1452 2237 α
1485 2206 1567 2249 Ἡμῖν
1588 2209 1615 2238 δὲ
1644 2213 1685 2243 εἷς
1717 2211 1814 2251 Κύριος
1836 2209 1881 2242 Ἰη-

197 2257 257 2290 tur,
273 2254 418 2286 assultum
443 2253 553 2284 faciunt
581 2253 613 2284 in
639 2252 834 2293 Scripturam,
861 2253 964 2293 quasit

1113 2266 1120 2287 ;
1143 2255 1265 2293 Χριστὸς,
1288 2254 1321 2283 δι’
1343 2256 1372 2283 οὗ
1399 2256 1433 2283 τὰ
1459 2255 1556 2285 πάντα.
1585 2267 1599 2282 ι
1625 2255 1656 2284 Τί
1684 2255 1727 2283 οὖν
1743 2256 1880 2296 νέροῦμενς

197 2298 257 2329 sint
283 2298 402 2329 Domini
428 2307 519 2329 unum
537 2301 635 2328 tamen
662 2297 732 2329 alibi
760 2297 832 2328 dicit
845 2296 964 2328 Domini

1113 2300 1178 2334 ήθης
1207 2300 1225 2333 ἡ
1239 2299 1356 2333 σύνταξις
1376 2299 1443 2334 αὕτη
1464 2303 1499 2338 τῇ
1523 2300 1578 2336 Θείᾳ
1605 2303 1708 2340 Γραφῇ.
1741 2295 1791 2334 Ὠς
1817 2300 1880 2329 ἐκεῖ.

1793 525 1872 542 σπου·
1908 524 1910 532 ¹

198 2355 212 2371 ι
228 2343 322 2375 Nobis
337 2346 437 2374 tamen
452 2351 533 2374 unus
556 2345 602 2374 est
612 2342 756 2373 Dominus
777 2341 863 2373 Jesus
885 2341 1018 2373 Christus

196 2397 250 2428 per
261 2397 351 2428 quem
363 2388 466 2419 omnia
477 2388 504 2418 5.
520 2397 534 2417 ι
550 2386 626 2423 Quid
639 2396 708 2427 ergo
720 2386 877 2418 dicemus?
892 2386 961 2418 Haec
971 2396 1020 2418 or-

195 2432 309 2464 dinatio
324 2432 354 2464 in
371 2441 426 2463 usu
445 2435 490 2463 est
510 2431 586 2472 apud
611 2431 740 2462 divinam
765 2431 948 2472 Scripturam
963 2441 970 2461 :
987 2435 1018 2462 ut

195 2481 242 2508 est
267 2477 341 2508 illud
356 2487 364 2508 :
378 2476 457 2508 Dixit
482 2475 633 2507 Abraham
646 2486 653 2506 :
666 2477 859 2516 Nequaquam
873 2479 952 2506 202
968 2475 1015 2506 in-

194 2529 314 2560 gressus
328 2525 375 2553 est
388 2521 554 2553 Abraham.
576 2521 618 2552 Ac
643 2521 669 2551 si
694 2520 750 2551 hoc
776 2520 840 2551 loco
868 2520 1014 2551 dixisset:

194 2565 319 2597 Tribuat
332 2565 376 2597 illi
401 2565 545 2597 Dominus
566 2569 599 2597 ut
620 2566 750 2597 inveniat
780 2565 1014 2596 misericordiam

192 2610 270 2651 apud
286 2610 396 2651 ipsum.
413 2610 497 2647 Quod
513 2611 538 2642 si
553 2610 641 2641 etiam
658 2614 772 2651 patrem
795 2619 829 2641 ac
843 2610 950 2641 Filium
966 2610 1014 2641 hic

192 2655 354 2695 signiﬁcari
378 2655 526 2695 accipias,
551 2664 589 2686 ne
615 2654 671 2686 hoc
700 2654 821 2695 quidem
852 2654 1013 2685 absurdum

193 2700 261 2733 erit.
278 2699 352 2732 Nam
370 2704 400 2731 et
412 2701 501 2732 Pater
514 2699 658 2732 Dominus
677 2703 733 2738 est,
757 2703 788 2731 et
802 2698 895 2730 Filius
908 2698 1012 2730 Domi-

230 2786 246 2811 4
261 2785 389 2827 Philipp.
405 2793 447 2827 ιν,
466 2786 513 2818 14.
556 2786 572 2811 5
586 2784 598 2815 Ι
612 2786 678 2816 Cor.
696 2792 758 2822 Vill,
773 2784 805 2817 6.

1060 2344 1144 2373 Εἶπεν
1174 2342 1305 2384 Ἀϐραὰμ,
1335 2347 1371 2374 Οὐ
1411 2345 1450 2383 μὴ
1485 2344 1588 2383 εἰσέλθῃ
1616 2343 1737 2384 Ἀϐραάμ
1757 2352 1764 2360 '
1804 2346 1842 2376 ὡς
1865 2344 1883 2372 εἰ

1059 2387 1145 2427 ἔλεγε,
1175 2388 1307 2428 Παράσχῃ
1334 2390 1405 2426 αότῷ
1435 2390 1448 2417 ὁ
1471 2390 1563 2429 Κύριος
1593 2389 1679 2428 εὑρεῖν
1709 2388 1787 2422 ἔλεος
1824 2387 1881 2427 παρ’

1060 2432 1142 2470 αὐτῷ.
1159 2433 1189 2461 Εἰ
1204 2432 1289 2462 δὲκαὶ
1310 2434 1355 2461 τὸν
1379 2433 1483 2474 Πατέρα
1510 2434 1554 2462 καὶ
1582 2434 1626 2462 τὸν
1648 2434 1708 2462 Υἱὺν
1740 2433 1881 2468 δηλοῦσθαι

1059 2477 1167 2506 ἐνταῦθα
1183 2476 1254 2518 δέξῃ,
1284 2477 1342 2507 οὐδὲ
1368 2482 1443 2507 τοῦτο
1465 2477 1575 2509 ἄτοπον,
1605 2478 1655 2507 Καὶ
1683 2479 1697 2506 ὁ
1719 2479 1816 2518 Πατὴρ
1836 2478 1881 2517 γὰρ

1056 2522 1099 2550 καὶ
1120 2523 1134 2550 ὁ
1162 2523 1222 2554 Υἱὸς
1245 2522 1348 2563 Κύριος,
1379 2524 1423 2551 καὶ
1450 2524 1480 2551 τὸ
1502 2526 1607 2561 Πνεῦμα
1638 2522 1742 2562 Κύριος,
1770 2522 1881 2553 ἁλλέἶς

1058 2566 1150 2606 Κύριος
1201 2573 1264 2597 ταῖς
1314 2567 1396 2607 τρισὶν
1448 2568 1622 2596 ὑποστάσεσιν
1637 2599 1648 2611 ν
1674 2566 1880 2608 ἐμφαινόμενος.

1059 2622 1073 2638 ι
1090 2611 1174 2639 Εἶπεν
1190 2612 1204 2639 ὁ
1220 2612 1312 2651 Κύριος
1328 2615 1366 2649 τῷ
1397 2612 1482 2652 Κυρίῳ
1509 2623 1572 2650 μου.
1589 2621 1604 2641 )
1643 2614 1666 2640 Η
1696 2611 1736 2640 ὅτι
1767 2611 1882 2652 διευκρι-

1056 2655 1160 2686 νοῦντός
1189 2655 1246 2684 ἐστι
1279 2657 1310 2684 τὸ
1339 2655 1422 2699 οὕτως
1450 2657 1535 2685 εἰπεῖν
1563 2656 1611 2688 τὰς
1647 2656 1722 2696 ἁγίσς
1759 2656 1878 2685 ὑποστά-

1055 2710 1120 2737 σεις,
1136 2701 1173 2731 ὡς
1203 2699 1260 2728 ἐκεῖ
1277 2709 1284 2716 ·
1315 2713 1330 2728 ι
1369 2699 1461 2741 Εϐρεξε
1485 2701 1577 2740 Κύριος
1603 2700 1674 2740 παρᾶ
1703 2701 1801 2740 Κυρίου
1829 2703 1882 2740 πῦρ
