1942 3078
195 139 255 174 207

194 253 242 285 De
256 254 448 286 conuenienti
465 208 635 286 ιναὲἒὲἳῖ
642 208 818 286 dIt'Iuinorum
828 254 1013 295 dogmatum.

233 342 257 381 Ι,
272 343 376 375 15-15.
403 342 489 374 Nosti
502 343 557 374 hoc
569 343 649 382 quod
665 343 820 374 adversati
835 352 881 374 me
901 343 1016 382 fuerint

194 395 296 419 omnes
307 388 360 428 qui
375 390 446 419 sunt
460 389 493 419 in
508 388 597 426 Asia,
623 395 752 427 quorum
766 390 808 419 est
824 387 968 428 Prygelus
989 389 1016 418 et

195 431 406 472 Hermogenes.
427 433 482 463 Det
504 432 572 462 26!
598 432 836 463 misericordiam
865 431 1016 463 Dominus

195 476 373 517 Onesiphori
381 476 670 517 familiw,quoniam
680 479 790 516 sapius
801 485 848 507 me
862 475 1015 515 refocilta—

194 522 250 559 vit,
266 524 293 552 et
306 521 343 552 de
361 524 466 552 eatena
481 530 551 552 mea
570 529 631 552 non
646 520 781 559 erubuit,
794 521 846 552 sed
859 529 925 552 cum
939 524 1016 552 esset

194 564 308 603 Roma,
325 565 478 597 studiosus
491 566 631 606 quaesivit
645 574 702 600 me.
717 569 744 596 et
773 568 900 596 invenit.
918 565 974 596 Det
989 568 1018 596 ei

194 608 350 647 Dominus,
362 613 395 640 ut
409 609 548 641 inveniat
560 609 803 641 misericordiam
816 609 903 650 apud
916 609 1017 640 Domi-

194 662 268 685 num
282 654 316 685 in
330 653 380 685 die
390 653 499 686 itlo.Et
513 656 547 685 in
561 662 652 694 quam
665 653 767 685 multis
783 653 896 694 Ephesi
910 654 1013 685 minis»

195 698 325 729 traverit
339 701 371 730 tu
384 697 492 730 melius
504 699 597 730 nosti.

237 742 423 774 Afﬂictiones
437 747 724 784 commemorat,non
738 746 769 774 ut
781 742 959 783 discipulum
974 752 1019 774 re-

195 787 431 827 prehendat,sed
441 791 474 819 ut
483 787 589 819 doceat
600 788 637 819 ad
648 788 757 819 similia
767 787 883 819 fortiter
893 787 1018 818 toleran-

196 833 356 864 dum.Nam
372 842 440 864 cum
455 842 472 863 a
486 831 604 863 Nerone
619 832 854 872 comprehensus
862 837 950 872 esset,
963 832 1017 863 de-

1099 835 1192 872 ρτερῶς
1233 832 1331 873 φέρειν.

196 878 381 919 reliquerunt
392 886 459 908 eum
466 877 555 908 amici
567 876 617 917 qui
628 881 713 908 erant
721 876 751 907 in
760 876 927 908 Asia.Multi
939 877 1018 907 enim

195 922 298 954 Romae
310 921 456 963 erantqui
471 921 508 953 ab
521 922 593 953 Asia
613 921 706 952 secuti
726 925 811 952 erant
832 920 954 952 Paulum
971 925 1020 952 aut

197 967 255 998 alio
272 967 359 998 modo
380 966 548 1003 credentes;
569 975 675 997 omnes
698 970 795 996 autem
816 964 1020 997 subduxerunt

197 1021 265 1043 sese
277 1015 431 1053 postquam
446 1014 490 1041 est
500 1019 518 1041 a
527 1011 648 1042 Nerone
659 1010 907 1050 comprehensus.
932 1022 946 1038 α
964 1009 1019 1045 Qui

197 1060 265 1087 sunt
279 1056 310 1086 in
323 1055 394 1086 Asia
408 1065 414 1086 :
433 1067 447 1083 »
464 1055 522 1086 hoc
536 1058 592 1092 est,
607 1064 642 1086 ex
658 1054 737 1086 Asia.
754 1066 767 1082 ι
782 1054 837 1084 Det
848 1054 1017 1085 misericor-

196 1100 275 1130 diam
291 1099 447 1132 Dominus.
466 1110 479 1126 υ
495 1099 703 1130 Animadverte
718 1099 782 1139 ejus
794 1098 933 1130 studium.
951 1098 1016 1129 Non

196 1148 367 1175 exsecratur
381 1153 432 1175 eos
451 1143 501 1184 qui
524 1143 718 1184 reliquerant,
735 1143 788 1174 sed
804 1143 902 1174 solum
917 1147 1017 1174 narrat

196 1198 262 1230 quae
273 1188 310 1220 ab
324 1188 398 1229 ipsis
412 1188 522 1220 ﬁebant
534 1198 541 1219 :
551 1188 579 1219 ei
589 1197 658 1219 vero
670 1187 721 1228 qui
741 1196 827 1228 opem
842 1187 909 1218 tulit
923 1187 1015 1218 multa

196 1233 275 1265 bona
285 1237 433 1274 precatur,
456 1242 511 1264 nec
527 1233 583 1264 soli
594 1232 721 1273 ipsi,sed
734 1236 763 1263 et
777 1232 898 1263 familiae
911 1231 1015 1272 ipsius:

195 1278 269 1309 adeo
285 1277 370 1319 probi
394 1281 488 1315 erant,
507 1281 535 1308 et
554 1277 594 1308 ita
609 1276 814 1317 Onesiphorus
833 1284 884 1307 eos
906 1276 1017 1307 instru-

194 1326 288 1354 xerat.
308 1321 513 1363 «Onesiphori
537 1321 666 1352 familias.
687 1333 698 1349 ›
717 1320 741 1352 Ο
756 1321 825 1352 felix
849 1319 1018 1360 Onesipho-

196 1368 248 1398 re!
277 1366 327 1407 qui
353 1366 461 1406 dignus
487 1365 606 1397 habitus
633 1375 666 1396 es
688 1369 721 1396 ut
745 1365 866 1396 Paulum
896 1365 1018 1396 refocil—

197 1411 286 1448 lares,
303 1411 340 1442 sit
350 1411 437 1442 nobis
461 1415 491 1442 et
513 1420 580 1451 pars
603 1414 712 1441 tecum.
733 1422 746 1437 κ
762 1410 877 1450 Saepius
900 1418 946 1440 me
967 1419 1018 1440 re-

197 1455 477 1487 focillavit.»Vetut
498 1455 641 1486 athletam
666 1455 794 1495 aliquem
822 1455 960 1494 squalore
986 1463 1020 1485 ac

198 1500 368 1540 fatigatione
387 1500 492 1531 alucta
508 1503 694 1540 occupatum.
714 1512 727 1527 α
739 1498 775 1530 Et
789 1499 826 1530 de
842 1502 946 1530 catena
954 1494 1049 1529 meac

197 1554 257 1575 non
272 1544 402 1576 erubuit.
423 1556 435 1574 ν
450 1543 573 1575 Relictis
592 1543 732 1584 periculis
756 1544 899 1584 pudorem
924 1543 1019 1574 solum

198 1589 360 1630 proposuit,
374 1589 504 1621 suadens
518 1587 696 1628 discipulum
721 1587 798 1618 bono
820 1597 886 1619 esse
906 1587 1017 1625 animo,

197 1633 288 1664 veluti
303 1633 384 1665 solus
399 1634 494 1675 pudor
504 1642 538 1664 ex
548 1642 583 1663 ea
593 1632 840 1673 procederet,nec
854 1632 1019 1673 periculum

197 1678 363 1715 accederet,
392 1688 458 1709 cum
485 1681 582 1708 tamen
604 1677 724 1708 adesset
737 1677 824 1708 etiam
842 1677 1017 1718 periculum.

197 1721 275 1754 Nero
297 1723 376 1754 enim
402 1721 519 1753 insania
534 1721 699 1762 agitabatur
719 1722 860 1753 adversus
881 1722 1016 1759 Paulum,

197 1767 277 1806 quod
294 1767 454 1807 quemdam
470 1776 487 1797 e
501 1766 676 1797 domesticis
690 1765 751 1797 suis
775 1766 804 1796 in
831 1766 889 1797 fide
904 1767 1018 1797 instru-

195 1811 298 1844 xisset.
318 1823 329 1839 ι
341 1810 507 1843 Studiosius
522 1811 655 1851 quaesivit
669 1819 726 1842 me.
747 1823 758 1840 ι
773 1810 837 1841 Non
853 1810 959 1848 solum,
974 1810 1019 1841 in-

197 1856 270 1896 quit,
300 1866 361 1887 non
389 1856 462 1896 fugit
491 1865 587 1887 meam
617 1855 802 1892 societatem,
819 1864 885 1886 cum
917 1859 1016 1886 tamen

196 1900 284 1931 etiam
300 1901 466 1941 periculum
478 1904 556 1931 esset
571 1909 688 1931 mecum
705 1900 877 1931 conversari
894 1899 946 1931 ubi
965 1908 1017 1930 re-

195 1944 296 1976 clusus
307 1954 402 1976 essem
417 1954 424 1977 :
437 1954 539 1976 verum
568 1945 656 1976 etiam
681 1944 844 1976 studiosius
859 1953 945 1985 quam
962 1944 1017 1974 de-

196 1989 259 2020 buit
274 1989 410 2031 quasivit
422 1999 470 2021 me
485 1990 581 2020 donec
596 1989 761 2020 invenisset
775 1998 833 2020 me.
847 1989 903 2025 Qui
916 1993 1017 2020 autem

197 2035 355 2075 participes
389 2044 455 2066 cum
479 2034 591 2065 sanctis
614 2038 698 2065 erant
712 2034 742 2064 in
760 2033 908 2064 laboribus
929 2036 1018 2064 erunt

195 2088 314 2120 quoque
329 2079 490 2120 participes
503 2079 533 2109 in
550 2079 681 2116 coronis,
705 2079 781 2109 sicut
806 2078 872 2119 ipse
897 2078 1014 2109 diciH:

198 2135 210 2151 ι
239 2123 331 2155 Recte
360 2123 456 2155 fecisti
483 2123 560 2164 quod
594 2123 837 2154 communicastis
866 2122 1019 2154 afﬂictioni

750 141 955 175 (ECUMENII
978 138 1126 172 TRICCIE
1145 137 1312 172 EPISCOPI

1822 134 1882 167 208

1375 209 1500 236 ΚΕΦΑΛ.
1526 201 1568 236 B'.

1059 265 1071 281 ι
1091 255 1152 294 Περὶ
1165 254 1213 288 τῆς
1240 253 1404 294 ἁρμοζούσης
1427 251 1592 290 μεταδόσεως
1614 255 1667 281 τῶν
1689 253 1765 280 θείων
1783 251 1883 291 δογμά-

1419 304 1484 324 των,
1500 304 1512 320 η

1101 353 1113 369 (ι
1146 340 1229 373 Οἶδας
1250 344 1326 370 to‘wo
1354 341 1394 370 ὅτι
1430 340 1635 381 ἀπεστράφησάν
1672 351 1711 381 με,
1735 339 1833 371 πάντες
1858 340 1885 367 οἱ

1057 386 1084 414 ἐν
1125 388 1159 424 τῇ
1193 385 1268 422 Ἀσίᾳ
1301 387 1339 414 ὧν
1379 386 1434 414 ἐστι
1463 380 1597 426 Φρύγελος
1631 385 1675 413 καὶ
1705 380 1883 423 Ἑρμογένης.

1058 431 1121 468 Δῴη
1153 430 1227 462 ἕλεος
1268 432 1283 459 ὁ
1317 431 1410 470 Κύριος
1446 433 1484 468 τῷ
1513 429 1688 470 Ὀνησιφόρου
1722 428 1802 468 οἴκῳ,
1841 428 1885 456 ὃτι

1057 474 1184 508 πολλάκις
1213 486 1245 513 με
1273 474 1389 513 ἒνέψυξε,
1426 476 1470 504 καὶ
1507 475 1556 508 τὴν
1604 473 1694 502 ἅλυσίν
1737 485 1788 511 μου
1837 475 1887 502 οὒκ

1057 519 1222 560 ἐπῃσχύνθη,
1267 519 1336 548 ἀλλὰ
1377 520 1517 559 γενόμενος
1573 519 1600 548 ἐν
1644 514 1748 559 Ῥώμῃ,
1794 529 1885 546 σπου-

1058 563 1189 604 δαιότερον
1230 564 1342 601 ἒςήτησέ
1384 576 1418 603 με
1459 565 1502 595 καὶ
1545 565 1614 604 εὗρε,
1660 564 1723 601 Δῴη
1764 565 1838 601 αὑτῷ
1870 563 1885 590 ὃ

1058 609 1151 649 Κύριος
1187 610 1272 648 εὑρεῖν
1308 609 1380 642 ἕλεος
1415 609 1486 649 παρὰ
1527 609 1619 648 Κυρίου
1662 609 1689 637 ἐν
1724 608 1810 647 ἐκείνῃ
1849 610 1887 645 τῇ

1057 653 1155 693 ἡμέρᾳ,
1190 654 1234 682 καί
1266 653 1314 682 ὅσα
1350 654 1376 682 ἐν
1409 653 1512 694 Ἐφέσῷ
1540 653 1696 694 διηκόνησε,
1726 653 1830 692 βέλτιον
1853 652 1888 681 σὺ

1058 698 1210 737 γινώσκεις,
1229 710 1243 726 ι

1098 741 1251 782 Ἐξηγετται
1285 742 1346 774 τοὺς
1381 743 1554 783 πειρασμοὺς,
1587 743 1638 783 οὔχ
1663 742 1709 771 ἵνα
1744 741 1888 779 καταϐάλῃ

1059 788 1104 816 τὸν
1128 788 1262 826 μαθητὴν,
1306 787 1366 816 ἀλλ’
1400 788 1446 816 ἵνα
1486 787 1574 826 διδάξῃ
1612 788 1654 816 ἐπὶ
1689 794 1748 820 τοῖς
1783 788 1889 825 ὁμοίοις

1379 831 1565 872 Συλληφθέντα
1614 832 1664 871 γὰρ
1699 833 1777 860 αὑτὸν
1813 831 1889 870 παρᾶ

1061 871 1192 917 Νέρωνος,
1210 871 1325 918 οἷφίλοι
1353 871 1495 907 κατέλιπον
1523 879 1546 907 οἱ
1575 878 1602 906 ἒν
1630 881 1665 916 τῇ
1686 878 1773 914 Ἀσίᾳ.
1801 871 1890 906 vilest»

1060 923 1110 962 γὰρ
1131 922 1158 950 ἐν
1182 918 1273 960 ¹Ρώμίῃ
1298 922 1393 951 πολλοὶ
1423 922 1452 950 ἐκ
1485 925 1535 955 τῆς
1563 921 1653 955 Ἀσίας
1689 922 1815 960 ἑπόμενοι
1847 926 1891 959 τῷ

1060 966 1168 1003 Παύλῳ,
1198 967 1216 1001 ἢ
1245 966 1332 999 ἄλλως
1369 968 1468 997 πιστοί.
1501 967 1602 999 Πάντες
1636 966 1664 995 δὲ
1692 967 1890 1006 ἆπεσχοίνισαν

1060 1011 1168 1043 ἑαυτοὺς
1182 1011 1250 1049 μετὰ
1265 1011 1314 1044 τὴν
1337 1011 1387 1039 ὑπὸ
1412 1011 1529 1050 Νέρωνος
1557 1010 1700 1048 σύλληψιν.
1727 1023 1742 1039 σ
1765 1012 1796 1040 Οἱ
1810 1011 1839 1039 ἒν
1852 1014 1892 1049 τῇ

1057 1054 1145 1092 Ἀσίᾳ.
1163 1067 1177 1083 ι
1194 1054 1346 1091 Τουτέστιν,
1373 1056 1396 1084 οἱ
1425 1055 1456 1083 ἐκ
1482 1058 1531 1088 τῆς
1553 1054 1655 1088 Ἀσίας.
1687 1066 1699 1083 ι
1725 1056 1789 1093 Δῴη
1812 1055 1891 1088 ἔλεος

1058 1100 1072 1128 ὁ
1101 1100 1206 1139 Κύριος,
1237 1111 1251 1127 ι
1291 1094 1363 1139 ιὈρει
1391 1099 1558 1140 φιλοσοφίαν,
1597 1100 1663 1132 Τοὺς
1699 1101 1747 1138 μὲν
1776 1100 1891 1128 καταλι-

1057 1143 1168 1181 πόντας,
1185 1144 1214 1173 οὗ
1233 1145 1412 1184 κατηράσατο,
1435 1143 1503 1173 ἀλλὰ
1532 1144 1611 1181 μόνον
1640 1145 1673 1174 τὰ
1700 1144 1759 1173 κατ’
1788 1146 1887 1177 αὖτοὺς

1059 1187 1206 1228 διηγήσατο
1223 1196 1230 1204 ⁸
1268 1192 1307 1226 τῷ
1334 1187 1362 1216 δὲ
1396 1188 1574 1228 συμπράξαντι
1605 1189 1693 1218 πολλὰ
1728 1189 1887 1229 ἐπεύχεται,

1058 1234 1103 1262 καὶ
1117 1233 1164 1262 οὒκ
1179 1235 1250 1271 αύτῷ
1266 1234 1349 1272 μόνῳ,
1373 1232 1442 1263 ἀλλὰ
1456 1235 1500 1262 καὶ
1514 1237 1552 1271 τῷ
1577 1233 1646 1271 οἴκῳ
1673 1237 1763 1265 αὐτοῦ.
1794 1234 1890 1266 Οὕτως

1059 1278 1126 1312 ἦσαν
1142 1278 1269 1318 ὲνάρετοι,
1294 1279 1337 1307 καὶ
1360 1278 1442 1310 οὕτως
1470 1278 1564 1311 αὖτοὺς
1594 1279 1767 1319 Ὀνησιφόρος
1804 1279 1888 1307 ἐπαί-

1060 1322 1160 1354 δευσεν,
1191 1333 1205 1353 (
1234 1326 1278 1360 Τῷ
1311 1321 1484 1363 Ὀνησιφόρου
1526 1323 1606 1360 οἴκῳ,
1649 1335 1660 1351 ι
1702 1318 1734 1351 τΩ
1772 1324 1889 1363 μακάριε

1060 1366 1236 1407 Ὀνησιφόρεε
1274 1368 1302 1400 ὃς
1322 1367 1436 1401 ἠξιώθης
1457 1366 1580 1400 ἆναλῦξαι
1609 1367 1724 1405 Παῦλον,
1755 1367 1801 1402 εἴη
1817 1369 1890 1406 ἡμῖν

1060 1413 1132 1451 μερὶς
1149 1413 1215 1450 μετᾶ
1230 1415 1287 1441 σοῦ’
1314 1423 1328 1440 ι
1345 1411 1477 1444 Πολλάκις
1506 1422 1539 1449 με
1569 1411 1690 1450 ἀνέψυξε,
1717 1424 1731 1440 σ
1763 1413 1890 1450 Καθάπερ

1061 1456 1178 1492 ἀθλητήν
1206 1468 1264 1485 τινα
1298 1457 1348 1485 ὕπὸ
1377 1460 1424 1485 τοῦ
1459 1456 1565 1497 αὐχμοῦ
1592 1460 1641 1491 τῆς
1682 1457 1772 1491 πάλης
1801 1469 1887 1486 κατε-

1062 1501 1257 1542 χόμενον,ξῐ(αὶ
1271 1502 1320 1535 τὴν
1342 1501 1431 1530 ἅλυσίν
1460 1513 1510 1539 μου
1536 1503 1583 1530 οὒκ
1617 1501 1787 1542 ἐπῃσχύνθη.
1818 1502 1888 1533 Τοὺς

1061 1545 1192 1578 κινδύνους
1228 1546 1313 1587 ἀφεὶς,
1356 1547 1406 1580 τὴν
1450 1546 1579 1586 αἰσχύνην
1614 1546 1750 1586 προέταξε,
1789 1547 1891 1575 πεῖθων

1060 1591 1106 1618 τὸν
1120 1591 1240 1628 μαθητὴν
1255 1590 1369 1630 θαρῤετν.
1402 1591 1439 1622 ὡς
1468 1590 1597 1630 αίσχύνης
1624 1592 1708 1629 μόνης
1724 1591 1890 1628 τικτομένης

1061 1634 1091 1664 ἐκ
1103 1638 1150 1664 τοῦ
1164 1635 1331 1675 πράγματος,
1355 1636 1398 1664 καὶ
1419 1635 1448 1664 ού
1476 1634 1594 1664 κινδύνου
1613 1635 1759 1676 προσόντος
1774 1645 1783 1654 θ
1799 1637 1890 1664 καίτοι

1060 1690 1091 1718 γε
1105 1680 1149 1708 καὶ
1164 1679 1280 1712 κίνδυνος
1295 1682 1407 1720 προσῆν,
1433 1675 1462 1708 ι0
1485 1679 1535 1719 γὰρ
1558 1679 1649 1719 Νέρων
1665 1679 1786 1717 ἐμαίνετο
1816 1681 1888 1709 κατᾶ

1060 1724 1164 1753 Παύλου
1198 1726 1235 1757 ὡς
1274 1724 1482 1765 κατηχήσαντός
1504 1735 1563 1753 τινα
1588 1726 1642 1753 τῶν
1663 1725 1766 1753 οἰκείων
1800 1727 1888 1763 αύτῷ.

1062 1780 1077 1797 ι
1114 1768 1321 1809 Σπουδαιότερον
1350 1769 1462 1805 ἑζήτησέ
1490 1780 1535 1807 με.
1562 1779 1574 1797 ι
1607 1770 1644 1798 Οὒ
1667 1770 1760 1810 μόνον,
1789 1771 1886 1810 φησὶν,

1059 1815 1107 1843 οὐκ
1154 1812 1232 1853 ἔφυγέ
1272 1825 1324 1852 μου
1364 1814 1414 1848 τὴν
1456 1814 1609 1853 συντυχίαν,
1647 1815 1731 1842 καίτοι
1766 1814 1891 1844 κινδύνου

1058 1858 1132 1890 ὄντος
1147 1858 1191 1886 καὶ
1205 1858 1395 1898 συντυγχάνειν
1423 1860 1494 1895 αὖτῷ
1524 1857 1591 1887 μετὰ
1620 1858 1651 1886 τὸ
1685 1857 1889 1899 ἐγκλειοθῆνπιι⁷

1058 1901 1126 1942 άλλη
1153 1903 1196 1931 καὶ
1230 1901 1432 1943 σπουδαιότερον
1454 1906 1500 1931 τοῦ
1527 1902 1679 1943 ὀφείλοντος
1708 1903 1823 1938 ἑζήτησέ
1853 1915 1890 1941 με

1057 1946 1108 1980 ἕως
1138 1946 1195 1987 εὗρέ
1221 1958 1264 1985 με,
1297 1949 1326 1976 Οἱ
1354 1951 1543 1980 κοινωνοῦντες
1571 1946 1598 1975 δὲ
1626 1947 1678 1976 τῶν
1707 1947 1795 1976 πόνων
1827 1955 1890 1980 τοῖς

1059 1991 1156 2031 ἁγίοις,
1170 1992 1360 2027 κοινωνήσουσι
1374 1993 1419 2020 καὶ
1439 1995 1493 2021 τῶν
1521 1992 1669 2032 στεφάνων,
1696 1992 1733 2024 ὡς
1768 1992 1814 2021 καὶ
1835 1993 1891 2020 αὖ·

1059 2036 1104 2068 τός
1125 2047 1202 2076 φησι.
1228 2048 1242 2064 σ
1274 2036 1368 2070 Καλῶς
1401 2037 1556 2077 ἐποιήσατε,
1583 2036 1792 2073 κοινωνήσᾳντές
1836 2049 1891 2074 μου

1059 2084 1093 2119 τῇ
1107 2080 1206 2119 θλίψει,
1237 2092 1251 2109 ι
1285 2098 1323 2104 -
1346 2082 1409 2118 Δῴη
1437 2081 1509 2117 αύτῷ
1537 2082 1551 2109 ὁ
1574 2081 1666 2121 Κύριος
1696 2082 1782 2120 εὑρεῖν
1810 2080 1888 2113 ἕλεος

1059 2126 1131 2164 παρὰ
1145 2125 1250 2164 Κυρίου,
1281 2135 1296 2155 )
1322 2127 1352 2154 Οἱ
1379 2126 1413 2154 τὰ
1447 2125 1600 2165 Μαρκίωνος
1636 2128 1791 2165 φρονοῦντες
1827 2125 1888 2154 ἔπι-

196 2177 301 2201 ῐοεεο.»
315 2168 370 2200 Det
384 2169 412 2200 ei
427 2168 571 2200 Dominus
586 2172 618 2199 ut
634 2168 765 2198 inveniat
785 2167 1017 2199 misericordiam

1099 2168 1166 2202 $136!.
1180 2172 1215 2208 τῇ
1236 2173 1340 2210 Γραφῇ,
1370 2171 1406 2201 ὡς
1435 2169 1490 2210 δύο,
1509 2169 1609 2210 Κυρίων
1637 2169 1729 2208 ὄκνων,
1760 2169 1821 2201 ἁλλ’
1843 2173 1888 2204 εἷς

195 2213 273 2253 apud
290 2213 479 2245 Dominumn
496 2212 552 2249 Qui
566 2212 724 2243 Marcionis
741 2211 879 2252 dogmata
891 2221 1018 2252 sequun-

196 2261 256 2295 tur,
272 2258 418 2290 assultum
443 2257 553 2288 faciunt
581 2257 612 2288 in
639 2257 834 2297 Scripturam,
861 2257 944 2297 quasi
960 2257 1017 2287 duo

196 2302 255 2333 sint
282 2302 402 2334 Domini
428 2312 518 2333 unum
536 2305 634 2332 tamen
661 2302 731 2333 alibi
760 2301 831 2332 dicit
845 2300 1016 2333 Dominum.

197 2358 212 2375 ι
227 2346 322 2379 Nobis
337 2351 436 2378 tamen
452 2355 532 2378 unus
555 2349 602 2379 est
611 2346 756 2377 Dominus
777 2345 863 2377 Jesus
885 2345 1019 2377 Christus

195 2401 249 2432 per
260 2401 350 2432 quem
363 2392 465 2423 omnia
477 2392 503 2423 5.
520 2402 533 2421 ι
549 2391 625 2428 Quid
638 2400 708 2431 ergo
720 2391 877 2422 dicemus?
892 2390 961 2422 Haec
972 2400 1020 2421 or-

194 2437 308 2468 dinatio
323 2437 354 2468 in
371 2446 425 2467 usu
444 2439 489 2468 est
509 2435 586 2477 apud
610 2436 739 2466 divinam
765 2435 948 2476 Scripturam
963 2445 970 2465 :
987 2439 1019 2465 ut

194 2485 240 2512 est
266 2481 340 2512 illud
355 2491 363 2512 :
377 2481 456 2512 Dixit
482 2480 632 2512 Abraham
645 2490 652 2510 :
665 2481 859 2520 Nequaquam
873 2483 952 2509 τις
968 2479 1015 2509 in-

193 2533 313 2564 gressus
327 2530 374 2557 est
387 2525 553 2557 Abraham.
575 2525 618 2556 Ac
643 2524 668 2555 si
694 2524 751 2555 hoc
776 2524 840 2555 loco
868 2524 1014 2554 dixisset:

193 2569 317 2602 Tribuat
331 2570 376 2601 illi
400 2570 544 2602 Dominus
565 2574 598 2601 ut
620 2570 750 2601 inveniat
780 2568 1014 2600 misericordiam

192 2615 269 2656 apud
285 2614 395 2656 ipsum.
412 2614 496 2652 Quod
512 2615 537 2647 si
553 2615 641 2646 etiam
658 2618 771 2655 patrem
795 2623 829 2645 ac
843 2614 950 2645 Filium
967 2614 1014 2645 hir

192 2659 353 2699 signiﬁcari
378 2659 525 2700 accipias,
551 2668 588 2691 ne
614 2659 670 2690 hoc
700 2658 821 2700 quidem
852 2657 1013 2689 absurdum

192 2703 260 2737 erit.
277 2703 351 2736 Nam
369 2708 399 2736 et
412 2705 499 2736 Pater
513 2704 658 2737 Dominus
677 2707 733 2742 est,
757 2706 788 2735 et
803 2702 896 2734 Filius
909 2702 1013 2734 Domi-

229 2790 246 2815 4
260 2789 388 2831 Philipp.
405 2797 446 2831 IV,
466 2791 511 2823 14.
555 2790 571 2816 5
585 2788 597 2820 Ι
612 2790 678 2820 Cor.
695 2796 759 2826 vin,
774 2788 805 2820 6.

1061 2214 1150 2253 Κύριος
1174 2213 1295 2254 ἀλλαχοῦ
1321 2226 1413 2254 φησιν,
1439 2225 1452 2241 α
1485 2209 1567 2252 (EIva
1588 2213 1616 2242 δὲ
1644 2216 1685 2247 εἷς
1717 2215 1811 2254 Κύριος
1834 2214 1890 2249 Ἰη-

1058 2263 1120 2290 σοῦς
1142 2259 1265 2297 Χριστὸς,
1288 2257 1322 2287 δι’
1343 2260 1372 2287 οὗ
1399 2259 1433 2287 τὰ
1459 2259 1556 2289 πάντα.
1585 2270 1599 2286 σ
1626 2259 1657 2288 Τί
1684 2258 1728 2287 οὖν
1742 2259 1860 2301 ’ἐροῦμεν
1879 2270 1887 2301 ς

1060 2304 1178 2338 ΣυΛήθης
1207 2304 1225 2337 ἡ
1239 2303 1356 2337 σύνταξις
1376 2303 1442 2337 αὕτη
1464 2307 1498 2342 τῇ
1523 2303 1578 2340 θείᾳ
1605 2306 1708 2344 Γραφῇ.
1741 2299 1788 2337 Ὠς
1814 2299 1887 2336 btet;

1061 2347 1144 2376 Εἶπεν
1174 2346 1305 2388 Ἀϐραὰμ,
1335 2350 1371 2378 Οὐ
1411 2349 1450 2386 μὴ
1485 2348 1588 2387 εἰσέλθῃ
1617 2347 1737 2388 ’Λϐραάμ
1756 2356 1763 2363 '
1801 2350 1840 2381 ὡς
1867 2351 1890 2378 εἰ

1059 2391 1145 2431 ἔλεγε,
1175 2392 1307 2432 Παράοχῃ
1334 2393 1405 2430 αότῷ
1435 2394 1449 2421 ὁ
1471 2394 1564 2432 Κύριος
1594 2393 1680 2432 εὑρεῖν
1709 2392 1784 2425 ἔλεος
1821 2393 1886 2433 παρ’

1060 2436 1142 2474 αὐτῷ.
1159 2437 1189 2465 Εἰ
1203 2435 1231 2464 δὲ
1245 2437 1290 2465 καὶ
1310 2437 1356 2465 τὸν
1379 2437 1482 2478 Πατέρα
1510 2438 1555 2466 καὶ
1582 2437 1627 2466 τὸν
1649 2438 1709 2466 Υῐὸν
1740 2437 1885 2472 δηλοῦσθαι

1060 2480 1168 2509 ἐνταῦθα
1182 2480 1254 2522 δέξῃ,
1284 2481 1341 2511 οὐδὲ
1368 2485 1444 2510 τοῦτο
1465 2481 1576 2513 ἄτοπον.
1605 2482 1656 2511 Καὶ
1684 2483 1697 2510 ὁ
1720 2482 1813 2522 Πατὴρ
1835 2484 1886 2523 γὰρ

1056 2526 1134 2553 καὶὸ
1162 2526 1222 2557 Υἱὸς
1245 2526 1348 2567 Κύριος,
1379 2528 1423 2555 καὶ
1450 2528 1480 2555 τὸ
1503 2530 1608 2564 Πνεῦμα
1639 2526 1742 2566 Κύριος,
1769 2526 1884 2559 ὰλλέἶς

1058 2570 1149 2609 Κύριος
1201 2577 1264 2601 ταῖς
1314 2571 1396 2611 τρισὶν
1448 2572 1623 2600 ὑποστάσεσιν
1637 2602 1649 2615 φ
1675 2570 1882 2612 ἐμφαινόμενος,

1060 2626 1073 2641 α
1090 2614 1175 2643 Εἶπεν
1190 2615 1204 2643 ὁ
1219 2615 1312 2655 Κύριος
1329 2619 1366 2653 τῷ
1397 2616 1482 2655 Κυρίῳ
1510 2627 1572 2653 μου.
1589 2625 1604 2644 )
1643 2618 1666 2643 Η
1696 2615 1737 2643 ὅτι
1766 2615 1884 2656 διευκρι-

1056 2659 1161 2690 νοῦντός
1190 2658 1246 2687 ἐστι
1279 2661 1310 2688 τὸ
1339 2659 1422 2703 οὕτως
1450 2661 1535 2688 εἰπεῖν
1563 2659 1611 2691 τὰς
1648 2659 1723 2699 ἆγίσς
1758 2661 1879 2691 ὑποστά-

1056 2713 1121 2740 σεις,
1137 2705 1173 2734 ὡς
1203 2703 1260 2732 btet
1277 2712 1285 2720 '
1315 2715 1329 2732 «
1369 2703 1462 2744 Εϐρεξε
1485 2705 1578 2744 Κύριος
1603 2704 1675 2743 παρὰ
1704 2704 1798 2745 Κυρίου
1826 2709 1884 2745 πῦρ
