1942 3078
51 140 89 172 21

553 141 750 173 COMMENT.
775 140 815 171 IN
838 139 959 171 EPIST.
983 140 1011 170 II
1033 139 1082 171 AD
1103 139 1265 171 TIMOTH.

1692 139 1753 172 214

54 220 70 235 α
90 207 168 236 Ἀλλ’
183 210 196 236 ὁ
226 207 306 247 λόγος
335 212 380 237 το)
410 212 477 237 Θεοῦ
505 209 534 237 οὗ
555 206 664 237 δέδεται,
685 218 696 236 ι
714 207 798 244 Ἐμοῠ
812 205 859 234 δεδι

963 204 1021 236 Sed
1037 214 1135 236 sermo
1151 205 1204 236 Dei
1220 215 1279 236 non
1289 209 1333 237 est
1345 206 1536 239 vinctus-Et
1544 207 1570 238 si
1581 206 1749 248 ego,inquit

46 253 145 290 μένου,
183 253 276 293 φησὶν,
314 255 343 282 οὗ
384 251 530 281 σδνδέδεται
565 253 596 280 τὺ
637 252 771 292 κήρυγμα,

49 304 215 336 περιπατεῖ.
274 298 332 327 Τῶν
381 298 430 336 γὰρ
481 299 578 337 χειρῶν
631 295 824 335 δεσμουμένων,

818 250 886 278 ἀλλὰ
928 249 1043 281 vinctus
1057 250 1124 289 sim,
1143 249 1312 291 praedicatio
1329 260 1387 281 non
1403 255 1451 282 est
1465 251 1554 282 simul
1567 251 1674 289 vincta,
1692 251 1745 282 sed

868 296 884 329 ἡ
928 295 1122 334 perambulat.
1139 294 1213 326 Nam
1230 294 1334 326 vinctis
1359 295 1495 326 manibus
1520 296 1621 336 lingua
1646 295 1746 337 loqui-

47 342 167 381 γλῶσσα
194 341 285 372 λαλεῖ.
321 341 449 374 Γλώσσης
478 342 527 380 γὰρ
551 340 660 380 δεσμὸς,
692 339 774 368 δειλία
802 340 859 378 μόν(

962 349 985 371 r.
1001 339 1155 380 Siquidem
1184 339 1290 380 linguae
1309 349 1412 370 carcer
1441 340 1521 371 solus
1546 344 1643 372 metus
1657 345 1701 371 est
1716 344 1746 373 et

50 387 101 414 καὶ
129 387 248 415 ἀπιστία.

47 434 108 458 τῶν
136 430 300 468 λελυμένων,
340 431 368 458 Ei
408 430 458 468 γὰρ
490 430 544 468 ἐγὼ
576 428 711 467 δεδεμένος
747 429 881 468 κηρύσσω,

45 476 116 504 ποία
131 476 288 515 συγγνώμη,
305 476 380 515 φησὶ,
398 482 456 506 τοῖς
482 474 634 512 λελυμένοις
664 476 707 502 καὶ
734 473 880 513 ἀμελοῦσι,

50 531 64 548 σ
86 521 138 548 Δια
152 521 212 552 τοὺς
235 519 386 551 ἐκλεκτούς.
405 531 419 546 ι
446 520 495 547 Διά
509 520 570 551 τοὺς
583 519 704 557 πιστοὺς,
728 519 818 559 φησὶν,
836 520 880 550 οὖς

46 566 61 592 ὁ
87 565 155 596 Θεὸς
183 564 318 597 ἐξελέξατο
335 573 342 581 '
373 563 464 598 ἐπειδὴ
494 565 544 603 γὰρ
571 564 664 595 αὐτοὺς
692 565 706 592 ὁ
735 565 799 595 Θεὸς
823 563 880 596 ἐξε-

45 608 159 647 λέξατο,
189 607 231 636 δεῖ
267 609 311 636 καὶ
347 608 394 646 ἐμὲ
424 608 509 636 πάντα
538 608 654 648 πάσχειν
682 609 745 648 ὑπὲρ
781 608 877 643 αὒτὼν,

44 652 146 687 ἐπειδὴ
183 653 227 681 καὶ
261 654 275 681 ὁ
312 654 376 684 Θεὸς
410 654 474 692 ὑπὲρ
507 654 582 690 ἡμῶν
622 653 726 689 ἔπαθεν,
756 654 792 684 ὡς
808 653 878 680 εἶναι

46 698 220 734 ἀντιμισθίαν
256 698 286 725 τὸ
322 700 442 735 πρᾶγμα,
478 697 524 724 Ἵνα
564 698 606 725 καὶ
648 698 720 726 αἰετοὶ
758 698 795 728 ὡς
836 698 879 725 καὶ

44 743 145 780 ἡμεῖς,
183 742 259 782 φησὶ,
290 742 423 780 σωτηρίας
452 742 570 781 τύχωσιν
589 764 596 772 .
640 742 676 772 ὡς
705 742 727 769 εὶ
755 741 845 780 ἔλεγεν
870 751 876 757 ⁸

43 786 126 819 ἘΞὸν
153 786 186 820 ἦν
208 797 253 823 μοι
282 789 328 824 ζῇν
364 785 515 822 ἀκινδύνως,
549 786 571 813 εἰ
606 787 636 814 τὸ
658 787 721 823 ἒμὸν
750 786 876 814 ἐσκόπουν

45 831 144 867 μόνον,
189 830 250 858 ἀλλ’
293 831 357 870 ὑπὲρ
398 833 451 858 τῶν
493 829 636 870 ἀλλοτρίων
669 834 751 859 ταῦτα
778 831 877 870 πάσχω

44 876 168 915 ἀγαθῶν,
190 875 236 903 ’ἕνα
258 874 332 903 ἄλλοι
355 875 458 915 τύχωσι
475 875 619 910 σωτηρίας,
640 887 652 901 ι
683 877 737 908 Τῆς
760 875 788 903 ἰν
809 878 875 913 Χρι-

294 390 376 414 Τοῦτο
411 384 437 413 δέ
473 396 549 425 φησι,
590 386 633 413 καὶ
674 386 710 416 εἷς
746 385 859 424 προτοπί

962 384 1129 415 credulitas.
1145 384 1215 414 265
1239 385 1301 416 Hoc
1317 387 1416 414 autem
1431 384 1504 414 dicit
1529 384 1617 416 etiam
1635 385 1672 415 ad
1688 393 1744 416 eo-

924 437 990 458 rum
1005 428 1241 459 exhortationem
1257 428 1308 467 qui
1327 428 1416 459 soluti
1431 432 1526 460 erant.
1544 429 1574 459 Si
1591 429 1672 459 enim
1689 438 1742 468 ego

924 473 974 512 qui
991 473 1105 503 vinctus
1119 483 1183 503 sum
1196 473 1405 513 praedico,quze
1417 473 1501 503 venia
1516 473 1579 503 dari
1593 477 1690 513 potest
1699 473 1746 504 his

922 517 972 558 qui
988 517 1078 548 soluti
1092 522 1160 548 sunt
1177 522 1206 548 et
1221 522 1319 548 tamen
1336 517 1653 558 negligunt?cPropter
1664 517 1744 548 elec-

923 564 1128 602 tos-Propter
1143 561 1451 602 ﬁdeles,inquit,quos
1465 563 1546 593 Deus
1561 562 1742 601 elegitmam

921 607 990 647 quia
1012 607 1091 638 Deus
1116 607 1183 637 illos
1209 606 1309 646 elegit,
1326 610 1446 646 oportet
1470 616 1517 637 me
1533 606 1670 637 universa
1684 606 1761 646 pati_

921 660 973 691 pro
990 651 1075 691 ipsi<,
1093 651 1230 691 quoniam
1247 651 1327 682 Deus
1341 660 1460 691 quoque
1475 661 1527 692 pro
1540 651 1625 682 nobis
1639 659 1744 691 passus

920 699 975 736 est,
992 701 1020 726 et
1037 695 1135 735 reipsa
1151 695 1188 725 sit
1208 695 1308 736 aliqna
1335 695 1474 736 repensio
1498 705 1532 727 ac
1562 695 1741 728 retributio:

920 743 950 770 ut
966 739 1053 770 etiam
1070 739 1126 780 ipsi
1142 739 1219 770 sicut
1235 744 1263 770 et
1279 749 1344 777 nos,
1361 740 1468 780 inquit,
1486 740 1610 771 salutem
1635 749 1743 771 conse-

919 788 1058 824 quantur.
1076 784 1118 815 Ac
1135 784 1159 814 si
1175 784 1289 815 diceret
1303 794 1310 814 :
1327 784 1397 815 Mihi
1422 793 1494 815 sane
1520 784 1624 816 liceret
1639 784 1741 825 procul

918 837 936 858 a
951 828 1091 869 periculis
1107 828 1214 865 vivere,
1231 828 1257 859 si
1273 828 1331 860 mei
1347 828 1439 860 solius
1461 833 1630 869 respectum
1654 828 1742 860 habe-

918 881 981 903 rem
997 884 1004 910 ;
1020 872 1072 903 sed
1088 872 1150 903 haec
1165 872 1203 903 ob
1218 872 1343 903 aliorum
1355 872 1433 903 bona
1457 873 1561 913 patior,
1578 878 1610 904 ut
1624 873 1680 914 ipsi
1697 882 1742 904 sa-

45 923 104 957 στῷ
120 919 221 952 Ἰησοῦ,
247 930 259 946 ι
281 920 308 948 Εἰ
323 930 420 956 σαυτῳ,
445 921 534 960 φησὶν,
564 920 594 948 οὗ
621 918 762 957 δυνάμενος
785 931 858 952 σωτη

962 926 1009 947 ειη
1028 922 1260 957 consequantur.
1281 927 1295 946 ‹
1312 916 1385 953 Quae
1399 911 1489 948 estin
1507 917 1624 950 Christo
1636 911 1739 950 Ilesu.»

45 965 105 1004 ρίαν
136 965 321 1003 περιποιῆσαι,
359 963 418 991 ἀλλ’
456 963 510 992 ἰδοὺ
546 963 721 999 ἀποθνήσκειν
757 963 875 1003 μέλλεις,

46 1013 107 1040 πῶς
125 1008 225 1048 ἑτέροις
240 1006 376 1047 προξενεϊς
394 1018 403 1044 ;
434 1008 482 1037 Καί
503 1019 582 1048 φησιν
600 1016 607 1023 ⁶
638 1010 674 1038 Οὐ
694 1009 754 1048 περὶ
780 1009 877 1041 ταύτης

46 1053 121 1092 λέγω
132 1055 182 1086 τῆς
198 1052 366 1091 προσκαίρου,
384 1051 453 1080 ἀλλὰ
466 1053 515 1086 τῆς
537 1053 563 1080 ἐν
580 1056 684 1091 Χριστῷ
699 1051 798 1090 Ἰησοῦ,
814 1064 876 1080 τον-

47 1097 135 1134 τὲστι,
153 1099 202 1130 τῆς
218 1095 259 1124 διὰ
284 1099 394 1135 Χριστοῦ
420 1095 592 1135 δωρηθείσης,
620 1100 668 1130 τῆς
691 1097 805 1135 αἰωνίου,
829 1100 878 1130 τῆς

48 1142 119 1179 μετὰ
134 1140 213 1174 δόξης
230 1140 370 1179 ἐσομένης.
390 1137 420 1169 Ἠ
433 1142 482 1181 γὰρ
494 1147 540 1171 τοῦ
553 1142 654 1179 κόσμου
668 1143 796 1181 σωτηρία,
814 1141 876 1170 ἀδο-

48 1188 103 1221 ξίαν
127 1188 199 1228 ἔχει.

368 1279 493 1308 acrum.
519 1272 560 1307 ι’.

51 1332 64 1347 ι
85 1321 149 1358 Περὶ
165 1323 213 1354 τῆς
231 1321 266 1352 εἰς
283 1321 393 1359 Χριστὸν
414 1320 527 1353 πίστεως
548 1323 592 1350 καὶ
613 1321 762 1359 ὑπομονῆς,
778 1320 821 1350 ἔπ’
836 1321 877 1350 ὲ).-

372 1361 426 1388 πίὸι
443 1361 523 1395 Ξωῆς.
543 1373 554 1389 ι

91 1417 106 1434 σ
140 1407 236 1439 Πιστὸς
267 1408 281 1434 δ
314 1406 406 1446 λόγος.
439 1408 467 1435 Εἰ
498 1408 547 1447 γὰρ
576 1408 799 1447 συναπεθάνομεν,
835 1408 878 1435 καὶ

56 1451 216 1488 συζήσομεν.
272 1452 300 1480 Ei
350 1451 526 1489 ὑπομένομεν,
577 1453 621 1480 καὶ
670 1451 876 1490 συμϐασιλεύσο‹

52 1506 112 1530 μεν.
158 1496 187 1524 El
230 1495 385 1535 ἀρνούμεθα,
443 1496 566 1528 κάκεῖνος
608 1497 748 1536 ἀρνήσεται
790 1498 873 1534 ἡμᾶς.

52 1539 80 1567 El.
122 1539 298 1580 ἀπιστοῦμεν,
352 1540 453 1573 ἐκεῖνος
501 1542 594 1573 πιστὸς
645 1541 729 1579 μένει.
774 1541 873 1581 Ἀρνή-

52 1588 144 1614 σασθαι
189 1587 280 1615 ἑαυτὸν
321 1589 351 1616 ὠ
401 1586 518 1618 δύναται.
560 1593 647 1618 Ταῦτα
687 1588 873 1626 ὑπεμίμνησκε

51 1629 305 1670 διαρμαρτυρόμενος
347 1631 458 1659 ἐνώπιον
499 1636 546 1661 τοῦ
588 1632 691 1671 Κυρίου,
735 1633 774 1670 μὴ
798 1632 877 1671 λογο-

53 1681 154 1714 μαχεῖν
169 1676 206 1707 εἷς
221 1675 294 1704 οὒδὶν
310 1677 443 1716 χρήσιμον
458 1676 500 1704 ἐπὶ
516 1680 683 1717 καταστροφῇ
696 1680 748 1705 τῶν
763 1677 876 1706 ἀκούον-

52 1730 114 1748 των.
132 1719 286 1750 Σπουδάσον
313 1721 420 1749 σεαυτὸν
445 1719 554 1758 δόκιμον
574 1722 741 1760 παραστῆσαι
756 1725 794 1759 τῷ
809 1726 876 1759 Θεῷ,

54 1763 166 1802 ἐργάτην
196 1764 416 1805 ἀνεπαίσχυντον,
445 1765 636 1805 ὀρθοτομοῦντα
657 1767 702 1794 τὸν
730 1765 809 1805 λόγον
830 1768 878 1799 τῆς

55 1807 191 1841 ἀληθείας.
210 1821 224 1837 ι

93 1854 190 1886 Πιστὸς
206 1855 220 1882 ὁ
235 1853 327 1893 λόγος,
350 1854 390 1883 ὅτι
412 1856 435 1882 οἱ
460 1854 578 1883 ἐκλεκτοὶ
606 1854 709 1888 ἐνδόξου
738 1857 781 1884 καὶ
810 1857 876 1884 αἰω-

55 1897 107 1929 νίας
133 1898 238 1938 τύχωσι
275 1899 417 1938 σωτηρίας,
461 1898 556 1933 Ἐπιδὴ
600 1900 649 1939 γάρ
691 1911 760 1932 τινες
788 1900 876 1940 ἀμφέ-

55 1940 150 1969 ϐαλλον
184 1943 251 1982 πρὸς
293 1943 343 1977 τὴν
371 1943 524 1980 ἀνάστασιν,
560 1944 659 1978 ταύτης
701 1944 796 1980 ἐδεήθη
829 1946 876 1978 τῆς

53 1985 232 2023 βεϐαιώσεως.
257 1982 322 2016 υΟτι
343 1987 369 2016 δὲ
391 1989 484 2020 πιστὸς
507 1989 520 2016 δ
548 1988 641 2029 λόγος,
665 1990 706 2018 καὶ
730 1989 782 2018 ἀπὸ
797 1989 876 2028 λογι-

54 2031 125 2067 σμῶν
154 2032 233 2060 αὖτὸν
261 2033 460 2068 κατασκευάζει.
486 2044 500 2061 α
530 2034 559 2061 Εἰ
588 2034 638 2074 γαρ
664 2034 874 2072 συναπεθάνομεν

54 2078 89 2111 τῷ
111 2079 228 2115 Χριστῷ,
253 2077 372 2112 (θάνατον
399 2077 485 2117 λέγων
512 2078 557 2106 τόν
578 2089 606 2106 τε
635 2078 676 2107 διὰ
693 2078 873 2116 βαπτίσματος

55 2121 94 2147 καὶ
121 2121 151 2148 τὸ
179 2120 223 2148 διὰ
258 2122 434 2161 παθημάτων,
461 2126 552 2151 τοῦτον
580 2121 612 2156 δὴ
641 2124 686 2150 τὸν
721 2123 869 2162 αἱσθητὸν,)

918 961 1036 992 Diceret
1046 961 1152 1002 aliquis
1166 971 1172 993 :
1190 962 1221 993 Si
1238 961 1290 992 tibi
1306 962 1363 1002 ipsi
1376 971 1434 992 nou
1452 966 1535 1003 potes
1549 963 1673 994 salutem
1684 972 1738 994 ac-

919 1006 1048 1046 quirere,
1074 1006 1127 1037 sed
1153 1015 1223 1037 ecce
1252 1007 1414 1037 moriturus
1433 1016 1476 1044 es,
1502 1007 1653 1048 quomodo
1674 1007 1742 1038 aliis

919 1050 1094 1081 conciliabis
1106 1050 1230 1081 salutem
1244 1050 1256 1081 '!
1270 1050 1352 1082 Etait
1368 1061 1374 1082 :
1392 1050 1455 1082 Non
1471 1051 1507 1082 de
1523 1052 1578 1082 hac
1593 1056 1740 1092 tempora~

922 1095 940 1125 li
956 1095 1013 1125 vita
1031 1095 1146 1135 loquor,
1163 1095 1216 1126 sed
1232 1095 1269 1126 de
1280 1105 1315 1126 ea
1329 1105 1394 1135 quae
1409 1099 1453 1126 est
1476 1095 1507 1126 in
1523 1096 1638 1127 Christo
1656 1095 1740 1136 .lesu,

920 1139 976 1169 hoc
991 1143 1034 1169 est
1046 1148 1111 1179 quae
1127 1148 1179 1179 per
1190 1138 1337 1170 Christum
1349 1140 1460 1171 donata
1475 1143 1532 1178 est,
1549 1148 1614 1180 quae
1628 1143 1739 1171 aeterna

920 1187 975 1223 est,
993 1193 1057 1224 quae
1068 1183 1164 1214 futura
1178 1187 1222 1214 est
1233 1193 1298 1214 cum
1315 1183 1411 1223 gloria
1427 1192 1434 1215 :
1453 1183 1555 1214 mundi
1567 1183 1647 1215 enim
1659 1184 1741 1216 salus

919 1227 1112 1267 ignominiam
1128 1227 1227 1259 habet.

1238 1274 1357 1307 CAPUT
1382 1275 1432 1306 IV.

923 1313 965 1345 De
975 1314 1033 1354 ﬁde
1049 1314 1260 1353 inChristum,
1280 1319 1308 1346 et
1329 1315 1491 1347 tolerantia
1511 1315 1547 1347 ob
1560 1325 1643 1356 spem
1657 1316 1738 1348 vita.

961 1405 996 1443 ll,
1023 1405 1131 1436 11-15.
1147 1405 1224 1436 Fide
1253 1405 1452 1447 dignissimus
1472 1415 1576 1438 sermo.
1613 1408 1688 1439 Nam
1712 1408 1740 1438 si

918 1453 1097 1480 commortui
1110 1458 1226 1488 sumus,
1243 1454 1270 1481 et
1283 1452 1474 1483 convivemus
1493 1463 1498 1480 :
1516 1451 1738 1493 sisu/ferimus,

919 1498 947 1526 et
964 1493 1213 1535 conregnabimus
1230 1505 1236 1524 :
1253 1496 1281 1526 si
1303 1505 1460 1536 negamus,
1491 1500 1519 1528 et
1543 1496 1594 1528 ille
1615 1496 1738 1538 negabit

915 1548 970 1570 nos
984 1548 991 1571 :
1007 1540 1035 1570 si
1051 1540 1200 1571 increduli
1214 1541 1385 1578 sumus,t'lle
1392 1542 1497 1582 ﬁdelis
1510 1545 1739 1582 manet,negare

915 1584 1048 1624 seipsum
1077 1593 1138 1615 non
1165 1589 1271 1625 potest.
1297 1585 1372 1617 llwe
1402 1587 1531 1619 admone
1566 1590 1737 1618 contestans

917 1637 1017 1659 coram
1037 1628 1176 1669 Domino,
1194 1638 1232 1660 ne
1246 1629 1345 1662 verbis
1369 1632 1548 1663 contendant
1566 1631 1606 1662 ad
1620 1631 1740 1662 nullam

918 1673 1097 1711 utilitatem,
1113 1675 1167 1705 sed
1185 1674 1408 1706 subversionem
1422 1676 1621 1708 audientium.
1643 1675 1740 1707 Stude

920 1720 1044 1756 teipsttm
1083 1718 1242 1758 probatum
1272 1719 1412 1752 exhibere
1449 1720 1534 1758 Deo,
1565 1723 1739 1761 operarium

920 1771 981 1793 non
1010 1763 1267 1802 erubescendum,
1296 1768 1376 1796 recte
1403 1769 1550 1796 secantem
1571 1773 1739 1796 sermonem

921 1808 1070 1838 veritatis.

964 1851 1052 1883 «Fide
1067 1851 1262 1892 dignissimus
1277 1862 1388 1885 sermo.
1401 1864 1416 1884 ›
1431 1853 1514 1890 Quod
1530 1853 1614 1885 electi
1627 1853 1740 1894 glorio-

919 1905 981 1927 sam
1006 1900 1035 1926 et
1052 1900 1193 1927 aeternam
1211 1902 1410 1938 consequatur
1435 1898 1570 1930 salutem.
1593 1897 1738 1934 Quoniam

919 1941 997 1971 enim
1016 1950 1074 1971 non
1091 1941 1165 1972 nulli
1181 1941 1218 1972 de
1234 1944 1454 1974 resurroctione
1465 1942 1664 1983 ambigebant,
1682 1943 1738 1974 hac

919 1995 992 2025 opus
1004 1985 1058 2016 l'uit
1069 1986 1397 2023 conﬁrmatione.Quod
1409 1992 1506 2019 autem
1518 1997 1617 2018 sermo
1628 1987 1687 2018 ﬁde
1695 1986 1739 2017 di-

918 2039 992 2069 gnus
1007 2030 1077 2065 sit,a
1100 2030 1263 2061 rationibus
1283 2040 1399 2072 quoque
1420 2032 1585 2064 conﬁrmat.
1601 2044 1613 2059 α
1624 2030 1697 2062 Nam
1713 2030 1739 2061 si

915 2074 1092 2105 commortui
1108 2084 1211 2105 sumus
1221 2075 1338 2106 Christo
1356 2077 1494 2116 (mortem
1507 2076 1611 2108 dicens
1629 2079 1658 2107 et
1671 2084 1738 2116 qua:

914 2127 966 2158 per
981 2118 1160 2159 baptismum
1179 2124 1235 2157 est,
1254 2120 1324 2150 266
1344 2125 1373 2152 et
1391 2131 1456 2162 quin
1471 2130 1524 2162 per
1546 2121 1734 2158 amictiones,

56 2165 96 2192 καὶ
116 2164 370 2203 συμϐασιλεύσομεν.
391 2178 404 2193 ι
436 2165 523 2199 0535i;
551 2168 611 2206 γὰρ,
644 2169 720 2207 ερησὶ,
742 2168 802 2200 τοὺς
817 2172 859 2195 τῶν

962 2173 1019 2203 npe
1035 2163 1111 2194 hanc
1125 2164 1322 2204 sensibilem),
1340 2165 1428 2197 etiam
1445 2165 1705 2205 conregnabimus.
1720 2177 1733 2192 ι

56 2211 213 2248 σκυθρωπῶν
235 2211 461 2251 κοινωνήσαντας,
489 2215 542 2240 τῶν
565 2215 692 2252 χρηστῶν
718 2212 871 2251 ἀποστερεῖ,

55 2253 115 2289 μήτι
129 2264 160 2293 γε
185 2255 309 2294 Χριστὸς,
338 2255 355 2289 ἡ
386 2255 581 2294 αὖτοαγαθοτης
611 2257 654 2284 καὶ
681 2255 870 2296 φιλανθρωπία,

59 2307 70 2323 ε
93 2299 120 2326 Εἰ
142 2299 300 2338 ἀρνούμεθα,
325 2299 448 2331 κάκεῖνος
479 2299 621 2340 ἀρνήσεται
642 2301 727 2338 ἡμᾶς,
754 2312 765 2328 ι
804 2301 872 2329 Εἶτα

57 2341 95 2369 αεὶ
115 2342 165 2371 ἀπὸ
193 2347 248 2372 τῶν
269 2343 375 2383 φαύλων
396 2344 488 2375 αὖτοὺς
510 2343 599 2384 φοϐεῖ.
621 2346 672 2374 Τὸν
693 2345 720 2373 δέ
735 2356 764 2384 γε
786 2345 870 2385 ἀρνη-

56 2385 124 2414 θὲντα
149 2388 199 2416 ὑπὸ
230 2391 352 2427 Χριστοῦ,
382 2387 464 2416 ἐννόει
493 2390 517 2416 τί
554 2390 646 2418 παθεῖν
682 2389 763 2421 εἰκός,
801 2401 814 2416 ι
843 2391 872 2418 Εἰ

56 2429 222 2470 ἀπιστοῦμεν,
251 2432 353 2465 ἐκεῖνος
382 2434 475 2464 πιστὸς
504 2433 589 2471 μένει.
617 2445 627 2461 ›
660 2434 688 2462 Εἰ
712 2434 872 2472 ἀπιστοῦμεν

57 2473 92 2501 ὅτι
118 2475 228 2512 ἀνέστη,
255 2477 272 2510 ἢ
315 2476 356 2505 ὅτι
399 2479 463 2509 Θεός
505 2479 586 2515 εστιν,
625 2478 727 2511 ἐκεῖνος
766 2480 872 2514 πιστὸς,

118 2519 122 2527 .
223 2520 246 2529 ,ς
293 2521 298 2529 .
379 2521 385 2529 .
490 2523 496 2533 ,
526 2523 532 2530 .
606 2523 611 2530 .
656 2522 668 2532 σν
729 2523 735 2531 ι

58 2528 193 2560 τουτεστιν,
218 2523 322 2555 αΛηθης
353 2531 438 2559 μενει.
470 2526 556 2551 Ειπων
585 2533 634 2562 γαρ
655 2533 695 2550 οτι
725 2524 874 2557 ἀναστήσε-

58 2573 107 2602 ται,
133 2566 175 2593 καὶ
199 2565 241 2593 ὅτι
268 2567 332 2598 Θεός
362 2565 443 2606 ἐστιν,
462 2566 500 2606 (ἐν
528 2566 641 2600 πολλοῖς
657 2568 706 2607 γὰρ
721 2571 798 2596 τοῦτο
813 2568 874 2602 ἐσή-

60 2608 156 2651 μανεν),
172 2609 276 2645 ἀληθής
304 2610 386 2640 ἐστιν.
414 2610 526 2644 Ἀνέστη
563 2612 613 2651 γὰρ
634 2614 677 2640 καὶ
705 2612 769 2643 Θεός
792 2612 872 2642 ἐστιν.

59 2648 237 2694 Ἀρνήσασθαι,
281 2656 373 2694 φησὶν,
401 2655 492 2684 ἑαυτὸν
514 2656 543 2684 οὒ
571 2655 688 2693 δύναται,
712 2657 748 2688 εἰς
776 2657 807 2684 τὸ
836 2657 874 2694 μὴ

61 2695 122 2740 tim
143 2700 206 2730 Θεὸς
236 2699 254 2733 ἢ
277 2699 430 2739 ἐγηγέρθαι,
462 2695 507 2733 Ὠς
521 2701 543 2728 εἰ
558 2701 636 2729 εἶπεν
652 2710 658 2717 ’
676 2700 755 2730 Οωὲν
770 2701 874 2740 παραλ-

61 2737 140 2778 λιγεὶς
181 2743 254 2772 ἐσται
361 2737 430 2778 ’τὴν
473 2745 604 2785 ἡμετέραν
645 2745 765 2784 ἄρνησιν,
808 2737 877 2774 ἀλλὰ

64 2786 144 2818 πιστὸς
171 2787 243 2825 μένει
273 2789 318 2817 καὶ
353 2788 454 2823 ἀληθὴς
483 2790 519 2822 εἷς
560 2790 592 2818 τὰ
615 2791 673 2829 περὶ
693 2790 797 2820 ἑαυτοῦ.
830 2791 879 2819 Καὶ

915 2207 1016 2238 Nullus
1032 2208 1111 2238 enim
1136 2217 1187 2238 eos
1201 2209 1250 2248 qui
1267 2209 1297 2239 in
1314 2210 1447 2241 tristibus
1464 2210 1732 2247 communicarunt,

915 2252 1010 2292 privat
1034 2251 1119 2282 bonis
1145 2261 1180 2283 ac
1209 2254 1362 2294 prosperis
1382 2264 1389 2285 :
1409 2256 1518 2286 nedum
1537 2254 1671 2285 Christus
1687 2253 1737 2294 qui

914 2295 977 2337 ipsa
994 2301 1038 2327 est
1058 2296 1175 2327 bonitas
1198 2307 1232 2328 ac
1257 2298 1438 2338 benignitas.
1458 2312 1471 2327 ι
1489 2299 1521 2331 Si
1538 2307 1692 2338 negamus,
1708 2302 1738 2329 et

915 2338 964 2386 ille
981 2342 1098 2382 negabit
1112 2353 1175 2374 nos.
1193 2357 1205 2371 ιι
1221 2345 1334 2376 Deinde
1350 2345 1386 2376 ab
1403 2345 1450 2377 his
1464 2354 1583 2386 quoque
1599 2345 1737 2376 dehorta-

913 2383 960 2420 tur
985 2399 1050 2430 qua:
1077 2389 1152 2420 mala
1179 2395 1258 2422 sunt.
1289 2391 1364 2422 Eum
1395 2383 1570 2433 vero-quem
1587 2390 1738 2431 negaverit

914 2433 1160 2473 Christus,cogita
1175 2435 1246 2475 quid
1265 2436 1303 2467 sit
1317 2446 1505 2477 consequens
1520 2436 1590 2477 pati.
1610 2449 1623 2464 ι
1641 2435 1672 2467 Si
1688 2435 1736 2466 in-

915 2478 1030 2509 creduli
1045 2488 1160 2518 sumus,
1177 2480 1227 2511 ille
1244 2481 1341 2512 ﬁdelis
1357 2485 1466 2513 manet.
1484 2494 1494 2510 ι
1513 2481 1545 2512 Si
1561 2490 1620 2512 non
1636 2480 1735 2512 credi-

917 2532 984 2553 mus
997 2523 1075 2563 quod
1095 2525 1270 2560 surrexerit,
1287 2531 1337 2556 aut
1353 2526 1431 2566 quod
1448 2525 1526 2556 Deus
1536 2525 1584 2564 sit,
1597 2525 1648 2556 ille
1660 2524 1738 2556 tide—

917 2567 964 2605 lis,
981 2566 1010 2597 id
1025 2571 1082 2608 est,
1097 2578 1184 2600 verax
1201 2575 1311 2601 manet.
1327 2569 1400 2601 Cum
1416 2570 1495 2601 enim
1512 2569 1620 2601 dixerit
1633 2579 1667 2600 se
1685 2578 1737 2600 re-

917 2615 1132 2649 surrecturum,
1146 2623 1238 2654 seque
1250 2615 1344 2646 Deum
1359 2623 1427 2646 esse
1438 2614 1517 2655 (nam
1529 2614 1584 2645 hoc
1595 2613 1696 2644 multis
1705 2612 1738 2644 in

917 2655 991 2686 locis
1001 2656 1291 2697 signiﬁcavit),verax
1302 2664 1346 2690 est
1357 2668 1364 2690 :
1375 2659 1521 2700 siquidem
1535 2662 1564 2690 et
1574 2657 1740 2689 resurrexit

918 2704 946 2730 et
960 2699 1038 2731 Deus
1054 2706 1107 2732 est.
1126 2702 1253 2742 Negare,
1265 2703 1317 2742 ait,
1335 2699 1464 2744 seipsum
1479 2712 1539 2734 non
1555 2702 1739 2743 potest,quin

919 2746 997 2776 Deus
1012 2745 1051 2776 sit
1064 2755 1098 2777 ac
1114 2748 1322 2779 resurrexerit.
1340 2750 1382 2779 Ac
1403 2748 1428 2779 si
1451 2748 1566 2779 diceret
1582 2756 1588 2778 :
1607 2746 1686 2778 Nihil
1700 2745 1738 2776 ob

920 2793 1050 2821 nostram
1060 2792 1246 2831 negationem
1259 2793 1429 2825 immutatus
1440 2791 1550 2830 est,sed
1564 2791 1661 2822 ﬁdelis
1676 2799 1738 2821 ma-
