1942 3078
207 120 265 153 235

768 116 975 150 mCUMENH
997 115 1144 147 TRICC/E
1164 113 1332 147 EPISGOPI

1844 109 1901 143 236

207 187 267 218 dita
282 190 344 218 erat
358 186 557 226 Ephesiorum
573 185 729 218 Ecclesia?
742 186 816 222 Quia
830 195 896 216 cum
918 185 948 215 in
965 193 1031 215 car—

1087 181 1164 219 ιένον⁷
1194 181 1259 221 πρὸς
1275 181 1367 209 ἑαυτὸν
1381 180 1455 209 καλει
1469 190 1478 221 ς
1518 185 1564 210 Οτι
1580 180 1607 208 ἐν
1629 180 1734 221 φυλακῇ
1749 180 1789 208 ὢν
1811 180 1897 216 αὐτὸς,

207 241 275 262 cere
291 235 377 267 esset,
395 231 431 261 ad
449 231 533 261 illum
563 231 710 271 proﬁcisci
734 240 793 261 non
822 233 946 270 poterat.
963 229 1032 259 Vult

205 277 296 316 igitur
310 279 342 305 ut
354 276 528 306 Timotheus
544 275 579 306 ad
597 285 628 306 se
657 275 766 315 veniat,
784 279 844 305 tum
860 274 938 315 quod
952 273 1032 304 solus

208 325 296 358 esset,
314 324 376 350 tum
389 323 422 350 ut
436 320 534 360 aliqua
545 320 601 360 ipsi
615 320 796 360 praeciperet.
813 319 873 350 «Ad
883 328 929 349 me
941 318 1028 348 cito.»

207 364 271 396 Non
287 365 328 395 ait
343 374 349 395 :
383 364 503 395 [nterim
533 364 603 394 dum
631 365 694 394 vivo
713 375 718 393 :
736 373 832 404 neque
849 364 926 394 enim
943 362 1032 393 voluit

208 419 276 441 eum
293 409 480 440 contristare.
501 420 512 436 (ι
531 409 604 440 Cum
629 409 766 448 diligeret
792 417 922 449 praesens
937 417 1030 438 saecu—

208 455 281 485 lum.
304 466 313 481 ι
329 453 361 483 Id
378 457 421 483 est
443 453 631 484 securitatem
655 464 662 483 :
679 458 708 484 et
727 454 765 484 ita
779 453 851 493 fugit
869 453 1030 493 periculurn

209 495 250 530 ΠΤ
259 497 446 529 existimavit.
464 498 554 537 Magis
571 498 649 528 enim
673 499 761 537 elegit
776 498 856 528 domi
872 497 902 529 in
918 496 1034 529 deliciis

211 552 309 582 agere,
326 551 413 582 quam
430 551 544 572 mecum
562 542 725 582 defatigari.
745 542 808 573 Non
826 547 923 574 autem
938 542 1033 573 inten-

212 588 254 618 dit
269 587 350 617 hunc
364 588 528 624 traducere,
546 587 597 617 sed
624 597 677 617 nos
692 588 788 627 potius
805 588 980 618 conﬁrmare
995 596 1032 618 ne

211 631 431 662 mollescamus.
453 642 464 658 «
479 630 621 661 Crescens
637 631 667 662 in
684 631 835 662 Galatiam.
852 644 861 658 ι
874 631 910 662 Ili
922 640 974 662 sua
983 641 1032 661 vo-

208 675 321 706 luntate
332 674 540 715 discesserant,
559 675 625 705 ideo
634 685 692 706 non
704 676 785 713 dicit,
803 676 930 716 Reliqui.
940 677 1031 707 Porro

210 719 293 750 Titus
309 719 388 749 inter
403 719 561 758 prteclaros
576 724 639 750 erat
654 720 701 750 cui
723 721 815 751 Cretae
830 720 1030 761 episcopatum

208 763 386 795 crediderat.
406 775 417 791 α
435 763 529 794 Lucas
552 774 669 795 mecum
685 768 730 795 est
742 765 832 796 solus.
855 777 866 793 ι
879 766 971 796 Lucas
984 764 1032 796 hic

207 808 313 848 estqui
327 808 516 847 Evangelium
546 809 664 848 scripsit
679 813 707 840 et
722 809 794 840 Acta
807 810 1005 850 apostolorum
1022 819 1028 840 :

209 902 300 934 stans,
318 905 467 936 nunquam
483 906 498 927 a
521 897 610 927 Paulo
627 897 834 930 divellebatur.
854 910 865 926 «
884 899 933 929 Est
954 899 1031 929 enim

209 941 283 972 mihi
300 940 444 980 perutilis.
463 952 474 969 η
494 940 558 971 Νοη
573 942 607 972 ad
639 951 745 978 meam,
763 943 869 982 inquit.
887 943 1031 983 requiem,

209 987 261 1018 sed
272 986 308 1016 ad
320 984 514 1016 ministerium
529 986 744 1024 evangelicum.
759 986 834 1018 Sane
845 988 1032 1018 Timotheum

209 1039 325 1071 quoque
341 1030 417 1060 hanc
433 1029 469 1060 ob
501 1039 619 1061 causam
645 1031 775 1069 vocabat,
807 1036 839 1062 ut
863 1036 928 1072 post
950 1040 1032 1062 suam

209 1079 334 1106 mortem
349 1073 567 1105 consolaretrur
582 1075 697 1105 fratres.
713 1088 724 1103 (ι
739 1076 785 1106 Ad
802 1076 1029 1108 ministerium.»

207 1119 358 1158 Evangelii
375 1118 522 1149 videlicet.
542 1131 553 1146 α
572 1119 663 1150 Porro
675 1119 835 1160 Tychicum
847 1120 944 1151 misi.»
960 1121 1033 1152 Vide

206 1163 407 1196 omnimodam
439 1163 641 1194 solitudinem.
663 1176 674 1192 «
693 1164 831 1195 Penulam
855 1174 942 1205 quam
958 1166 1032 1196 reli-

207 1210 269 1250 qui.
290 1221 302 1236 e
321 1207 537 1239 Vestimentum
565 1209 711 1249 quoddam
735 1210 783 1240 hic
811 1209 893 1241 dicit.
922 1210 1032 1246 Quaerit

207 1258 305 1286 autem
321 1252 406 1289 illud,
424 1261 462 1282 ne
475 1262 567 1291 egens
582 1253 717 1293 cuiquam
735 1254 771 1284 sit
787 1255 941 1285 molestus.
958 1256 1030 1285 Nam

205 1299 316 1339 ubique
331 1297 388 1327 hoc
405 1296 462 1336 ipsi
474 1306 551 1327 cura}
562 1298 785 1337 estplurimum.
799 1299 919 1330 —Ali0
934 1300 1030 1334 modo.

207 1343 306 1374 Vestis
321 1350 415 1381 genus
427 1341 475 1371 hic
489 1341 571 1371 dicit.
586 1341 709 1376 Quidam
728 1351 796 1373 vero
809 1342 922 1373 thecam
939 1343 1030 1382 signi-

205 1387 290 1418 ﬁcari
304 1386 405 1416 volunt
419 1385 450 1415 in
463 1395 520 1425 qua
534 1385 627 1416 libelli
640 1386 872 1426 reponebantur.
891 1387 961 1423 Quae
976 1397 1033 1418 au-

206 1436 267 1462 tem
279 1430 337 1471 ipsi
354 1429 521 1460 libellorum
551 1434 616 1460 erat
644 1431 806 1461 necessitas
834 1432 884 1472 qui
900 1432 981 1462 brevi
998 1432 1035 1462 ad

208 1476 302 1507 Deum
319 1473 495 1513 migraturus
511 1474 595 1505 erat?
625 1474 709 1505 Certe
735 1479 804 1506 tunc
820 1476 946 1506 maxime
961 1486 1034 1517 opus

209 1525 284 1557 erat,
303 1523 334 1549 ut
349 1528 399 1549 eos
415 1518 552 1549 ﬁdelibus
568 1520 800 1561 commendaret,
819 1524 846 1551 et
860 1521 968 1551 utillos
981 1531 1034 1561 pro

207 1564 302 1605 ipsius
318 1563 452 1594 doctrina
466 1563 622 1594 haberent.
636 1564 776 1595 Penulam
791 1574 858 1595 vero
870 1565 1032 1608 quaerebat,

208 1619 247 1641 ne
262 1608 318 1640 sibi
335 1617 408 1647 opus
424 1611 501 1638 esset
515 1608 552 1638 ab
567 1608 633 1639 aliis
653 1610 802 1649 accipere.
820 1627 856 1631 —
876 1622 889 1637 α
907 1610 1033 1641 Maxime

209 1653 407 1685 membranas.
427 1662 442 1681 ιι
458 1651 645 1684 Membranas
660 1654 761 1685 Latina
776 1654 866 1693 magis
883 1663 963 1694 voce,
979 1664 1033 1685 vo-

208 1698 322 1729 lumina
337 1696 397 1727 sive
413 1697 530 1728 chartas
542 1698 686 1729 volubiles
697 1699 854 1739 appellavit
868 1708 874 1730 :
893 1703 1031 1739 tanquam

207 1752 225 1773 a
253 1742 386 1772 Romano
413 1749 468 1771 usu
508 1741 713 1773 indifferenter
751 1743 881 1773 dictione
909 1742 1029 1780 abusus,

207 1790 282 1817 981
303 1795 337 1816 ex
353 1794 412 1825 qua
440 1785 513 1816 urbe
535 1786 622 1817 etiam
649 1787 767 1827 scripsit
797 1786 970 1827 Epistulam.
999 1787 1030 1818 In

208 1830 392 1872 complicatis
403 1830 482 1860 enim
496 1834 524 1861 et
535 1831 672 1863 involutis
683 1831 791 1862 chartis
803 1831 951 1862 habebant
961 1831 1030 1862 olim

208 1884 273 1915 quae
288 1873 324 1904 ad
341 1875 469 1905 divinam
481 1876 652 1915 spectabant
671 1874 853 1915 Scripturam
870 1885 876 1907 :
890 1877 1032 1915 quemad-

205 1919 328 1949 modum
342 1917 431 1948 eliam
446 1918 482 1948 ad
499 1921 577 1948 hunc
593 1928 684 1958 usque
701 1920 781 1950 diem
798 1920 889 1950 Judaei
907 1921 1032 1960 plurima

207 1963 329 1994 habent.
344 1963 474 1995 Libellos
488 1968 587 1994 autem
612 1964 684 1994 dixit
711 1965 861 1994 communi
890 1965 1031 1995 vocabulo

206 2008 285 2047 quod
298 2007 328 2037 in
344 2007 402 2038 alia
417 2017 534 2048 quoque
548 2010 643 2038 l'orma
658 2008 795 2038 habuerit
806 2009 938 2039 fortassis
948 2009 1032 2040 libel—

207 2052 264 2082 los.
285 2062 299 2081 α
315 2053 443 2083 Maxime
459 2053 662 2083 membranas.
682 2066 694 2082 »
713 2053 858 2083 Fortassis
874 2057 971 2084 autem
988 2054 1034 2084 ba

207 2096 329 2127 utiliora
344 2097 478 2136 quaedam
494 2098 525 2128 in
539 2107 570 2129 se
585 2098 716 2138 reposita
730 2097 888 2129 habebant.
899 2099 1033 2129 Suntau-

209 2144 268 2171 tem
284 2141 346 2172 risu
360 2141 441 2181 digni
456 2143 506 2182 qui
521 2143 577 2173 hoc
603 2143 666 2173 loco
693 2143 870 2182 Apostolum
885 2142 967 2173 aiuut
981 2153 1034 2182 per

203 2184 343 2225 penulam
360 2195 419 2216 non
435 2191 547 2218 vestem
559 2187 755 2226 signiﬁcasse,
770 2187 822 2216 sed
833 2196 927 2226 genus
943 2186 1030 2217 libel-

1073 225 1198 254 ἀπελθεῖν
1228 226 1275 254 οὐκ
1305 225 1426 260 ἠδύνατο,
1463 225 1586 254 Βούλεται
1619 225 1664 254 οὖν
1706 224 1798 253 ἐλθεῖν
1837 225 1898 263 πρὸς

1073 271 1149 299 αὺτὸν
1167 271 1213 299 τὸν
1235 271 1372 309 Τιμόθεον,
1389 269 1429 298 διά
1443 281 1472 298 τε
1486 271 1528 310 τὸ⁷
1545 271 1626 308 μόνος
1641 270 1723 307 εἶναι,
1740 270 1788 298 καὶ
1803 268 1846 296 διὰ
1858 270 1900 309 τὸ,

1072 316 1131 342 τινὰ
1145 315 1216 353 αὺτῴ
1231 314 1402 344 ἐντείλασθαι.
1421 327 1434 343 ι
1453 315 1521 354 Πρός
1536 325 1569 352 με
1590 314 1710 354 ταχέως.
1730 326 1743 343 1
1763 313 1801 343 Οὐ
1816 313 1896 352 λέγει,

1073 359 1117 388 Ἒν
1134 359 1189 396 ὅσῳ
1203 363 1240 395 ζῶ
1257 369 1264 376 ·
1281 358 1339 387 οὗδὲ
1354 361 1403 399 γὰρ
1418 359 1535 393 λυπῆσαι
1555 358 1659 393 ἤθελεν,
1694 370 1708 386 ι
1740 357 1898 397 Ἀγαπήσας

1073 405 1118 432 τὸν
1145 408 1188 432 νῦν
1216 405 1309 435 αἰῶνα.
1339 416 1353 432 ι
1383 408 1433 433 Τοῦ
1462 404 1594 444 ἀσφαλοῦς
1622 405 1666 432 καὶ
1693 409 1740 433 τοῦ
1765 402 1898 430 ἀκινδύνων

1073 449 1225 487 γενόμενος,
1255 450 1291 481 ὡς
1319 449 1451 486 ἐνόμισεν.
1485 448 1581 477 Εἵλετο
1610 449 1661 488 γὰρ
1694 447 1800 486 μᾶλλον
1831 446 1900 476 οἴκοι

1074 496 1180 532 τρυφᾷν,
1201 493 1220 528 ἢ
1247 493 1305 531 μετ’
1333 493 1399 531 ἐμοῦ
1419 493 1655 534 ταλαιπωρεῖσθαι.
1683 493 1718 522 Οὒ
1749 497 1845 521 τοῦτον
1873 491 1896 518 δὲ

1074 537 1208 566 διαϐαλεῖν
1244 537 1322 576 θέλει⁷
1346 537 1405 566 ἀλλ’
1434 539 1504 576 ἡμᾶς
1534 538 1651 577 στηρίξαι
1683 537 1721 575 μὴ
1752 536 1898 574 μαλακίζε-

1075 584 1142 611 σθαι.
1171 594 1181 609 ι
1202 584 1326 621 Κρήσκης
1341 583 1377 615 εἰς
1392 582 1532 613 Γαλατίαν.
1559 594 1570 612 ο
1603 584 1678 611 Οὗτοι
1707 581 1809 622 γνώμῃ
1825 580 1899 608 αὒτοῦ

1073 626 1291 666 ἀπεληλύθεισαν,
1315 627 1354 655 διὸ
1369 627 1397 655 οὐ
1419 627 1490 666 λέγει
1517 629 1576 667 περὶ
1603 627 1689 655 αὐτῶν
1711 627 1758 666 τὸ,
1783 625 1897 664 Ἐγκατ-

1074 672 1175 703 έλιπον.
1205 673 1275 705 Τέως
1291 675 1339 713 γὰρ
1355 675 1368 702 ὁ
1395 679 1474 704 Τῖτος
1495 677 1548 702 τῶν
1569 674 1719 712 θαυμασίων
1745 673 1791 710 ἧν,
1816 672 1898 709 τούτῳ

1073 718 1116 744 καὶ
1144 717 1292 751 ἐπισκοπὴν
1314 719 1493 746 ἐπεπιστεύκει
1522 718 1569 752 τῆς
1599 718 1717 757 Κρήτης.
1746 728 1758 744 ε
1796 719 1895 747 Λουκᾶς

1074 760 1128 788 ἐστι
1157 762 1236 799 μόνος
1264 763 1323 800 μετ’
1358 763 1432 800 ἐμοῦ.
1464 775 1478 790 ιι
1511 765 1610 793 Λουκᾶς
1640 763 1714 794 οὗτός
1745 761 1820 790 ἐστιν
1845 762 1898 788 ὸτὸ

1075 805 1233 845 Ειῦαγγέλιον
1261 807 1361 847 γράφας
1397 808 1441 835 καὶ
1473 808 1520 840 τὰς
1556 807 1664 846 Πράξεις
1691 807 1747 834 τῶν
1780 805 1896 834 ἂποστό-
1930 809 1931 815 ‘

208 863 276 884 cum
291 856 388 883 autem
404 852 540 882 discendi
552 853 676 892 cupidus
689 859 777 891 esset,
789 848 907 885 sanctus
916 859 944 884 et
959 863 1031 884 con-

1087 861 1138 879 .ων.
1152 850 1305 888 Φιλομαθὴς
1321 851 1358 888 δὲ,
1375 851 1412 880 ὢν
1433 853 1447 880 ὁ
1474 852 1549 892 ἅγιος
1574 853 1617 880 καὶ
1637 852 1808 891 καρτερικὸς²
1825 849 1896 877 ἀδια-

1076 894 1200 926 σπάστως
1216 895 1309 935 εἴχετο
1325 899 1370 923 σοῦ
1386 895 1501 927 Παύλου.
1527 908 1540 924 α
1579 900 1642 925 Εστι
1662 896 1712 935 γάρ
1735 907 1782 933 μοι
1799 895 1896 934 εὔχρη-

1076 949 1148 970 στος.
1174 951 1187 966 ι)
1212 941 1265 968 Οὖκ
1286 941 1323 971 εἰς
1350 941 1400 974 τὴν
1434 941 1500 978 ἐμὴν
1535 941 1693 978 ἀνάπαυσιν,
1724 941 1820 980 φησὶν,
1843 938 1896 966 ἀλλ’

1076 983 1110 1015 εἷς
1126 982 1257 1012 διακονίαν
1291 989 1337 1014 τοῦ
1365 984 1535 1024 Εὐαγγελίου,
1574 990 1629 1025 Αρα
1662 985 1706 1012 καὶ
1741 985 1791 1012 τὸν
1817 983 1895 1020 Τιμό-

1075 1028 1132 1054 θεον
1154 1028 1244 1056 τούτου
1269 1029 1348 1068 χάριν
1380 1029 1480 1067 ἐκάλει,
1517 1029 1564 1057 ἵνα
1591 1029 1658 1057 κατὰ
1688 1029 1737 1063 τὴν
1761 1029 1842 1057 αὐτοῦ
1854 1038 1896 1055 τε-

1075 1070 1180 1100 λείωσιν
1209 1075 1393 1113 παραμυθῆται
1421 1074 1481 1106 τοὺς
1509 1073 1646 1114 ἀδελφούς.
1681 1083 1697 1103 (
1736 1074 1781 1105 Εἷς
1811 1071 1893 1100 διακο-

1076 1117 1142 1147 νίαν.
1160 1129 1173 1144 ι)
1190 1121 1240 1146 Τοῦ
1251 1118 1438 1158 ᾐΕὺιγγελίου,
1468 1119 1558 1158 φησίν.
1597 1130 1611 1146 α
1644 1119 1763 1158 Τυχικὸν
1785 1117 1813 1145 δὲ
1844 1117 1887 1144 ἄπ-

1075 1160 1188 1193 ἐστειλα,
1215 1173 1226 1190 υ
1251 1154 1310 1201 ῐὅραι
1323 1162 1365 1190 διὰ
1386 1163 1491 1191 πάντων
1520 1164 1569 1196 τὴν
1596 1163 1724 1201 μόνωσιν.
1755 1175 1770 1190 ι
1787 1164 1837 1191 Τὸν
1850 1171 1890 1201 φε-

1073 1205 1154 1240 λόνην
1190 1208 1218 1234 ὃν
1252 1206 1392 1238 ἀπέλιπον.
1421 1219 1435 1235 ι
1468 1203 1582 1246 Ἰμάτιόν
1609 1219 1634 1236 τι
1674 1207 1748 1247 λέγει
1778 1207 1891 1235 ἐνταῦθα.

1073 1254 1154 1283 Ζητεῖ
1169 1250 1196 1279 δὲ
1210 1257 1298 1289 τοῦτο,
1322 1251 1390 1280 ὥστε
1420 1253 1459 1290 μὴ
1487 1253 1611 1286 δεηθῆναί
1637 1263 1720 1284 τινος.
1757 1252 1892 1290 Πανταχοῦ

1073 1296 1122 1334 γὰρ
1144 1295 1226 1328 πολὺς
1248 1298 1319 1334 αὐτῷ
1334 1297 1425 1325 τούτου
1446 1296 1536 1336 λόγος.
1552 1314 1591 1319 —
1615 1291 1740 1329 ”Αλλως.
1767 1294 1890 1336 [ῚΩΑΝι]

1077 1336 1190 1378 ’ἱμάτιον
1219 1341 1327 1370 ἐνταῦθα
1364 1341 1447 1381 λέγει.
1495 1342 1568 1375 Τινὲς
1597 1341 1624 1370 δὲ
1650 1343 1680 1370 τὸ
1707 1341 1892 1381 γλωσσόκομον

1076 1384 1134 1413 Evt):
1150 1387 1181 1413 τὰ
1209 1385 1295 1424 βιϐλία
1317 1386 1412 1416 ἔκειτο.
1436 1387 1465 1416 Τί
1486 1385 1512 1414 δὲ
1540 1389 1612 1424 αὐτῷ
1632 1389 1684 1415 τῶν
1709 1385 1820 1424 βιϐλίων
1848 1383 1890 1411 ὧι

1077 1429 1198 1458 μέλλοντι
1231 1429 1380 1469 ἀποδημεῖν
1407 1433 1472 1471 πρὸς
1500 1432 1545 1460 τὸν
1575 1432 1665 1472 Θεόνς
1696 1432 1747 1460 Καὶ
1784 1429 1891 1468 μάλιστα

1077 1473 1138 1512 ἔδει,
1168 1475 1236 1503 ὥστε
1265 1475 1330 1503 αὐτὰ
1356 1483 1414 1508 τοῖς
1442 1483 1547 1508 πιστοῖς
1569 1476 1739 1515 παραθέσθαι⁷
1764 1475 1809 1504 καὶ
1842 1473 1891 1501 ἀντὶ

1075 1521 1124 1552 τῆς
1146 1519 1223 1547 αὐτοῦ
1248 1519 1413 1559 διδασκαλιας
1436 1520 1509 1561 ἔχειν
1537 1521 1612 1551 αὐτά.
1643 1521 1694 1550 Τὸν
1721 1519 1750 1548 δὲ
1786 1518 1890 1558 φελόνην

1075 1564 1172 1601 ἐζήτει,
1202 1564 1270 1592 ὥστε
1291 1565 1330 1602 μὴ
1361 1564 1486 1598 δεηθῆναι
1515 1564 1578 1605 παρ’
1606 1565 1700 1605 ἐτέρων
1729 1563 1834 1592 λαϐεῖν.
1856 1578 1890 1584 -·
1930 1571 1931 1575 ‘

1077 1618 1092 1637 (
1109 1608 1229 1637 Μάλιστα
1244 1609 1290 1640 τὰς
1306 1608 1470 1649 μεμϐράνας,
1502 1621 1516 1637 »
1548 1608 1716 1649 [ΘΕΟΔΩΡ.]
1739 1606 1889 1648 Μεμϐράνας

1076 1649 1305 1694 Ῥωμαῖκώτερον,
1334 1655 1367 1682 τὰ
1401 1653 1493 1688 εἱλητὲι
1525 1654 1663 1693 ἐκάλεσεν,
1694 1655 1732 1686 ὡς
1769 1653 1821 1682 ἀπὸ
1846 1651 1887 1684 τῆς

1073 1697 1099 1725 ἐν
1125 1695 1213 1735 Ῥώμᾳ
1234 1699 1369 1731 συνηθείας
1399 1698 1545 1739 ἀδιαφόρως
1573 1702 1608 1737 τῇ
1648 1698 1715 1731 λέξει
1753 1707 1888 1737 καταχρη-

1074 1743 1198 1782 σάμενος³
1222 1742 1267 1782 ἀφ’
1281 1744 1314 1776 ἧς
1336 1742 1368 1776 δὴ
1383 1744 1426 1771 καὶ
1450 1743 1545 1783 ἔγραφε
1565 1744 1615 1777 τὴν
1644 1742 1819 1776 Ἐπιστολὴν.
1848 1740 1887 1768 Ἐν
1930 1745 1931 1752 ¹

1074 1787 1191 1821 εἱλητοῖς
1213 1788 1263 1827 γὰρ
1278 1787 1358 1827 εἶχον
1372 1789 1402 1816 τὸ
1416 1787 1529 1817 παλαιὸν
1550 1789 1583 1816 τὰ
1612 1791 1661 1822 τῆς
1683 1788 1755 1820 θείας
1777 1787 1887 1826 Γραφῆς,

1074 1832 1162 1872 ὥσπερ
1176 1833 1221 1861 οὖν
1234 1833 1278 1860 καὶ
1298 1832 1362 1873 ἄχρι
1389 1836 1439 1867 τῆς
1461 1833 1534 1873 δεῦρο
1562 1835 1586 1862 ο⁴ι
1614 1833 1736 1862 Ἰουδαῖοι
1752 1834 1784 1862 τὰ
1798 1831 1888 1860 πλεῖσ-

1075 1889 1123 1905 σῖα
1139 1877 1242 1917 ἔχουσι.
1266 1877 1356 1906 Βιϐλία
1377 1877 1403 1905 ’δὲ
1416 1879 1478 1906 εἶπε
1502 1879 1570 1907 κατὰ
1598 1881 1698 1916 κοινοῦ,
1714 1879 1752 1910 ὡς
1767 1877 1798 1906 ἂν
1812 1877 1854 1904 καὶ
1866 1874 1888 1902 ἐν

1074 1923 1154 1961 ἑτέρῳ
1168 1922 1289 1962 σχήματι
1304 1924 1385 1962 τυχὸν
1401 1922 1472 1962 ἔχων
1485 1922 1584 1962 βιϐλία,
1604 1934 1615 1951 α
1633 1922 1756 1951 Μάλιστα
1765 1923 1811 1954 τὰς
1822 1931 1887 1959 μεμ-

1073 1966 1179 2006 ϐράνας.
1199 1978 1209 1994 ι
1229 1962 1236 1972 ’
1246 1971 1311 1998 Ισως
1326 1968 1375 2006 γὰρ
1389 1968 1464 1995 αὗται
1479 1967 1678 2008 ὠφελιμώτεραι
1691 1967 1771 2001 ἦσαν.
1784 1965 1887 1994 Γελάσαι

1074 2010 1143 2044 ἄξιον
1158 2011 1209 2039 τῶν
1226 2011 1334 2040 ἐνταῦθα
1349 2012 1492 2051 εἰρηκότων
1506 2013 1620 2052 φελόνην
1648 2013 1694 2041 τὸν
1720 2009 1885 2045 Ἀπόστολον,

1074 2056 1103 2084 οὗ
1117 2056 1146 2083 τὸ
1168 2054 1263 2093 ἔνδυμα
1277 2055 1382 2096 καλεῖν⁷
1398 2056 1465 2084 ἀλλά
1486 2068 1511 2085 τι
1526 2056 1599 2090 εἶδος
1613 2056 1725 2097 βιϐλίου,
1741 2057 1769 2085 οἳ
1785 2055 1814 2084 οὗ
1823 2064 1885 2093 προ-

1074 2099 1171 2139 σέσχον
1186 2103 1220 2138 τῇ
1235 2100 1370 2140 ἐπογωγῇ,
1387 2102 1511 2140 Περιττὸν
1538 2102 1588 2142 γὰρ
1615 2102 1648 2136 ἦν
1676 2102 1762 2130 εἰπεῖν
1777 2111 1783 2117 '
1801 2099 1847 2129 Καὶ
1858 2097 1886 2125 τὰ

1074 2143 1172 2182 βιϐλία,
1190 2143 1266 2183 εἴπερ
1277 2143 1310 2178 δὴ
1321 2144 1430 2173 κάκεῖνο
1439 2145 1539 2183 βιϐλίου
1551 2145 1672 2184 εἶδοςῆν,
1684 2145 1824 2184 δυνάμενον
1834 2148 1884 2171 τοῖς

1075 2188 1179 2220 λοιποῖς
1204 2190 1435 2226 συσσημαίνεσθάι.

202 2229 234 2267 li,
250 2230 300 2270 qui
316 2230 422 2262 litterae
436 2233 544 2263 seriem
560 2242 620 2262 non
636 2232 837 2262 adverterunt.
863 2231 1049 2271 Super-lluum
1076 2233 1156 2264 enim
1184 2232 1288 2264 fuisset
1303 2233 1404 2265 dicere
1421 2245 1428 2265 :
1455 2234 1490 2265 Et
1510 2234 1640 2274 libellos,
1657 2235 1684 2266 si
1709 2234 1797 2266 etiam
1819 2228 1883 2263 illud

199 2275 304 2306 fuisset
318 2275 411 2306 libelli
428 2287 535 2318 genus,
552 2287 619 2308 cum
636 2276 780 2316 potuisset
797 2286 853 2306 una
867 2286 934 2306 cum
949 2276 1014 2307 aliis
1030 2277 1200 2317 signiﬁcari.

238 2319 288 2358 IV,
306 2321 586 2353 14-18..›1ιθ,ι;ιιηάθν
596 2322 683 2361 faber
694 2322 824 2351 wrarius
832 2321 934 2352 multis
942 2321 1031 2352 mulis

200 2373 249 2395 me
260 2365 372 2404 affecit:
389 2368 497 2398 reddat
509 2368 556 2398 illi
566 2366 810 2405 Dominnsjua'ta
821 2366 906 2405 facta
922 2367 1028 2406 ipsius:

197 2418 286 2450 quem
301 2415 329 2441 et
340 2414 372 2441 ιιι
383 2420 457 2442 cave
472 2412 678 2443 :vehementer
697 2413 779 2441 enim
796 2412 907 2442 restitit
920 2412 1031 2442 nostris

195 2455 548 2494 sermonibuanprt'ma
556 2465 621 2487 mea
630 2456 803 2494 defensione
809 2455 970 2486 nemomz‘hi
979 2456 1031 2486 ad-

196 2499 268 2538 fuit,
281 2500 334 2530 sed
343 2509 445 2532 omnes
456 2511 500 2532 me
511 2502 719 2532 deseruerunt:
729 2509 767 2531 ne
777 2501 839 2531 illis
850 2504 1028 2543 imputetur,

198 2544 348 2575 Dominus
358 2549 458 2576 autem
470 2547 546 2577 mihi
556 2546 668 2586 adfuit,
680 2549 708 2576 et
717 2545 923 2576 corroboravit
935 2548 1030 2586 me,ut

193 2597 248 2628 per
259 2598 307 2620 me
325 2591 507 2630 praedicatio
528 2594 713 2630 expleretur,
727 2594 755 2620 et
772 2591 914 2621 audirent
929 2599 1029 2621 omnes

196 2638 342 2673 genlcszet
351 2640 471 2675 ereptus
482 2636 573 2667 fuiew
582 2644 632 2666 ore
640 2635 744 2674 leonis,
755 2638 783 2666 et
790 2636 897 2675 eripiet
907 2643 955 2666 me
966 2635 1028 2666 Do—

197 2681 510 2719 minusuboumi/uctu
520 2680 787 2716 mulu,elseruabil
799 2681 970 2720 ddregnum
979 2689 1031 2711 su—

189 2735 238 2757 um
245 2729 562 2768 wternumwutglorlu
573 2728 605 2757 in
612 2726 723 2757 saecula
734 2729 911 2758 saeculorum
926 2729 1029 2758 Amen.

1115 2335 1128 2350 tr
1160 2322 1327 2363 Ἀλέξανδρος
1364 2325 1378 2352 ὁ
1413 2324 1529 2364 χαλκεὺς
1558 2323 1645 2354 πολλά
1677 2336 1724 2363 μοι
1751 2323 1818 2353 κακὰ
1843 2321 1881 2348 έν·

1071 2366 1184 2400 εδείξατο
1212 2367 1329 2406 (ἀποδῴη
1372 2370 1443 2406 αὖτῴ
1479 2371 1493 2398 ὁ
1530 2370 1622 2410 Κύριος
1664 2370 1731 2398 κατᾶ
1770 2369 1802 2397 τὰ
1827 2365 1882 2404 ἔργα

1072 2412 1173 2452 αὐτώ),
1216 2414 1244 2441 ὃν
1285 2414 1329 2441 καὶ
1371 2415 1401 2442 σὺ
1442 2407 1583 2455 φυλάσσου.
1642 2415 1705 2442 Δίαν
1747 2415 1796 2454 γὰρ
1833 2407 1880 2438 ἀνθ’

1073 2457 1166 2490 ἐστηκε
1194 2464 1252 2489 τοῖς
1287 2458 1426 2498 ἡμετέροις
1461 2459 1563 2499 λόγοις.
1595 2459 1638 2488 Ἐν
1661 2461 1695 2498 τῇ
1722 2459 1812 2498 πρώτῃ
1837 2463 1880 2493 μου

1072 2500 1212 2540 ἀπολογίᾳ,
1253 2501 1334 2534 οὐδείς
1369 2514 1413 2540 μοι
1455 2503 1678 2542 ωμπαρεγένετο,
1711 2503 1779 2532 ἀλλὰ
1817 2499 1878 2528 πάν-

1070 2556 1112 2578 τες
1141 2556 1174 2583 με
1209 2546 1392 2586 ἐγκατέλιπον.
1430 2549 1474 2582 Μὴ
1515 2541 1606 2580 abaci;
1633 2547 1777 2588 λογισθείη.
1807 2541 1833 2574 l0
1848 2541 1880 2588 reg

1072 2591 1164 2630 Κύριός
1207 2603 1251 2629 μοι
1293 2592 1422 2633 παρέστη,
1465 2593 1508 2621 καὶ
1549 2587 1728 2630 ἐνεδυναμὼσέ
1768 2602 1810 2631 με,
1840 2587 1879 2615 ῗνπ

1072 2634 1105 2662 δι’
1143 2636 1208 2674 ἐμοῦ
1243 2637 1274 2664 τὸ
1310 2638 1435 2677 κήρυγμα
1475 2637 1677 2678 πληροφορηθῇ,
1722 2638 1764 2665 καὶ
1792 2632 1879 2668 ἀκούσῃ

1072 2680 1157 2708 πάντα
1181 2682 1212 2709 τὰ
1228 2681 1298 2716 ἔθνη.
1332 2683 1379 2711 Καὶ
1405 2682 1526 2721 ἐῤῥύσθην
1555 2682 1586 2710 ἐκ
1615 2682 1746 2720 στόματος
1773 2679 1876 2709 λέοντος-

1075 2727 1121 2754 Kal
1146 2727 1247 2765 ῥύσεταί
1269 2739 1302 2764 με
1330 2729 1344 2756 ὁ
1374 2728 1465 2767 Κύριος
1492 2728 1544 2755 ἀπο
1575 2728 1672 2758 παντὸς
1702 2726 1775 2766 ἔργου
1802 2731 1878 2754 πονη-

197 2776 254 2814 ροῦ,
279 2773 322 2800 καὶ
339 2773 419 2803 σώσει
442 2776 479 2805 εἰς
497 2774 546 2807 τὴν
568 2771 703 2812 βχσιλείαν
726 2775 803 2802 αὐτοῦ
819 2774 868 2807 τὴν
881 2773 997 2803 αἰώνιον.
1017 2770 1045 2812 ᾮ
1058 2773 1076 2805 η
1092 2770 1189 2804 δόξαεὶς
1199 2774 1259 2806 τοὺς
1277 2773 1371 2807 αἰῶνας
1385 2777 1439 2802 τῶν
1454 2773 1567 2803 αἰώνων.
1591 2772 1690 2810 Ἀμήν.
1717 2783 1730 2801 ι
