1942 3078
212 139 271 173 247

772 138 862 171 (ECU
867 139 979 172 MENII
999 137 1147 170 TRIGCIE
1166 139 1334 172 EPISGOPI

1840 139 1890 174 ΞΕ

211 207 265 239 tui.
280 208 433 247 Bigamum
448 214 519 238 vero
532 207 663 247 repellit,
684 211 826 247 tanquam
842 206 991 246 vituperio
1007 214 1019 237 ε

1121 207 1183 239 λύει,
1203 217 1215 236 I
1232 207 1316 237 τέκνα
1343 209 1416 249 ἔχων
1443 209 1534 240 πιστά,
1566 220 1579 238 »
1609 205 1638 239 ιΟ
1653 209 1702 250 γὰρ
1718 209 1750 239 τὰ
1764 207 1844 237 τέκνα
1859 208 1894 246 μῆ

210 251 392 292 contemptui
402 251 577 283 obnoxium.
597 263 611 279 «
625 251 751 283 Liberos
771 251 886 282 habens
901 251 1035 282 ﬁdeles»

211 295 266 332 Qui
281 305 350 327 suos
365 296 446 327 enim
461 295 573 328 liberos
581 305 641 326 non
652 295 792 334 correxit,
804 295 953 336 quomodo
965 295 1037 326 alie-

210 349 265 372 nos
281 340 413 381 corriget
426 350 460 371 ac
476 340 654 380 gubernabit
665 340 680 370 ?

250 386 321 417 290
330 386 354 426 Ι,
361 386 426 417 7-8.
437 385 567 426 Oportet
575 386 657 416 enim
666 387 836 426 episcopum
846 385 1038 425 inculpatum

210 439 275 462 esse
283 435 430 471 tanquam
441 430 498 462 Dei
505 431 753 470 dispensatorem,
765 430 1035 470 nonprwfractum,

210 483 272 506 non
279 475 538 512 iracundummon
546 475 790 511 debacchantem,
802 483 863 505 non
877 482 1035 513 percusso—

211 528 288 557 rem,
301 528 363 551 non
376 521 505 560 turpiter
516 519 602 550 lucro
611 519 765 550 deditum:
778 519 830 550 sed
845 518 1035 558 hospitalem,

214 563 364 595 bonarum
386 572 490 595 rerum
521 564 705 602 studiosum,
736 563 880 603 sobrium,
904 564 1034 603 justum,

212 612 363 647 sanctum,
372 612 600 648 temperantem,
612 612 744 639 tenacem
764 609 828 647 eius
851 610 905 648 qui
927 616 1036 639 secun-

212 652 285 684 dum
294 653 464 684 doctrinam
477 657 521 684 est
522 652 625 693 ﬁdelis
637 654 806 683 sermonis:
821 656 855 683 ut
875 655 982 692 potens
995 654 1034 683 sit

213 699 307 729 etiam
315 699 476 730 exhortari
488 706 543 737 per
565 697 740 728 doctrinam
748 705 868 737 sanam,
880 700 908 728 et
917 699 1035 728 contra-

213 742 346 774 dicentes
360 745 550 774 convincere.

253 787 439 828 Inculpatum
454 795 531 828 esse,
548 787 687 827 generale
701 790 755 818 est.
773 786 925 827 Siquidem
941 787 1040 818 incul-

1079 250 1211 291 ρυθμίσας,
1227 255 1284 285 πῶς
1300 252 1402 293 ἑτέρους
1416 252 1542 282 διευθυνετ
1558 262 1566 292 ;

1121 395 1135 411 ι(
1166 389 1214 413 Δεϊ
1241 386 1290 425 γὰρ
1316 387 1361 415 τὸν
1397 386 1540 416 ἐπίσκοπον
1583 386 1747 427 ἀνέγκλητον
1769 387 1843 416 εἶναι
1864 387 1896 417 ὡς

1079 432 1155 467 Θεοῦ,
1199 431 1348 468 οἰκονόμον,
1391 431 1430 469 μὴ
1472 431 1581 470 αὐθάδη,
1627 433 1667 470 μὴ
1708 432 1827 472 ὀργίλον,
1863 431 1897 468 μὴ

1079 473 1215 513 πάροινον,
1252 475 1291 513 μῆ
1333 475 1469 516 πλήκτην,
1511 477 1550 514 μὴ
1592 476 1767 516 αἰσχροκερδῆ
1785 484 1793 492 ·
1833 475 1898 503 ἀλλὰ

1079 517 1224 559 φιλόξενον,
1273 519 1429 560 φιλάγαθον,
1484 521 1614 561 σώφρονα,
1658 521 1768 557 δίκαιον,
1814 520 1896 555 ὅσιον,

1080 562 1206 602 ἐγκρατῆ,
1240 565 1418 604 ἀντεχόμενον
1455 570 1501 595 τοῦ
1541 567 1611 595 κατὰ
1640 567 1690 601 τὴν
1718 566 1833 607 διδαχὴν
1859 578 1898 594 πι-

1079 611 1141 635 στοῠ
1182 608 1273 648 λόγου,
1309 609 1364 637 ἵναι
1408 609 1514 642 δυνατὸς
1549 610 1567 649 ᾗ
1603 612 1646 640 καὶ
1680 611 1848 651 παρακαλεῖν
1874 611 1898 639 ἐν

1076 655 1110 690 τῇ
1135 651 1284 690 διδασκαλίᾳ
1311 657 1345 692 τῇ
1374 654 1539 694 ὑγιαινούσῃ,
1561 656 1604 684 καὶ
1629 656 1688 690 τοὺς
1716 655 1898 694 ἀντιλέγοντας

1080 697 1213 737 ἐλέγχειν.
1232 709 1245 727 ι

1122 786 1298 826 Ἀνέγκλητον
1333 788 1415 829 εἶναι,
1458 789 1489 817 τὸ
1530 790 1634 828 γενικδν
1677 789 1760 830 λέγει,
1789 791 1826 819 Τὸ
1854 791 1899 830 γὰρ

214 836 314 873 patum
331 841 408 870 esse,
427 832 528 863 omnia
543 841 608 872 qua:
616 831 818 864 enumeranda
833 835 901 862 sunt
913 831 1019 872 complt

1121 831 1254 872 ἱγκλητον,
1285 833 1370 861 πάντα
1398 833 1517 873 περιέχει
1546 835 1579 862 τὰ
1605 835 1786 875 ῥηθησόμενα,
1823 846 1898 863 τουτ-

214 877 327 909 ctitur:
346 877 403 908 hoc
426 881 482 917 est,
498 877 529 908 in
545 887 633 917 quem
663 877 777 907 nullum
803 877 897 916 possis
926 876 1018 907 crime

1121 888 1164 916 ειν,
1180 877 1390 917 ἀκατηγόρητον,
1411 889 1422 906 tt
1442 874 1487 910 (Ως
1517 882 1581 908 Θεοῦ
1609 880 1754 918 οἷνονόμον.
1779 873 1804 909 ἒ»
1829 880 1899 908 Ἐπεὶ

213 922 395 963 impingere.
416 932 427 950 (ι
444 922 597 962 Tanquam
610 921 663 953 Dei
679 921 943 961 dispensatorem.)
958 920 1039 957 Quo-

213 967 295 997 niam
320 975 436 1007 magna,
460 966 569 1007 inquit,
587 970 631 997 est
646 965 783 1006 dignitas,
802 974 909 1004 magna
921 975 1040 1005 quoque

215 1021 290 1052 opus
306 1015 350 1042 est
367 1011 510 1043 custodia.
528 1023 541 1038 α
558 1010 623 1041 Non
645 1011 842 1050 praefractam.
864 1022 874 1038 ι
893 1009 948 1045 Qui
959 1010 1038 1040 enim

215 1056 345 1096 seipsum
357 1056 482 1087 domare
491 1056 605 1096 nequit,
615 1055 762 1096 quomodo
773 1054 839 1086 aliis
847 1054 959 1085 utiliter
968 1064 1040 1095 prae-

215 1110 281 1132 esse
296 1101 425 1140 poterit?
445 1116 455 1130 ι
471 1100 536 1131 Non
562 1100 807 1131 debacchantem.
822 1111 835 1128 ι
854 1098 917 1130 Non
932 1103 1038 1130 contu—

214 1146 386 1177 meliosum.
407 1155 418 1175 I
435 1144 500 1176 Non
525 1153 742 1185 percussorem.
763 1157 776 1172 n
803 1143 866 1175 Non
880 1144 1038 1174 ferientem

215 1190 414 1222 conscientias
428 1190 562 1221 fratrum.
583 1202 596 1218 α
613 1189 677 1220 Non
706 1189 831 1229 turpiter
855 1189 937 1219 lucro
953 1188 1040 1219 dedi-

212 1239 287 1266 tum.
307 1245 319 1264 ι
330 1234 432 1272 Qualis
441 1243 507 1266 esse
518 1234 594 1265 solet
604 1234 657 1273 qui
669 1234 756 1274 inops
765 1239 819 1264 est:
834 1233 917 1273 quasi
926 1233 1040 1265 lucrum

214 1280 350 1321 quodvis,
367 1279 455 1311 etiam
472 1279 497 1309 si
525 1279 638 1319 justum
654 1287 721 1309 esse
743 1278 886 1316 videatur,
903 1281 989 1318 turpe
1004 1278 1043 1309 sit

213 1325 366 1365 episcopo.
407 1335 418 1352 α
450 1323 602 1354 Sanctum.
622 1335 635 1350 π
667 1323 779 1354 Purum
808 1322 844 1352 ab
873 1322 1037 1353 affectibus.

215 1381 229 1397 ι
245 1369 488 1408 Temperantem.
513 1381 525 1395 ιι
541 1369 608 1399 Non
638 1371 752 1398 tantum
783 1366 862 1397 circa
876 1366 969 1404 cibos,
986 1367 1039 1397 sed

213 1414 303 1443 etiam
318 1412 396 1443 circa
414 1411 596 1443 affectiones.
618 1420 632 1441 ‹
649 1410 759 1442 Fidelis
773 1411 932 1441 sermonis.
950 1424 962 1439 ι»
980 1412 1041 1442 Aut

214 1457 287 1494 veri,
301 1461 350 1487 aut
361 1458 425 1496 ejus
437 1456 488 1496 qui
514 1465 567 1496 per
592 1455 680 1485 fidem
706 1455 920 1495 suppeditatur,
937 1459 1039 1486 etnon

1081 921 1136 961 οὖν,
1159 922 1234 960 φησὶ,
1257 923 1288 950 τὸ
1310 922 1410 959 ἀξίωμα
1433 922 1511 961 μέγα,
1529 923 1648 962 μεγάλης
1677 923 1762 952 δεῖται
1788 924 1832 952 καὶ
1859 936 1899 963 φυ-

1081 965 1178 999 λακῆς,
1198 976 1212 995 ί
1234 967 1278 1000 Μὴ
1301 966 1409 1000 αὐθάδη.
1428 979 1441 994 ι
1474 964 1502 996 Ὀ
1529 968 1578 1007 γὰρ
1604 969 1697 997 ἑαυτοῦ
1718 969 1757 1007 μὴ
1787 973 1897 1009 κρατῶν,

1081 1011 1137 1042 πῶς
1149 1010 1243 1050 ἐτέρων
1265 1013 1419 1050 κρατήσειεν
1435 1022 1443 1052 ;
1464 1024 1478 1040 α
1495 1013 1539 1046 Μὴ
1561 1013 1696 1051 πάροινον,
1714 1026 1728 1041 ιι
1761 1015 1897 1053 Πάροινον,

1080 1054 1215 1095 ὑϐριστήν.
1236 1067 1246 1083 ι
1271 1059 1315 1090 Μή
1330 1055 1464 1091 πλήκτην.
1483 1069 1496 1084 ι
1516 1057 1671 1092 Πλήττοντα
1685 1058 1734 1092 τὴν
1756 1058 1898 1092 συνείδησιν

1080 1104 1132 1129 τῶν
1147 1100 1276 1140 ἀδελφῶν.
1297 1111 1310 1128 ι
1334 1102 1378 1135 Μὴ
1401 1101 1586 1141 αἰσχροκερδῆ.
1615 1113 1627 1129 ι
1662 1104 1725 1132 Οῖον
1750 1103 1896 1141 ἀκτήμονα.

1082 1141 1127 1176 (Ως
1143 1145 1267 1174 παντοίου
1293 1143 1410 1186 κέρδους,
1426 1145 1475 1174 κᾶν
1490 1145 1587 1174 δίκαιον
1602 1146 1671 1174 εἶναι
1693 1146 1770 1185 δοκῇ,
1794 1149 1899 1186 αἰσχροῦ

1083 1189 1157 1221 ὄντος
1172 1189 1317 1226 ἐπισχόπῳ.
1340 1201 1350 1217 α
1378 1182 1474 1221 Ὅσιον,
1495 1202 1506 1219 ι
1534 1192 1651 1230 Καθαρὸν
1677 1192 1789 1224 πάθους.
1808 1203 1822 1219 α
1837 1182 1898 1230 Ἔγ-

1083 1237 1179 1274 κρατῆ.
1197 1246 1211 1262 ι
1236 1235 1281 1268 Μὴ
1295 1235 1353 1274 περὶ
1381 1235 1450 1279 σιτία
1472 1235 1564 1272 μόνον,
1587 1234 1655 1264 ἀλλὰ
1681 1237 1781 1269 παντὸς
1796 1237 1897 1269 πάθους.

1086 1291 1098 1307 ιι
1119 1282 1216 1307 Πιστοῦ
1237 1278 1329 1318 λόγου,
1347 1289 1360 1309 ι
1395 1283 1417 1308 Η
1432 1283 1477 1307 τοῦ
1499 1279 1624 1320 ἀληθοῦς,
1640 1280 1658 1314 ἢ
1674 1284 1719 1309 τοῦ
1733 1280 1777 1309 διὰ
1792 1282 1898 1311 πίστεως

1083 1323 1295 1364 χορηγουμὲνου,
1317 1325 1360 1352 καὶ
1392 1326 1438 1353 οὐκ
1466 1324 1519 1352 ἀπὸ
1548 1323 1694 1363 λογισμῶν.
1722 1326 1773 1354 Διὰ
1787 1330 1863 1354 τοῦτο
1875 1325 1898 1353 δὲ

1081 1370 1154 1406 εἶπε,
1171 1373 1222 1398 Τοῦ
1236 1369 1303 1396 κατὰ
1323 1367 1446 1408 διδαχὴν,
1463 1368 1563 1406 δηλῶν,
1580 1369 1620 1397 ὅτι
1635 1370 1679 1398 χαὶ
1693 1371 1778 1410 χωρὶς
1793 1374 1841 1404 τῆς
1855 1370 1897 1403 ἔξω

1081 1414 1182 1453 σοφίας,
1207 1412 1343 1441 διδάσκειν
1357 1412 1472 1444 δύναται,
1503 1415 1539 1442 Οὔ
1567 1414 1616 1453 γὰρ
1638 1414 1799 1452 ἐπιδείξεως,
1827 1417 1895 1452 φησὶ,

1080 1459 1169 1498 χρεία,
1184 1457 1252 1485 ἀλλᾶ
1265 1456 1378 1497 διδαχῆς
1394 1458 1436 1485 καὶ
1449 1457 1587 1498 ὠφελείας.
1608 1470 1621 1485 ιι
1640 1460 1692 1487 Ἰνα
1706 1458 1815 1492 δυνατὸς
1828 1460 1845 1494 ἦ
1861 1461 1897 1488 καὶ

213 1501 250 1532 ab
265 1500 403 1532 humanis
418 1499 646 1541 cogitationibus
657 1503 706 1530 aut
715 1498 892 1544 rationibus.
901 1501 1019 1540 Proptet

1121 1501 1256 1541 ρακαλεῖν.
1283 1513 1294 1530 ι
1326 1505 1408 1530 Τοῦτο
1430 1501 1456 1530 δέ
1479 1502 1563 1539 ἔσται,
1593 1502 1646 1531 ἆπό
1673 1514 1701 1531 τε
1736 1506 1896 1544 φρονήσεως,

214 1555 248 1576 ea
264 1549 363 1576 autem
375 1545 468 1576 dixit:
485 1544 541 1581 Qui
557 1544 722 1575 secundum
738 1543 900 1574 doctrinam
913 1549 976 1575 est:
994 1545 1037 1574 si-

213 1590 369 1630 gniﬁcans,
381 1590 459 1630 quod
472 1589 559 1620 etiam
571 1589 635 1619 sine
645 1592 765 1619 externa
773 1589 918 1628 sapientia
928 1589 1038 1620 docere

213 1635 316 1675 possit.
328 1635 431 1674 Neque
445 1633 524 1666 enim
536 1632 1038 1673 demonstratione,inquit,naturali

213 1683 263 1710 aut
279 1679 482 1720 philosophica
494 1687 568 1718 opus
579 1682 636 1716 est,
651 1677 703 1708 sed
714 1677 850 1708 doctrina
862 1682 890 1708 et
900 1677 1036 1709 utilitate.

215 1736 229 1752 α
244 1725 283 1755 Ut
297 1728 402 1764 potens
417 1724 456 1754 sit
471 1723 559 1754 etiam
575 1722 736 1754 exhortari.
755 1734 767 1750 ι
789 1723 851 1752 Hoc
862 1726 961 1752 autem
978 1727 1008 1754 et
1022 1733 1038 1754 ιι

211 1769 369 1809 prudentia
383 1768 535 1807 continget
549 1771 578 1798 et
593 1777 609 1798 a
621 1767 792 1807 cognitione
804 1767 1037 1807 Scripturarum.

1081 1547 1124 1574 καὶ
1139 1548 1186 1579 τῆς
1203 1550 1254 1574 τῶν
1278 1549 1385 1586 Γραφῶν
1420 1546 1556 1581 εἷὸήσεως,
1582 1543 1747 1587 Τγιαίνουσα
1776 1548 1804 1577 δὲ
1829 1548 1896 1577 al.81-

1082 1590 1175 1619 σκαλία
1201 1591 1280 1628 ἐστὶν,
1305 1592 1322 1624 ἡ
1348 1592 1390 1619 καὶ
1417 1590 1537 1631 δόγματα
1563 1591 1650 1625 ἀληθῆ
1670 1593 1714 1620 καὶ
1748 1593 1807 1631 βίον
1831 1594 1896 1632 ὀρθὸν

1080 1635 1244 1665 διδάσκουσι.
1280 1645 1294 1664 ι
1318 1636 1366 1664 Καὶ
1390 1636 1450 1667 τοὺς
1480 1635 1663 1675 ἀντιλέγοντας
1692 1636 1810 1677 ἐλέχειν.
1843 1649 1854 1665 ι
1872 1633 1897 1665 Ὀ

1079 1681 1128 1719 γὰρ
1150 1680 1188 1717 μὴ
1210 1679 1283 1711 εἰδὼς
1299 1681 1430 1720 μάχεσθαι
1444 1682 1502 1712 τοῖς
1523 1681 1643 1720 ἐχθροῖς,
1666 1682 1709 1709 καὶ
1730 1681 1896 1722 αἰχμαλωτί-

1080 1729 1132 1760 ζειν
1145 1728 1196 1752 πᾶν
1211 1724 1298 1762 νόημα
1313 1725 1348 1755 εἷς
1377 1725 1427 1758 τὴν
1455 1725 1574 1758 ὑπακοὴν
1604 1729 1650 1754 τοῦ
1677 1727 1803 1765 Χριστοῦ,
1831 1725 1897 1755 οῦδὲν

1080 1770 1143 1803 ποι-ἧ
1148 1779 1185 1797 σει
1200 1772 1252 1797 τῶν
1267 1768 1389 1800 δεόντων,

212 1815 291 1846 Sana
305 1823 375 1844 vero
391 1813 527 1844 doctrina
541 1816 586 1843 est
601 1822 665 1852 quin
681 1816 710 1844 et
726 1821 796 1842 vera
811 1811 947 1850 dogmata
963 1817 992 1843 et
1007 1817 1118 1844 rectam
1133 1813 1221 1844 vitam
1237 1813 1334 1845 docet.
1363 1824 1373 1841 ι
1391 1813 1426 1844 Ει
1441 1813 1677 1846 contradicentes
1700 1815 1865 1847 revincere.
1882 1827 1894 1842 ι

211 1858 268 1895 Qui
284 1868 344 1890 non
361 1858 441 1889 novit
455 1857 598 1889 adversus
613 1857 752 1888 inimicos
768 1865 899 1896 pugnare
914 1861 944 1888 et
957 1858 1102 1898 captivam
1125 1858 1238 1889 ducere
1263 1867 1382 1889 omnem
1407 1858 1615 1898 cogitationem
1640 1859 1675 1890 ad
1701 1860 1895 1892 obedientium

211 1904 342 1942 Christo,
359 1903 434 1934 nihil
449 1902 536 1934 faciet
551 1912 656 1934 eorum
672 1911 738 1943 quae
752 1901 944 1934 conveniunt.

527 1947 650 1980 CAPUT
671 1947 708 1979 II.

210 1993 277 2024 29!
295 1992 447 2024 Adversus
475 2001 525 2024 eos
553 1993 607 2032 qui
644 1992 782 2024 carnales
810 1992 1036 2023 armuntz’abant

287 2033 518 2073 puriﬁcationes
537 2043 543 2063 :
560 2036 588 2064 et
603 2032 638 2064 de
651 2032 810 2073 spiritualt'
830 2033 953 2063 virtute.

251 2085 274 2122 Ι,
288 2086 337 2122 10,
352 2088 400 2115 tt.
418 2084 498 2116 Sunt
510 2085 592 2116 enim
604 2083 697 2116 multi
721 2093 780 2115 non
799 2083 994 2124 obsequentes
1010 2087 1039 2114 et

211 2129 370 2169 vaniloqut
379 2137 414 2160 ac
428 2129 580 2160 mentium
590 2129 781 2160 seductores:
799 2129 935 2159 maxime
947 2129 971 2159 ii
987 2128 1040 2168 qui

210 2178 282 2206 sunt
296 2183 335 2205 ex
345 2174 574 2214 circunct'sione,
586 2173 696 2213 quibus
706 2177 823 2212 oportet
835 2172 976 2204 obturare
985 2181 1017 2203 os
1031 2183 1037 2203 :

212 2219 266 2259 qui
280 2221 357 2250 totas
373 2218 476 2250 domos
501 2219 692 2255 subvertant,
723 2217 861 2248 docentes
887 2226 953 2257 qua:
978 2226 1039 2248 non

211 2266 330 2304 oportet
346 2264 442 2304 turpis
457 2263 536 2294 lucri
546 2263 663 2302 gratia.

251 2307 394 2340 Omnium
424 2307 523 2348 posuit
537 2307 669 2338 radicem
694 2316 729 2338 ex
745 2316 803 2347 qua
820 2305 935 2346 reliqua
949 2305 1038 2336 etiam

210 2353 357 2389 oriuntur,
374 2351 448 2383 Nam
460 2353 509 2392 qui
521 2351 698 2383 inobediens
709 2355 764 2388 est,
776 2351 840 2391 ipse
857 2350 976 2391 quidem
989 2351 1039 2380 ob—

211 2403 380 2439 temperare
394 2402 525 2438 recusat,
541 2397 664 2438 reliquis
679 2396 904 2437 veroimperare
919 2405 953 2427 ac
967 2405 1038 2436 prac-

210 2452 277 2474 esse
292 2443 488 2483 concupiscit.
503 2443 618 2475 Deinde
630 2445 749 2483 oportet
763 2450 829 2472 eum
842 2440 892 2481 qui
901 2440 1040 2471 ecclesia-

211 2488 286 2519 stico
302 2487 470 2528 principatu
485 2487 623 2527 imperat,
652 2486 741 2517 etiam
765 2486 873 2516 docere
896 2485 970 2525 :qui
985 2494 1038 2515 au-

210 2536 270 2563 tem
288 2533 376 2563 docet
392 2532 562 2572 priusquam
579 2531 728 2572 didicerit,
755 2540 790 2562 eo
807 2530 884 2570 quod
898 2529 963 2560 aliis
979 2539 1038 2560 non

210 2577 404 2618 obsequatur,
418 2578 484 2617 jure
500 2576 675 2618 vaniloquus
689 2586 723 2608 ac
740 2576 882 2607 mentium
899 2575 1039 2606 seductor

209 2622 372 2655 invenitur.
391 2622 536 2654 «Maxime
547 2622 568 2653 ii
579 2621 630 2662 qui
643 2625 710 2652 sunt
723 2631 759 2652 ex
776 2620 1034 2652 circumcisione.»

209 2667 263 2699 His
275 2667 356 2699 enim
372 2667 462 2699 etiam
477 2667 610 2699 Christus
625 2666 737 2706 objecit
749 2666 827 2707 quod
839 2665 1036 2706 principatum

210 2712 370 2744 ambirent:
389 2712 440 2753 qui
449 2717 515 2753 post
526 2715 693 2753 susceptam
706 2721 834 2752 quoque;
845 2710 946 2743 ﬁdem.
959 2719 1036 2740 mor-

208 2757 282 2789 bum
297 2758 378 2789 hunc
406 2767 466 2789 non
494 2756 712 2798 relinquebant.
749 2755 890 2792 «Quibus
920 2758 1038 2795 oportet

209 2802 350 2835 obturare
366 2812 410 2834 os.
431 2815 442 2832 υ
461 2801 533 2834 Nam
549 2802 575 2834 si
590 2801 748 2844 episeopus
774 2800 831 2833 sibi
847 2799 1036 2832 commissam

1399 1945 1587 1981 KE¢AA.BZ

1081 2002 1096 2022 (
1113 1993 1186 2022 Κατὰ
1200 1995 1251 2021 τῶν
1266 1994 1390 2033 σαρκικὰς
1407 1995 1542 2033 καθάρσεις
1558 1994 1766 2034 πρεσϐευόντων,
1781 1997 1825 2024 καὶ

1321 2037 1502 2071 πνευματικῆς
1518 2035 1626 2074 ἀρετῆς.
1647 2048 1658 2064 n

1124 2096 1135 2113 ι
1177 2086 1231 2114 Εἰσὶ
1274 2087 1280 2095 “
1367 2086 1398 2115 λλ
1416 2088 1423 2097 ‘
1457 2088 1463 2096 ’
1536 2100 1550 2106 τ
1691 2089 1698 2099 ‘
1851 2089 1855 2098 '

1253 2097 1302 2126 γαρ
1330 2097 1365 2115 πο
1401 2099 1425 2116 οι
1453 2089 1626 2117 ανυπό.ακτοι
1656 2100 1700 2117 και
1728 2089 1894 2128 ματαιολόγοι

1080 2130 1123 2157 καὶ
1151 2131 1324 2169 φρεναπάται,
1361 2131 1478 2168 μάλιστα
1519 2134 1542 2161 οἱ
1583 2134 1614 2161 ὲκ
1655 2137 1815 2172 περιτομῆς.
1850 2134 1894 2164 Οὖς

1079 2173 1121 2202 δεῖ
1162 2174 1348 2214 ἐπιστομίζειν,
1392 2176 1489 2208 οἵτινες
1538 2177 1614 2210 ὅλους
1656 2178 1748 2210 οἴκους
1792 2177 1895 2216 ἀνατρέ-

1079 2229 1168 2256 πουσι,
1199 2218 1375 2260 διδάσκοντες,
1420 2221 1436 2248 ἃ
1469 2222 1508 2259 μὴ
1549 2221 1601 2260 δεῖ,
1643 2224 1755 2263 αἰσχροῦ
1798 2221 1894 2263 κέρδους

1079 2263 1169 2302 χάριν.
1196 2274 1208 2292 ι)

1120 2308 1174 2341 Τὴν
1189 2308 1259 2347 ῥίζαν
1274 2309 1335 2337 εἷπε
1356 2309 1472 2345 πάντων,
1490 2310 1516 2343 ἐξ
1529 2312 1563 2344 ἧς
1585 2312 1629 2340 καὶ
1649 2312 1682 2339 τὰ
1703 2311 1784 2340 λοιπὰ
1799 2313 1893 2352 φύεται.

1083 2348 1111 2381 IO
1146 2353 1195 2392 γὰρ
1220 2353 1411 2394 ἀνυπότακτος,
1438 2355 1514 2388 αὐτὸς
1541 2356 1588 2393 μὲν
1614 2355 1696 2384 εἴκειν
1718 2357 1748 2385 οὗ
1768 2348 1892 2395 βοόλετιι,

1082 2396 1175 2437 ἄρχειν
1189 2396 1216 2425 δὲ
1231 2399 1274 2426 καὶ
1289 2398 1442 2427 ἐπιστατεῖν
1471 2400 1565 2440 ἑτέρων
1594 2401 1727 2438 ἐπιθυμῇ.
1765 2402 1832 2430 Εἶτα
1859 2399 1894 2427 δεῖ

1081 2444 1127 2471 τὸν
1152 2440 1268 2481 ἄρχοντα
1297 2443 1345 2477 τὴν
1381 2443 1602 2478 ἐκκλησιαστικὴν
1637 2446 1736 2485 αρχὴν,
1763 2447 1807 2474 καὶ
1827 2444 1892 2473 διδά-

1080 2498 1163 2516 ακειν.
1190 2484 1217 2516 Ὀ
1246 2487 1273 2515 δὲ
1301 2489 1358 2527 πρὶν
1381 2491 1475 2525 μαθεῖν
1497 2488 1539 2517 διὰ
1567 2490 1598 2518 τὸ
1625 2484 1804 2523 ἀνυπότακτος
1819 2500 1892 2529 γεγε-

1079 2532 1170 2566 νῆσθαι
1200 2531 1338 2572 διδάσκῶν,
1381 2534 1488 2566 εἰκότως
1530 2534 1706 2573 μιτιιολόγος

1080 2577 1184 2610 απάτης
1207 2577 1361 2616 εὑρίσκεται.
1388 2589 1400 2605 ι
1430 2578 1551 2607 Milium
1577 2581 1618 2607 οἱκ
1645 2580 1676 2608 ἐκ
1701 2583 1854 2619 περιτομῆς.
1879 2590 1890 2605 ι

1079 2623 1186 2654 Τούτοις
1202 2622 1251 2661 γὰρ
1278 2622 1322 2649 καὶ
1349 2623 1363 2650 ὁ
1393 2624 1504 2662 Χριστὸς
1527 2624 1669 2664 φιλαρχίαν
1697 2623 1834 2661 ὠνείδιζεν,
1868 2624 1890 2651 οἳ

1079 2667 1122 2694 καὶ
1145 2666 1211 2703 μετᾶ
1232 2666 1281 2700 τὴν
1296 2667 1382 2695 πίστιν
1398 2669 1445 2697 οὒκ
1465 2668 1590 2697 ἀπέθεντο
1606 2670 1637 2696 τὸ
1663 2669 1779 2706 νόσημα.
1805 2680 1816 2697 ι
1846 2669 1891 2698 Οὓς

1078 2710 1120 2739 δεῖ
1135 2711 1321 2748 ἐπιστομίζειν.
1340 2723 1353 2739 ι
1379 2713 1406 2740 Εἰ
1428 2713 1477 2752 γὰρ
1492 2713 1544 2741 τῶν
1561 2713 1647 2742 ἄλλων
1669 2714 1826 2753 προστασίαν
1851 2712 1890 2739 καὶ

1079 2754 1187 2794 ὁδηγίαν
1215 2757 1228 2784 ὁ
1250 2755 1391 2788 ἐπίσκοπος
1421 2757 1625 2797 ὲγκεχεῖρισται,
1651 2758 1743 2797 ἀγνοεῖ
1778 2757 1804 2786 δὲ
1820 2767 1822 2769 '
1837 2757 1890 2786 τοὺς

1079 2799 1271 2840 ματαιολόγους
1296 2802 1340 2829 καὶ
1365 2802 1543 2843 φρεναπάτας,
1568 2802 1691 2844 ἐλέγχειν
1719 2804 1763 2832 καὶ
1790 2803 1888 2831 ἐπιστο-

1746 2536 1789 2563 κιὶ
1817 2545 1890 2575 φρεν-
