1942 3078
191 150 251 183 247

753 147 960 181 CECUMENII
979 146 1128 179 TRIGC/E
1147 147 1314 181 EPISGOPI

1818 147 1875 181 248

190 217 245 250 tui.
260 218 415 257 Bigamum
429 224 500 249 vero
514 217 644 258 repellit,
666 220 808 257 tanquam
824 215 972 256 vituperio
987 224 1003 246 ο

1105 216 1164 248 ιύει,
1183 225 1196 244 ι
1213 216 1296 245 Τέκνα
1324 217 1396 257 ἔχων
1424 217 1514 248 πιστά.
1547 227 1559 246 ι
1590 212 1618 246 ι0
1633 217 1684 257 γὰρ
1699 216 1732 246 τὰ
1745 215 1822 244 τέκνα
1838 215 1875 254 μὴ

190 262 373 304 contemptui
384 262 558 293 obnoxium.
578 273 592 289 ιι
607 261 732 293 Liberos
753 260 868 292 habens
882 260 1016 291 ﬁdeles.-

192 305 248 343 Qui
263 316 332 338 suos
347 307 428 338 enim
443 306 554 337 liberos
562 315 622 336 non
633 305 773 343 correxit,
786 305 934 346 quomodo
946 305 1017 335 alie-

192 360 247 382 nos
263 351 394 391 corriget
407 360 441 382 ac
457 350 662 390 gubernabit?

232 397 302 428 290
312 397 335 436 1,
343 396 407 427 7-8.
418 395 548 435 Oportet
556 395 638 426 enim
647 396 817 436 episcopum
827 394 1019 434 inculpatum

192 449 256 472 esse
264 445 411 481 tanquam
422 440 479 472 Dei
485 441 734 480 dispensatorem,
746 440 1016 479 nonpraefractum,

191 494 254 516 non
260 485 519 522 iracundum,non
527 484 771 521 debacchantem,
783 493 844 514 non
858 491 1017 522 percusso-

193 538 269 567 rem,
282 538 344 561 non
357 530 486 569 turpiter
497 529 583 560 lucro
593 528 747 560 deditum:
759 528 811 559 sed
827 528 1016 567 hospitalem,

194 573 345 605 bonarum
368 582 472 605 rerum
503 574 686 611 studiosum,
718 573 862 613 sobrium,
886 574 1016 612 justum,

193 621 582 658 sanctumﬁemperantem,
594 622 726 648 tenacem
746 619 809 656 eius
833 619 886 658 qui
909 625 1018 648 secun-

193 662 266 694 dum
275 663 446 695 doctrinam
459 666 502 694 est
504 662 608 702 ﬁdelis
619 663 787 693 sermonis:
803 665 837 693 ut
857 665 964 702 potens
977 663 1016 691 sit

195 709 289 740 etiam
297 709 459 740 exhortari
471 716 526 746 per
547 707 722 738 doctrinam
730 715 850 746 sanam,
862 709 890 737 et
900 708 1018 737 contra-

195 752 329 784 dicentes
343 755 532 784 convincere.

236 797 422 837 lnculpatum
437 805 514 837 esse,
530 796 669 837 generale
683 800 738 827 est.
756 795 907 836 Siquidem
923 795 1022 826 incul-

198 846 297 883 patum
314 850 391 879 esse,
409 842 510 873 omnia
526 851 590 882 qua
599 840 801 873 enumeranda
816 844 884 871 sunt
895 840 1025 880 comple-

197 887 310 919 ctitur:
329 887 387 918 hoc
409 891 465 927 est,
481 886 512 917 in
528 896 616 926 quem
646 886 760 917 nullum
785 885 880 925 possis
909 885 1022 916 crimen

197 931 378 973 impingere.
399 941 411 960 α
428 931 580 972 Tanquam
592 931 646 963 Dei
662 930 926 970 dispensatorem.)
941 929 1022 966 Quo-

197 977 278 1007 niam
303 985 419 1017 magna,
443 976 552 1016 inquit,
570 979 614 1006 est
629 974 766 1014 dignitas,
785 983 892 1014 magna
904 983 1023 1014 quoque

198 1030 273 1061 opus
289 1024 334 1052 est
350 1020 493 1052 custodia.
511 1033 525 1048 α
541 1019 606 1051 Non
627 1019 824 1059 praefractum.
847 1031 856 1046 ι
875 1018 930 1054 Qui
942 1019 1021 1049 enim

197 1066 328 1106 seipsum
340 1065 465 1096 domare
475 1065 587 1105 nequit,
597 1064 745 1104 quomodo
756 1063 821 1094 aliis
829 1063 942 1094 utiliter
951 1073 1023 1104 prae-

197 1119 264 1141 esse
280 1110 409 1150 poterit?
428 1125 438 1139 ι
454 1109 519 1140 Νοι]
545 1109 789 1140 debacchanlem.
804 1119 818 1137 ι
837 1107 900 1138 Non
915 1112 1020 1138 contu-

197 1155 369 1186 meliosum.
390 1165 401 1183 I
418 1153 482 1185 Non
509 1161 725 1194 percussorem.
746 1165 759 1180 ιι
786 1152 849 1183 Non
864 1153 1020 1183 ferientem

198 1199 396 1231 conscientias
410 1199 544 1230 fratrum.
565 1210 579 1226 α
595 1198 660 1228 Non
689 1198 814 1237 turpiter
838 1197 920 1228 lucro
936 1197 1023 1227 dedi-

196 1248 270 1275 tum.
290 1254 302 1273 ι
313 1243 415 1280 Qualis
424 1252 490 1275 esse
501 1242 640 1282 soletqui
652 1242 739 1282 inops
748 1247 802 1273 est:
817 1241 900 1282 quasi
909 1242 1023 1273 lucrum

197 1288 332 1330 quodvis,
350 1289 439 1320 etiam
454 1288 480 1318 si
507 1288 621 1328 justum
637 1296 704 1318 esse
725 1286 869 1325 videatur,
887 1290 972 1326 turpe
987 1286 1026 1317 sit

195 1334 348 1375 episcopo.
389 1343 401 1361 ι
433 1332 585 1363 Sanctum.
605 1344 618 1359 ιο
650 1332 762 1362 Purum
791 1330 827 1361 ab
856 1331 1021 1361 affectibus.

199 1390 212 1406 ι
229 1378 472 1418 Temperantem.
497 1389 509 1404 ι)
524 1377 591 1407 Non
621 1380 735 1407 tantum
766 1375 845 1406 circa
859 1375 952 1412 cibos,
969 1375 1022 1405 sed

196 1423 285 1453 etiam
301 1421 380 1452 circa
397 1420 579 1451 affectiones.
601 1429 615 1449 (
632 1418 742 1450 Fidelis
757 1419 916 1450 sermonis.
934 1433 945 1447 n
964 1420 1024 1450 Aut

197 1467 270 1503 veri,
284 1470 333 1497 aut
344 1467 408 1505 ejus
420 1465 472 1505 qui
497 1473 551 1504 per
575 1463 664 1494 ﬁdem
689 1463 904 1504 suppeditatur,
920 1467 948 1494 et
963 1473 1023 1494 non

1060 259 1191 299 ρυθμίσας,
1208 263 1265 293 πῶς
1281 261 1383 301 ἑτέρους
1397 260 1523 290 διευθυνεῐ
1539 270 1547 300 ;

1102 405 1116 420 α
1147 398 1195 422 Δεῖ
1222 394 1271 434 γὰρ
1297 395 1342 424 τὸν
1378 394 1522 423 ἐπίσκοπον
1564 394 1729 434 ἀνέγκλητον
1750 395 1822 423 εἶναι
1843 394 1878 424 ὡς

1060 441 1137 476 Θεοῦ,
1180 439 1329 477 οἰκονόμον,
1373 439 1411 476 μὴ
1453 438 1563 477 αὐθάδη,
1609 440 1648 478 μή
1690 439 1806 479 ὀργίλον,
1842 437 1880 475 μὴ

1060 482 1196 522 πάροινον,
1234 484 1272 521 μὴ
1314 483 1450 524 πλήκτην,
1493 484 1532 522 μὴ
1574 483 1748 524 αἰσχροκερδῆ
1765 491 1773 500 ⁸
1813 482 1881 510 ἀλλά

1061 526 1205 568 φιλόξενον,
1255 527 1410 568 φιλάγαθον,
1465 529 1596 569 σώφρονα,
1640 529 1750 565 δίκαιον,
1793 528 1879 562 ὅσιον,

1061 571 1188 611 ἐγκρατῆ,
1222 573 1399 613 ἀντεχόμενον
1436 578 1482 603 τοῦ
1523 574 1592 603 κατά
1622 575 1672 608 τὴν
1701 574 1813 614 διδαχὴν
1839 585 1881 601 πι-

1061 619 1124 644 στοῦ
1164 617 1255 656 λόγου,
1291 617 1346 645 ’ίναι
1389 617 1496 650 δυνατὸς
1530 618 1549 656 ᾗ
1584 619 1628 647 καὶ
1662 618 1828 658 παρακαλεῖν
1855 619 1881 646 ὲν

1058 664 1092 699 τῇ
1117 660 1267 698 διδασκαλίᾳ
1293 665 1327 700 τῇ
1356 662 1521 702 ὑγιαινούσῃ,
1542 664 1586 691 καὶ
1610 664 1670 697 τοὺς
1698 662 1881 702 ἀντιλέγοντας

1062 705 1195 746 ἐλέγχειν.
1215 717 1227 735 ι

1104 795 1280 835 Ἀνέγκλητον
1316 796 1398 836 εἶναι,
1441 797 1472 825 τὸ
1511 797 1615 836 γενικὸν
1658 797 1741 837 λέγει.
1770 798 1807 826 Τὸ
1835 798 1883 837 γάρ

1065 840 1237 880 ἀνέγκλητον,
1267 841 1352 869 πάντα
1380 841 1499 881 περιέχει
1528 843 1561 870 τὰ
1588 843 1767 883 ῥηθησόμενα,
1805 854 1881 871 τουτ-

1035 881 1147 925 Βέστιν,
1163 885 1373 925 ἀκατηγόρητον,
1393 896 1405 914 ιι
1424 882 1470 917 ιΩς
1499 890 1563 916 Θεοῦ
1591 887 1737 925 οἷνονόμον.
1760 881 1785 916 Ἴ»
1810 887 1883 915 Ἐπεὶ

1064 929 1118 970 οὖν,
1142 930 1216 969 φησὶ,
1239 931 1270 958 τὺ
1292 930 1392 967 ἀξίωμα
1415 930 1494 969 μέγα,
1511 930 1630 970 μεγάλης
1659 931 1744 959 δεῖται
1769 932 1814 960 καὶ
1841 943 1884 971 φυ-

1063 974 1160 1008 λακῆς,
1181 984 1195 1004 ‹
1217 975 1261 1008 Μὴ
1283 974 1391 1008 αὐθάδη.
1411 986 1423 1002 ι
1457 972 1485 1004 Ὀ
1511 976 1560 1015 γάρ
1587 976 1680 1005 ἑαυτοῦ
1701 977 1739 1014 μὴ
1768 980 1882 1016 κρατῶν,

1063 1019 1120 1050 πῶς
1132 1019 1226 1059 ἐτέρων
1248 1020 1402 1058 κρατήσειεν
1418 1030 1426 1060 ;
1447 1032 1461 1048 α
1478 1021 1522 1054 Μὴ
1544 1021 1679 1059 πάροινον.
1697 1033 1710 1049 n
1743 1022 1882 1061 Πάροινον,

1063 1063 1198 1103 ὑϐριστήν.
1219 1075 1229 1091 ε
1254 1068 1297 1097 Μὴ
1312 1063 1447 1099 πλήκτην,
1466 1077 1479 1092 ιο
1499 1065 1654 1099 Πλήττοντα
1668 1066 1717 1100 τὴν
1739 1065 1884 1099 συνείδησιν

1063 1113 1114 1137 τῶν
1130 1108 1259 1148 ἀδελφῶν.
1280 1119 1292 1137 1
1317 1110 1361 1142 Μὴ
1383 1108 1569 1149 αἰσχροκερδῆ,
1598 1121 1609 1137 ι
1644 1112 1708 1139 Οἶον
1733 1111 1882 1148 ἀκτήμονα,

1065 1150 1110 1185 Ὣς
1125 1154 1249 1182 παντοίου
1276 1151 1393 1194 κέρδους,
1409 1153 1458 1181 κᾶν
1473 1153 1570 1182 δίκαιον
1585 1154 1654 1182 εἶναι
1676 1153 1752 1192 δοκῇ,
1777 1156 1885 1194 αἰσχροῦ

1066 1198 1140 1229 ὄντος
1155 1190 1333 1234 ἐπισκόπῳ.ἰ
1361 1190 1456 1229 θΟΠσιον,
1478 1210 1489 1227 ι
1516 1199 1633 1238 Καθαρὸν
1660 1190 1771 1231 πάθους,
1791 1210 1805 1226 ε
1821 1190 1884 1238 ίέγ-

1066 1246 1161 1282 κρατῆ.
1180 1254 1194 1270 ι
1219 1243 1264 1276 Μὴ
1278 1243 1336 1282 περὶ
1364 1243 1433 1287 σιτία
1455 1243 1546 1280 μόνον,
1570 1242 1637 1272 ἀλλά
1664 1245 1763 1275 παντὸς
1779 1244 1884 1276 πάθους.

1070 1300 1081 1315 ι(
1102 1291 1199 1315 Πιστοῦ
1221 1287 1312 1326 λόγου,
1330 1297 1343 1317 ι
1379 1291 1399 1316 Η
1415 1291 1460 1315 τοῦ
1482 1287 1606 1327 ἀληθοῦς,
1623 1288 1642 1322 ἢ
1657 1292 1702 1316 τοῦ
1717 1288 1758 1316 διὰ
1775 1290 1884 1320 πίστεως

1067 1332 1278 1372 χορηγουμένου,
1300 1333 1343 1360 καὶ
1376 1334 1422 1361 οὐκ
1450 1332 1502 1360 ἀπὸ
1531 1331 1677 1371 λογισμῶν.
1706 1333 1755 1361 Διὰ
1770 1337 1848 1362 τοῦτο
1860 1333 1885 1360 δὲ

1064 1378 1137 1414 εἶπε,
1155 1381 1205 1406 Τοῦ
1219 1377 1286 1404 κατὰ
1306 1375 1429 1416 διδαχὴν,
1446 1376 1546 1414 δηλῶν,
1563 1377 1604 1405 ὅτι
1619 1378 1662 1405 καὶ
1677 1379 1760 1418 χωρὶς
1776 1381 1825 1412 τῆς
1840 1378 1884 1411 ἔξω

1065 1422 1166 1461 σοφίας,
1191 1420 1326 1449 διδάσκειν
1341 1419 1455 1451 δύναται,
1486 1423 1522 1450 0'3
1550 1422 1600 1461 γὰρ
1621 1421 1782 1460 ἐπιδείξεως,
1811 1424 1882 1460 φησὶ,

1064 1466 1153 1505 χρεία,
1168 1465 1236 1493 ἀλλά
1249 1464 1361 1505 διδαχῆς
1377 1466 1420 1493 καὶ
1432 1465 1570 1505 ὠφελείας.
1591 1477 1604 1493 α
1623 1467 1675 1495 ἰνα
1689 1465 1798 1500 δυνατὸς
1813 1467 1830 1501 ἦ
1846 1469 1884 1496 καὶ

196 1510 233 1541 ab
248 1510 386 1541 humanis
401 1508 629 1550 cogitationibus
641 1511 689 1538 aut
698 1507 1003 1548 ratiouibus.Proptel

1105 1509 1239 1549 ρακαλετν.
1266 1520 1278 1538 ι
1310 1513 1392 1539 Τοῦτο
1413 1509 1440 1538 δέ
1462 1510 1546 1547 ἔσται,
1576 1510 1629 1539 ἀπό
1656 1522 1684 1539 τε
1720 1513 1883 1552 φρονήσεως,

197 1565 231 1586 ea
248 1559 346 1585 autem
358 1554 451 1585 dixit:
468 1553 525 1590 Qui
540 1552 706 1584 secundum
722 1551 884 1582 doctrinam
897 1557 960 1583 est:
978 1553 1021 1582 si-

196 1599 353 1640 gniﬁcans,
365 1599 443 1639 quod
455 1598 543 1629 etiam
555 1598 619 1628 sine
629 1601 749 1628 externa
757 1597 902 1636 sapientia
912 1597 1022 1628 docere

195 1644 299 1684 possit.
311 1644 414 1683 Neque
429 1642 508 1674 enim
520 1641 1022 1681 demonstratione,inquit,naturali

195 1692 246 1719 aut
262 1688 466 1728 philosophica
477 1696 552 1727 opus
563 1690 620 1725 est,
635 1686 687 1716 sed
699 1685 834 1716 doctrina
845 1690 874 1716 et
884 1685 1020 1716 utilitate.

197 1745 212 1761 α
228 1734 266 1764 Ut
281 1737 386 1774 potens
401 1732 440 1762 sit
455 1731 543 1762 etiam
559 1730 720 1762 exhortari.
739 1742 751 1759 ιι
773 1730 835 1761 Hoc
846 1734 945 1760 autem
962 1735 992 1761 et
1006 1741 1023 1762 a

194 1778 353 1818 prudentia
366 1776 519 1815 continget
533 1779 562 1806 et
577 1785 594 1806 a
605 1775 777 1815 cognitione
788 1775 1021 1815 Scripturarum.

1065 1555 1108 1582 καὶ
1123 1555 1171 1587 τῆς
1187 1557 1238 1581 τῶν
1261 1557 1368 1594 Γραφῶν
1404 1553 1540 1590 εἰδήσεως,
1565 1550 1731 1594 ’Υγιαίνουσα
1759 1555 1788 1584 δὲ
1813 1550 1884 1584 διόαέ

1065 1598 1160 1627 σκαλία
1185 1598 1264 1635 ἐστὶν,
1289 1600 1305 1633 ἡ
1331 1599 1374 1627 καὶ
1401 1598 1520 1639 δόγματα
1547 1599 1634 1633 ἀληθῆ
1654 1601 1697 1628 καὶ
1731 1600 1790 1638 βίον
1815 1601 1884 1640 ὀρθὸν

1064 1642 1229 1673 διδάσκουσα.
1264 1652 1278 1672 (
1302 1644 1350 1672 Καὶ
1374 1644 1433 1674 τοὺς
1463 1643 1646 1683 ἀντιλέγοντας
1675 1643 1794 1684 ὲλέχειν.
1828 1656 1839 1673 ι
1859 1641 1884 1674 Ὀ

1063 1689 1112 1727 γὰρ
1134 1688 1172 1725 μὴ
1194 1686 1267 1719 εἰδὼς
1283 1688 1413 1727 μάχεσθαι
1427 1690 1486 1720 τοῖς
1507 1688 1626 1728 ἐχθροῖς,
1649 1689 1693 1717 καὶ
1714 1689 1884 1729 αἰχμαλωτί-

1064 1737 1116 1768 ζειν
1129 1736 1180 1760 πᾶν
1195 1732 1282 1769 νόημα
1297 1733 1332 1762 εἰς
1361 1733 1410 1766 τὴν
1438 1733 1558 1766 ὑπακοὴν
1587 1736 1634 1762 τοῦ
1661 1734 1786 1772 Χριστοῦ,
1816 1733 1885 1763 ὠδὶν

1064 1777 1169 1811 ποιήσει
1184 1779 1236 1804 τῶν
1251 1775 1373 1807 δεόντων,

195 1824 275 1855 Sana
289 1832 359 1853 vero
375 1821 511 1853 doctrina
526 1825 570 1852 est
585 1831 650 1861 quae
666 1824 695 1852 et
710 1828 780 1850 vera
796 1819 932 1858 dogmata
948 1825 976 1851 et
992 1824 1102 1852 rectam
1117 1821 1206 1851 vitam
1222 1820 1318 1852 docet.
1346 1832 1357 1849 ι
1375 1820 1410 1851 Et
1425 1821 1661 1853 contradicentes
1684 1822 1852 1855 revincam.
1869 1835 1882 1850 ι

194 1867 251 1904 Qui
267 1877 327 1898 non
344 1867 425 1898 novit
439 1866 582 1897 adversus
598 1865 736 1896 inimicos
752 1873 883 1904 pugnare
899 1869 928 1896 et
941 1866 1086 1905 captivam
1110 1866 1222 1897 ducere
1247 1875 1366 1896 omnem
1391 1866 1599 1906 cogitationem
1624 1867 1660 1898 ad
1685 1867 1883 1899 obedientium

194 1913 326 1950 Christo,
343 1911 417 1943 nihil
432 1911 520 1942 faciet
535 1920 641 1942 eorum
656 1919 721 1950 quas
736 1909 928 1942 conveniunt.

511 1956 635 1988 CAPUT
656 1955 693 1987 Il.

193 2002 260 2033 29!
279 2001 431 2033 Adversus
458 2009 509 2032 eos
537 2001 590 2041 qui
629 2000 766 2032 carnales
790 1999 1021 2041 rannuntiabant

271 2041 502 2082 puriﬁcationes
521 2051 527 2071 :
543 2040 572 2072 et
587 2041 622 2072 de
635 2040 794 2081 spirituati
814 2041 937 2071 virtute.

234 2094 384 2131 1,10,11.
402 2093 482 2124 Sunt
494 2094 576 2124 enim
588 2091 682 2124 multi
705 2101 765 2123 non
783 2091 979 2131 obsequentes
994 2095 1024 2122 et

194 2138 353 2178 vaniloqut
363 2147 398 2169 ac
412 2138 564 2169 mentium
574 2137 766 2168 seductores:
784 2137 919 2167 maxime
931 2137 956 2166 ii
971 2135 1024 2175 qui

193 2187 265 2214 sunt
280 2192 320 2214 ea:
329 2183 558 2222 circuncisione,
571 2181 680 2222 quibus
691 2185 808 2221 oportet
819 2180 961 2212 obturare
969 2189 1002 2211 os
1015 2190 1022 2211 :

195 2229 249 2268 qui
264 2230 341 2259 totas
356 2227 460 2259 domos
485 2227 677 2263 subvertant,
707 2226 845 2256 docentes
871 2233 937 2264 quae
963 2233 1023 2255 non

195 2275 315 2313 oportet
329 2273 426 2312 turpis
441 2272 521 2303 lucri
530 2271 647 2311 gratia.

235 2316 378 2349 Omnium
408 2316 507 2356 posuit
520 2315 654 2347 radicem
679 2324 714 2346 ex
730 2323 787 2355 qua
804 2313 919 2354 reliqua
934 2313 1022 2344 etiam

193 2361 341 2397 oriuntur,
358 2360 431 2392 Nam
444 2362 493 2401 qui
505 2359 682 2391 inobediens
694 2363 748 2396 est,
761 2359 825 2399 ipse
841 2358 961 2398 quidem
973 2359 1024 2388 ob-

195 2411 363 2448 temperare
378 2410 510 2446 recusat,
525 2406 648 2446 reliquis
663 2404 889 2445 veroimperare
903 2412 937 2435 ac
951 2412 1024 2443 prae-

194 2461 261 2483 esse
275 2451 472 2492 concupiscit.
486 2451 602 2483 Deinde
615 2453 733 2490 oportet
747 2459 814 2480 eum
827 2448 877 2489 qui
886 2448 1025 2479 ecclesia-

195 2497 269 2528 stico
286 2496 454 2537 principatu
469 2495 608 2536 imperat,
636 2494 726 2525 etiam
749 2494 858 2524 docere
881 2492 954 2533 :qui
969 2501 1023 2522 au-

194 2544 254 2572 tem
272 2542 360 2572 docet
375 2541 546 2581 priusquam
563 2539 712 2579 didicerit,
739 2548 775 2570 eo
791 2538 868 2578 quod
883 2537 948 2568 aliis
964 2546 1023 2567 non

194 2586 388 2627 obsequatur,
402 2587 468 2626 jure
484 2585 659 2626 vaniloquus
673 2594 707 2616 ac
724 2583 866 2614 mentium
884 2582 1024 2613 seductor

193 2631 356 2663 invenitur.
375 2630 520 2663 sMaxime
531 2630 552 2661 ii
563 2629 614 2670 qui
627 2633 694 2660 sunt
707 2638 743 2660 ex
760 2627 1019 2659 circumcisione.»

193 2675 246 2708 His
259 2676 340 2708 enim
356 2675 445 2707 etiam
461 2675 594 2707 Christus
610 2674 721 2714 objecit
733 2673 811 2715 quod
824 2672 1021 2713 principatum

194 2721 354 2753 ambirent:
372 2721 424 2762 qui
433 2725 498 2762 post
509 2723 677 2761 susceptam
690 2728 819 2760 quoque;
830 2718 931 2750 (idem.
944 2726 1021 2747 mor-

192 2766 265 2798 bum
281 2766 361 2798 hunc
389 2775 449 2797 non
477 2764 697 2805 relinquebant.
733 2777 746 2792 α
763 2763 875 2799 Quibus
905 2765 1024 2802 oportet

193 2810 334 2844 obturare
349 2820 393 2843 os.
414 2823 425 2841 ι
444 2810 517 2843 Nam
533 2810 558 2842 si
573 2809 732 2852 episcopus
760 2807 817 2840 sibi
832 2806 1021 2839 commissam

1382 1961 1508 1987 ΚΕΦΑΛ.
1530 1952 1570 1988 B'.

1066 2010 1080 2030 ε
1098 2001 1170 2030 Κατὰ
1184 2002 1236 2029 τῶν
1250 2001 1374 2040 σαρκικὰς
1390 2002 1526 2040 καθάρσεις
1543 2001 1750 2041 πρεσϐευόντων,
1765 2004 1810 2031 καὶ
1824 2004 1886 2041 ὑπὲρ

1305 2044 1486 2078 πνευματικῆς
1501 2043 1610 2081 ἀρετῆς.
1631 2054 1642 2071 υ

1109 2104 1120 2120 ε
1161 2093 1215 2121 Εἰσὶ
1237 2094 1286 2133 γὰρ
1314 2093 1409 2123 πολλοὶ
1436 2095 1610 2124 ἀνυπότακτοι
1640 2097 1684 2124 καὶ
1713 2096 1883 2136 ματαιολόγοι

1065 2137 1108 2165 καὶ
1136 2138 1308 2176 φρεναπάται,
1346 2139 1462 2176 μαλιστα
1503 2141 1526 2168 οἱ
1567 2141 1598 2168 ὲκ
1639 2143 1800 2179 περιτομῆς.
1837 2142 1884 2173 Οὒς

1064 2180 1105 2209 δεῖ
1146 2181 1333 2221 ἐπιστομίζειν,
1376 2183 1473 2215 θ’ἶτινες
1522 2183 1598 2216 ὅλους
1640 2184 1733 2216 οἴκους
1776 2185 1886 2224 ἀνατρέ-

1064 2237 1152 2263 πουσι,
1183 2225 1359 2266 διδάσκοντες,
1403 2227 1420 2255 ἃ
1453 2229 1492 2266 μὴ
1533 2228 1586 2266 δεῖ,
1628 2231 1740 2269 αἰσχροῦ
1783 2229 1885 2269 κέρδους

1064 2270 1153 2310 χάριν.
1180 2282 1192 2299 ι)

1105 2316 1158 2348 Τὴν
1174 2315 1243 2354 ῥίζαν
1258 2316 1319 2344 εἶπε
1341 2317 1457 2352 πάντων,
1474 2317 1500 2350 ἐξ
1514 2319 1547 2351 ἧς
1569 2319 1613 2346 καὶ
1633 2319 1666 2346 τὰ
1688 2318 1769 2347 λοιπᾶ
1785 2319 1884 2360 φύεται.

1067 2355 1096 2388 ιΟ
1131 2360 1180 2399 γὰρ
1204 2360 1396 2400 ἆνυπότακτος,
1422 2362 1498 2395 αὐτὸς
1525 2363 1572 2400 μὲν
1598 2362 1681 2391 εἴκειν
1702 2363 1732 2391 οὗ
1753 2355 1883 2402 βοδλεται,

1067 2403 1159 2444 ἄρχειν
1174 2403 1200 2432 δὲ
1216 2405 1259 2432 καὶ
1274 2405 1427 2434 ἐπιστατεῖν
1455 2407 1550 2446 ἑτέρων
1578 2407 1712 2445 ἐπιθυμεῖ,
1749 2409 1819 2436 Εἶτα
1848 2407 1886 2435 δεῖ

1066 2451 1111 2478 τὸν
1137 2447 1253 2488 ἄρχοντα
1282 2450 1330 2484 τὴν
1366 2449 1587 2485 ἓκκλησιαστικὴν
1622 2453 1720 2492 αργὴν,
1748 2454 1793 2481 καὶ
1814 2452 1884 2480 διδά-

1376 2183 1402 2210 οῗ
1406 2194 1473 2215 τινες

1065 2505 1147 2523 σκειν.
1174 2490 1202 2523 Ὀ
1231 2493 1258 2522 δὲ
1285 2495 1343 2533 πρὶν
1366 2497 1459 2532 μαθεῖν
1482 2495 1523 2524 διὰ
1552 2497 1582 2524 τὸ
1610 2490 1790 2529 ἀνυπότακτος
1807 2508 1884 2537 γεγε-

1065 2539 1155 2573 νῆσθαι
1185 2537 1323 2578 Stoicum,
1366 2540 1473 2573 εἰκότως
1515 2541 1691 2580 ματιιολόγος
1730 2543 1774 2570 καὶ
1804 2553 1881 2582 φρεν-

1064 2584 1168 2617 απάτης
1192 2584 1346 2623 εὑρίσκεται,
1373 2595 1384 2612 α
1415 2585 1535 2614 malum:
1562 2587 1603 2614 οἱκ
1630 2586 1660 2615 ἐκ
1686 2590 1844 2625 περιτομῆς,
1870 2598 1882 2613 ι

1064 2630 1172 2660 Τούτοις
1187 2629 1236 2668 γάρ
1264 2629 1307 2656 καὶ
1335 2630 1348 2657 ὁ
1378 2631 1489 2668 Χριστὸς
1512 2631 1653 2670 φιλαρχίαν
1682 2630 1823 2668 ὠνείδιζεν,
1860 2633 1883 2659 οἱ

1064 2673 1107 2700 καὶ
1129 2673 1196 2710 μετά
1217 2673 1266 2706 τὴν
1281 2673 1367 2701 πίστιν
1383 2676 1430 2703 ob:
1450 2674 1575 2704 ἀπέθεντο
1591 2677 1621 2703 τὸ
1648 2675 1765 2713 νόσημα.
1792 2687 1804 2704 ι
1836 2677 1884 2706 Οὒς

1064 2717 1105 2746 δεῖ
1120 2717 1305 2755 ἐπιστομίζειν,
1325 2730 1338 2745 ι
1363 2719 1391 2747 Εἰ
1413 2720 1462 2758 γὰρ
1477 2720 1529 2748 τῶν
1545 2719 1632 2748 ἄλλων
1654 2722 1814 2760 προστασίαν
1843 2720 1884 2747 καὶ

1064 2761 1172 2800 ὁδηγίαν
1200 2763 1213 2790 ὁ
1235 2761 1376 2794 ἐπίσκοπος
1406 2763 1609 2804 ὲγκεχείρισται,
1635 2765 1728 2804 ἀγνοεῖ
1763 2764 1792 2793 δὲ
1827 2765 1883 2795 τοὺς

1064 2806 1256 2846 ματαιολόγους
1281 2808 1325 2836 καὶ
1350 2809 1528 2849 φρεναπάτας,
1553 2809 1677 2851 ἐλέγχειν
1704 2810 1747 2839 καὶ
1775 2809 1882 2839 ἐπιστο-
