1942 3078
235 117 294 150 267

802 116 1007 150 (EGUMENII
1027 116 1175 149 ΤΗῙοοΕ
1195 115 1363 148 EPISCOPI

1860 111 1914 145 268

237 184 315 225 quod
330 182 467 215 dominer
481 182 546 224 tibi,
563 183 614 214 sed
630 187 750 224 propter
764 182 939 214 charitatem
959 192 1017 224 qua
1027 192 1042 214 e

1139 181 1302 212 ιᾶπιτάσσω
1330 180 1366 211 δέ.
1403 181 1433 210 Εἰ
1461 181 1504 208 καὶ
1532 180 1665 220 φαίνωμαι
1694 179 1842 208 ἐπιτάσσειν
1877 189 1913 206 σοι

237 233 267 259 te
282 227 372 267 diligo
386 231 415 258 et
431 237 448 258 a
462 231 491 259 te
507 227 626 268 diligor,
643 227 801 267 injungere
815 227 937 267 quidem
949 227 1060 265 videor,

235 281 337 303 verum
349 282 409 303 non
420 271 632 312 injungo.Nam
640 276 670 303 et
680 271 705 303 si
716 272 981 312 videorinjungere
992 280 1062 312 pro-

235 320 301 357 pter
317 316 504 355 charitatem,
521 326 581 347 non
610 322 710 347 tamen
734 316 869 357 injungo,
895 316 948 347 sed
965 317 1062 356 potius

234 369 305 401 rogo
320 371 326 392 :
340 361 426 399 adeo,
434 360 539 401 inquit,
548 369 613 391 rem
623 360 791 399 magniﬁco.
809 370 823 390 ι
833 362 904 392 Cum
916 360 982 391 talis
992 360 1059 400 sim,

234 414 345 446 nempe
359 404 467 436 Paulus
482 414 584 436 senex.
603 417 617 432 η
632 404 713 444 Rogo
726 414 793 435 cum
805 404 872 435 talis
885 405 952 441 sim,
965 404 1062 445 qualis

235 449 516 490 deberetquispiam
526 458 592 480 esse
603 448 639 480 ad
646 448 895 489 persuadendum.
903 449 1058 480 «Paulus.»

235 493 383 525 Sufﬁcere
395 498 492 525 autem
507 493 631 525 deberet
644 494 700 524 hoc
715 493 811 524 solum
827 493 863 524 ad
878 493 1062 534 persuaden-

237 537 320 569 dum.
339 550 351 566 ι
370 537 468 570 Senex
495 539 611 568 vinctus
635 546 687 578 pro
704 537 833 570 Christo.
852 549 866 566 ιι
885 537 976 569 Vides
991 541 1062 578 quot

236 583 296 613 sint
309 581 346 613 ad
361 581 600 622 persuadendum
617 581 814 612 occasiones?

235 677 466 709 Commendatio
481 677 620 709 Onesimi
634 678 757 717 fugitivi
770 679 862 714 servi,
877 681 904 708 et
919 676 1060 708 admoni-

276 719 319 749 tio
330 727 388 758 pro
399 718 464 758 ipso
476 718 529 758 qui
537 717 640 749 salvus
658 718 760 757 factus
774 721 840 748 erat
852 725 910 757 per
913 717 1018 757 ﬁdem.

274 768 363 798 Vers.
387 767 485 799 10-14.
516 767 597 807 Rogo
619 770 718 798 autem
742 776 802 807 pro
817 767 881 807 ﬁlio
894 775 959 797 meo
972 775 1062 806 quem

233 813 327 854 genui
341 812 375 843 in
401 811 534 843 vinculis
562 812 638 842 meis
666 810 820 849 Onesimo,
837 811 989 851 quondam
1005 810 1060 842 tibi

234 858 353 894 inutili,
369 865 451 887 nunc
466 865 537 888 vero
551 856 609 888 tibi
622 859 650 886 et
665 855 742 886 mihi
755 855 894 896 perutiii,
908 864 994 895 quem
1009 864 1059 886 re-

233 902 316 934 misi.
336 901 382 932 Tu
405 901 508 932 aulem
535 908 614 938 eum,
639 899 692 930 hoc
706 904 763 938 est,
779 909 847 931 mea
862 900 977 931 viscera
990 908 1060 931 sus«

234 947 319 986 cipe:
335 954 425 985 quem
439 954 493 985 ego
518 944 677 985 cupiebam
692 945 777 985 apud
792 953 839 976 me
853 944 999 981 retinere,
1026 949 1060 975 ut

231 999 288 1031 pro
303 993 332 1021 te
352 989 545 1021 ministraret
559 988 635 1020 mihi
657 991 690 1019 in
714 989 847 1020 vinculis
870 987 1054 1028 Evangelii:

1103 226 1135 254 δι’
1161 226 1281 266 ἀγάπην,
1310 227 1358 255 οὒκ
1386 225 1533 263 ἐπιτάσσω,
1569 224 1717 264 παρακαλῶ
1751 223 1778 252 δὲ
1809 223 1917 262 μᾶλλον.

1104 271 1189 311 Οὕτω,
1211 271 1287 310 φησὶ,
1309 271 1368 308 περὶ
1382 269 1484 299 πολλοῦ
1497 270 1528 298 τὸ
1543 272 1653 309 πρᾶγμα
1674 272 1814 307 ποιοῦμαι,
1829 273 1919 297 Τοιοῦ-

1102 327 1146 348 τος
1162 316 1210 352 ὢν,
1227 316 1263 348 ὡς
1278 315 1381 346 Παῦλος
1406 313 1568 354 πρεσϐύτης,
1598 313 1747 354 Παρακαλῶ
1780 312 1818 351 δὲ,
1835 317 1919 341 τοιοῦ-

1101 360 1146 392 τός
1167 370 1207 391 τις
1222 360 1362 399 ὑπάρχων,
1378 359 1437 388 οἶόν
1458 370 1506 399 ,τις
1531 357 1642 398 ὤφειλεν
1668 358 1751 398 εἶναι,
1767 358 1843 398 φησὶ,
1859 358 1919 396 πρὸς

1100 405 1131 432 τὸ
1146 410 1249 433 πεῖσαι.
1278 398 1395 435 Παῦλος.
1412 415 1426 431 ι
1456 398 1554 443 ’Ἠρκει
1583 402 1611 431 δὲ
1640 404 1703 431 animo
1737 404 1814 431 τοῦτο
1843 402 1918 440 μόνον

1102 449 1167 485 πρὸς
1180 448 1211 476 τὸ
1232 454 1336 486 πεῖσαι,
1356 457 1371 477 (
1392 446 1543 488 Πρεσϐύτης
1558 446 1665 485 δέσμιος
1686 447 1751 486 ὑπὲρ
1768 450 1890 485 Χριστοῦ.
1903 458 1914 473 ι

1104 487 1179 531 Ὀρᾷς
1202 492 1266 531 πρὸς
1288 492 1318 520 τὸ
1332 487 1572 532 πεῖσαιᾶφορμαίς

1417 635 1544 663 usam.
1568 627 1610 662 θ’.

1104 688 1118 704 α
1150 677 1278 709 Σύστασις
1314 675 1456 713 Ὀνησίμου
1483 676 1597 717 φυγάδος
1626 675 1739 714 οἰκέτου,
1762 676 1806 705 καὶ
1834 675 1918 714 παρά-

1192 716 1286 750 κλησις
1302 716 1365 755 ὑπὲρ
1381 717 1458 745 αὐτοῦ
1472 716 1598 749 σωθέντος
1620 716 1661 745 διὰ
1674 717 1800 747 πίστεως.
1820 727 1834 743 ι

1144 776 1159 795 ι
1181 765 1329 806 Παρακαλῶ
1343 776 1370 798 ςε
1392 766 1452 805 περὶ
1473 771 1519 795 τοῦ
1533 766 1597 802 ἐμοῦ
1611 765 1714 806 τέκνου,
1750 767 1764 794 ὃ
1793 765 1918 804 ἐγέννησα

1102 809 1128 838 ἐν
1169 817 1227 842 τοῖς
1269 810 1376 848 δεσμοῖς
1418 822 1467 848 μου
1512 811 1668 850 Ὀνήσιμον,
1696 811 1742 839 τόν
1784 810 1853 838 ποτέ
1882 820 1917 836 σοι

1100 853 1246 895 ἄχρηστον,
1286 856 1339 883 νυνὶ
1365 853 1393 882 δέ
1422 866 1462 883 σοι
1503 856 1548 883 καὶ
1579 855 1637 893 ἐμοὶ
1679 854 1843 895 εὔχρηστον,
1893 854 1916 880 ὃν

1100 899 1250 937 ἀνέπεμψα.
1278 900 1314 927 Σὺ
1342 898 1369 927 δὲ
1398 900 1486 936 αὐτὸν,
1516 899 1645 937 τουτέστι,
1676 900 1710 928 τὰ
1734 899 1786 937 ἐμὰ
1816 898 1917 936 σπλάγ-

1100 954 1165 984 χνα,
1193 942 1354 983 προσλαϐοῦ,
1394 944 1422 971 ὃν
1461 943 1515 982 ἐγὼ
1555 942 1702 982 ἐϐουλόμην
1735 944 1800 983 πρὸς
1838 943 1917 980 ἐμαυ-

1100 989 1144 1016 τὸν
1172 988 1308 1028 κατέχειν,
1336 987 1383 1016 ἵνα
1408 987 1473 1027 ὑπὲρ
1516 993 1562 1017 σοῦ
1596 987 1706 1026 διακονῇ
1734 999 1779 1025 μοι
1810 987 1838 1015 ἐν
1866 993 1917 1017 τοῖς

1070 844 1090 868 Β

234 1034 287 1066 sed
300 1033 413 1074 absque
428 1037 481 1065 tua
505 1034 654 1064 sententia
679 1032 760 1064 nihil
786 1031 870 1064 volui
890 1033 1004 1071 facere,
1020 1041 1039 1063 ιι

1139 1039 1208 1071 rp.ng
1249 1037 1296 1062 τοῦ
1331 1031 1501 1072 Εὖαγγελίου.
1546 1033 1631 1071 Χωρὶς
1680 1032 1707 1061 δὲ
1756 1035 1807 1066 σῆς
1851 1031 1917 1071 γνώ-

234 1078 317 1109 velut
331 1087 369 1109 ea:
383 1080 558 1110 necessitate
574 1077 685 1109 bonum
700 1081 786 1108 tuum
809 1079 892 1117 esset,
908 1076 960 1108 sed
971 1085 1042 1117 spon

1141 1088 1154 1109 ς
1201 1076 1273 1106 οὐδὲν
1317 1076 1436 1111 ἠθέλησα
1477 1079 1601 1117 ποιῆσαι,
1635 1076 1682 1105 ἵνα
1723 1077 1763 1115 μὴ
1791 1078 1831 1109 ὡς
1857 1075 1918 1105 κατᾶ

234 1126 366 1155 laneum.
1098 1121 1216 1160 ἀνάγκην
1264 1122 1295 1150 τὸ
1323 1121 1419 1161 ἀγαθόν
1462 1132 1509 1150 σου
1537 1122 1568 1160 ᾗ,
1618 1120 1687 1150 ἀλλὰ
1728 1122 1797 1150 κατὰ
1853 1120 1919 1148 ἐκού-

1098 1176 1168 1195 σιονι

274 1216 357 1243 807
372 1211 472 1244 Placat
486 1215 517 1243 et
531 1211 645 1252 mitigat
660 1211 877 1247 Philemonem.
888 1210 1042 1242 collaudan

1141 1209 1359 1250 Προκαταλεαίνει
1395 1211 1441 1238 τὸν
1482 1209 1633 1251 Φιλήμονα,
1671 1210 1848 1250 ἐγκωμιάζων
1875 1209 1916 1237 τὸν

232 1266 351 1289 servum
366 1256 551 1294 Onesimum,
563 1257 696 1288 vocando
708 1257 815 1293 ﬁlium,
826 1255 896 1296 quia
907 1260 936 1286 et
946 1255 1042 1295 ipsum

1139 1254 1205 1288 ,ἑτην
1231 1254 1321 1282 τέκνον
1349 1253 1448 1291 καλῶν,
1477 1253 1518 1282 ὅτι
1547 1255 1590 1283 καὶ
1613 1254 1702 1295 αὑτὸν,
1733 1255 1826 1293 φησὶν,
1857 1252 1915 1283 ἐϐά-

230 1302 339 1344 inquit,
355 1301 510 1342 baptizavi.
526 1301 599 1332 Nam
615 1302 673 1332 hoc
696 1301 844 1341 signiﬁcat
860 1310 867 1332 :
884 1300 979 1332 Genui
991 1310 1042 1331 cun

1139 1309 1204 1328 ιστα.
1222 1301 1303 1327 Τοῦτο
1313 1299 1362 1338 γὰρ
1377 1300 1419 1336 τὸ,
1433 1299 1577 1338 Ἐγὲννησα
1599 1299 1625 1327 ἐν
1640 1306 1699 1331 τοῖς
1713 1298 1825 1336 δεσμοῖς
1840 1299 1916 1336 ὑπάρ-

233 1343 330 1378 essem
347 1346 378 1377 in
392 1346 529 1378 vinculis.
543 1346 596 1377 His
610 1346 699 1385 igitur
720 1346 822 1377 sedata
836 1345 930 1385 ipsius
948 1345 1001 1385 ira,
1019 1345 1040 1375 it

1139 1354 1169 1374 ιν,
1204 1343 1252 1371 Διὰ
1291 1344 1390 1371 τούτων
1425 1344 1468 1372 οὗν
1497 1343 1720 1382 προκαταστείλας
1748 1344 1794 1371 τὸν
1839 1343 1914 1380 θύμον

232 1400 343 1422 nomen
349 1390 533 1431 exprimens,
542 1389 696 1428 Onesimo,
707 1389 991 1430 inquit.«Quondam
1005 1389 1042 1420 tib

1139 1387 1187 1425 τοῦ,
1201 1387 1283 1419 οὕτως
1303 1387 1452 1425 ἐξονομάζει
1471 1388 1502 1416 τὸ
1524 1387 1607 1426 ὄνομα
1620 1398 1629 1407 ·
1653 1389 1810 1425 Ὀνήσιμον,
1829 1387 1914 1427 φήσίν,

232 1435 342 1465 inutili.
359 1445 374 1465 3
393 1433 455 1465 Scit
470 1434 551 1465 enim
566 1434 648 1465 illum
660 1435 710 1474 qui
722 1434 881 1465 conﬁtetur
891 1438 1042 1474 peccatum

1139 1431 1181 1459 Γόν
1195 1431 1260 1459 ποτέ
1273 1442 1313 1460 σοι
1328 1430 1476 1471 ἄχρηστον,
1492 1442 1506 1459 ι
1531 1431 1594 1461 Οἵδε
1624 1433 1675 1472 γὰρ
1703 1431 1914 1471 ὁμολογούμενον

231 1479 307 1510 iram
324 1478 439 1509 domini
468 1477 670 1519 exstinguere.
702 1478 772 1510 Ideo
801 1478 923 1509 subdit:
946 1491 957 1506 υ
975 1477 1042 1508 Nuu

1163 1475 1320 1516 ἁμάρτημα,
1350 1474 1480 1504 σϐεννύειν
1510 1477 1555 1504 τὸν
1593 1478 1674 1514 θυμὸν
1703 1480 1748 1505 τοῦ
1777 1475 1914 1505 δεσπόταν.

229 1533 301 1554 vero
317 1523 372 1554 tibi
387 1526 416 1554 et
430 1523 503 1553 mihi
518 1523 649 1563 perutili.
664 1535 678 1551 ι
696 1522 728 1554 Si
744 1523 836 1554 Paulo
853 1523 986 1563 perutilis
994 1527 1057 1553 erat

230 1568 282 1608 qui
294 1571 374 1598 tanta
384 1567 538 1606 diligentia
548 1566 713 1607 expetebat,
723 1567 910 1597 manifestum
922 1570 966 1597 est
976 1567 1055 1606 quod

230 1610 319 1642 etiam
333 1610 511 1642 Philemoni.
533 1621 546 1640 α
564 1610 658 1646 Quem
671 1610 774 1641 remisi
788 1619 794 1642 :
808 1621 821 1640 ι
839 1610 978 1651 utipsum
992 1610 1052 1641 Do-

230 1655 311 1685 mino
326 1655 476 1693 redderet,
491 1654 584 1693 magis
595 1659 692 1685 autem
703 1659 735 1685 ut
749 1654 824 1685 iram
839 1655 1051 1693 exstingueret.

231 1710 246 1726 α
264 1698 326 1729 Ηοο
341 1703 386 1729 est
399 1707 467 1729 mea
477 1698 604 1730 viscera.
614 1711 628 1727 η
640 1698 716 1734 Quid
727 1702 825 1729 autem
834 1698 901 1729 dico
911 1703 943 1729 ut
954 1699 1050 1739 ipsum

228 1742 373 1783 suscipias
385 1742 397 1773 Υ
407 1743 486 1773 hunc
497 1742 664 1783 suscipiens
675 1752 741 1773 mea
751 1743 864 1773 viscera
873 1743 1050 1783 suscipiens.

226 1786 322 1826 Adeo,
334 1787 440 1827 inquit,
456 1795 524 1818 eum
535 1786 637 1826 diligo,
650 1791 681 1818 ut
693 1795 761 1817 mea
770 1787 916 1827 appellem
926 1786 1050 1819 viscera.

227 1830 493 1872 Qnodautem,ait,
508 1830 644 1872 Suscipe,
657 1831 714 1862 hoc
733 1835 788 1872 est,
802 1841 867 1862 eum
883 1840 984 1862 amore
997 1840 1050 1862 ac-

226 1878 303 1916 cipe.
323 1888 335 1905 a
354 1875 393 1908 Ut
409 1885 461 1916 pro
475 1880 503 1907 te
517 1876 699 1907 ministraret
713 1876 799 1906 mihi.
819 1888 830 1905 ι
850 1875 955 1907 Viden’
972 1876 1052 1916 quod

224 1921 365 1961 paulatim
381 1921 480 1960 ipsum
495 1920 532 1951 ad
553 1919 673 1951 Domini
689 1920 787 1951 locum
803 1920 999 1961 produxerit?
1012 1920 1054 1951 ait

225 1966 304 1996 enim
323 1975 330 1996 :
347 1964 385 1996 Ut
399 1974 453 2005 pro
470 1968 500 1995 te
527 1964 722 1996 ministraret.
741 1965 794 1995 Hic
808 1968 905 1995 autem
922 1964 1053 1996 ostendit

225 2009 306 2049 quod
318 2009 439 2041 Domini
465 2008 564 2049 potius
579 2009 680 2049 cupiat
693 2009 863 2040 utilitatem.
881 2009 953 2040 Nam
968 2010 993 2040 si
1009 2012 1051 2047 tu,

223 2053 330 2095 inquit,
343 2053 436 2085 debes
452 2054 635 2092 ministrare,
653 2054 702 2084 hic
717 2057 815 2084 autem
831 2063 884 2094 pro
900 2059 928 2085 te
943 2054 1000 2085 hoc
1013 2054 1054 2085 fa-

223 2098 274 2136 cit,
291 2098 393 2138 utique
407 2099 439 2129 in
455 2101 533 2128 tuam
547 2102 594 2129 est
603 2098 760 2129 utilitatem
774 2099 852 2138 quod
864 2098 968 2138 agitur.
989 2109 1000 2127 α
1018 2098 1051 2129 In

222 2143 348 2174 vinculis
363 2142 525 2181 Evangelii.
538 2154 550 2172 ι)
572 2142 605 2173 In
616 2142 743 2173 vinculis
752 2151 817 2183 qua:
825 2151 880 2182 pro
892 2142 1048 2182 Evangelia

220 2187 353 2227 perfero.
368 2199 379 2217 ι
396 2187 456 2218 Sed
467 2187 580 2228 absque
593 2191 642 2218 tua
653 2187 812 2218 sententia.
825 2197 840 2217 »
851 2187 913 2218 Hoc
923 2188 1050 2218 maxime

221 2232 321 2272 ipsum
333 2232 517 2270 emolliebat,
530 2232 608 2272 quod
620 2240 684 2263 rem
696 2231 770 2263 adeo
784 2231 839 2262 sibi
850 2231 1047 2262 necessariam

220 2276 335 2317 absque
351 2277 416 2316 ejus
431 2276 580 2307 sententia
610 2285 671 2307 non
696 2276 813 2308 fecerit.
833 2288 847 2303 α
863 2277 906 2307 Ne
920 2276 998 2306 velut
1013 2285 1047 2307 ex

221 2320 432 2352 necessitate.»
446 2319 511 2352 Non
520 2320 597 2351 dixit
604 2319 779 2361 simpliciter
790 2331 796 2349 ε
807 2321 850 2352 Ex
859 2320 1044 2359 necessitate,

219 2367 286 2403 sed,
300 2365 391 2397 Velut
405 2374 441 2397 ex
456 2365 646 2396 necessitate.
663 2365 792 2396 Perinde
805 2374 840 2396 ac
868 2365 893 2395 si
908 2364 1022 2395 diceret
1037 2373 1044 2395 :

218 2409 363 2442 Noveram
380 2410 461 2451 quod
477 2410 504 2441 si
519 2409 610 2441 etiam
639 2413 747 2450 prater
772 2414 849 2441 tuam
869 2409 1046 2440 sententiam

217 2455 316 2495 ipsum
332 2457 507 2494 retinerem,
525 2463 713 2495 nequaquam
729 2458 757 2485 te
769 2454 987 2485 contristarem:
1000 2457 1047 2484 at-

218 2504 319 2531 tamen
331 2509 370 2531 ne
383 2499 534 2531 videretur
546 2499 631 2540 quasi
642 2508 676 2530 ex
688 2499 865 2530 necessitate
877 2498 953 2538 ﬁeri,
965 2497 1047 2529 nolui

217 2543 329 2575 facere.

257 2589 343 2620 Vers.
358 2588 460 2620 15-20.
471 2588 549 2619 Nam
555 2591 714 2629 propterea
728 2588 864 2627 forsitan
880 2587 997 2619 sevessit
1007 2587 1046 2618 ad

215 2633 1046 2673 horam,ut¢eternumeumreciperes,nonjamutservum,

214 2679 269 2710 sed
274 2687 369 2719 supra
376 2677 747 2718 savum,nempefratrem
752 2677 1047 2718 ditectum,ma:eime

216 2722 424 2763 mihi.quanto
433 2725 537 2753 autem
547 2723 645 2763 magis
660 2722 715 2753 tibi
726 2726 752 2753 et
762 2722 795 2753 in
803 2730 895 2753 carne
901 2725 931 2752 et
941 2724 975 2752 in
983 2722 1047 2752 Do-

218 2767 360 2800 mino?Si
372 2769 473 2808 igitur
488 2775 536 2798 me
548 2766 639 2799 habes
646 2769 825 2805 camertem,
835 2766 950 2806 suscipe
958 2765 1049 2797 illum

1100 1530 1114 1546 α
1131 1521 1192 1548 Νυνὶ
1213 1519 1240 1547 δὲ
1255 1531 1296 1548 σοι
1310 1520 1354 1548 καὶ
1368 1520 1425 1558 ἐμοὶ
1447 1519 1604 1561 εὔχρηστος.
1629 1533 1644 1549 ι
1663 1521 1691 1550 El
1708 1520 1805 1557 Παύλῳ
1817 1520 1914 1560 εὔχρη-

1096 1574 1158 1594 στος
1172 1565 1302 1604 τοσαύτην
1329 1563 1462 1604 ἀκρίϐειαν
1488 1565 1652 1603 ἀπαιτοῦντι,
1677 1565 1800 1599 δηλονότι
1818 1567 1862 1594 καὶ
1882 1568 1915 1602 τῷ

1095 1607 1237 1646 Φιλήμονι,
1257 1621 1272 1636 ι
1287 1601 1333 1638 ΓὈν
1354 1601 1504 1648 ἇνέπεμψα,
1530 1621 1542 1639 ι
1572 1614 1615 1648 Τῷ
1643 1601 1805 1650 παραδοῦναι
1840 1611 1912 1638 αὒτὸν

1093 1655 1132 1689 τῷ
1162 1652 1296 1693 Δεσπότῃ,
1332 1652 1432 1691 μᾶλλον
1459 1655 1504 1682 τὸν
1525 1655 1605 1692 θυμὸν
1630 1653 1745 1685 ἔσϐεσεν.
1776 1654 1910 1690 Tauris-tt,

1093 1697 1125 1724 τὰ
1161 1696 1211 1734 ἐμὰ
1244 1696 1398 1738 σπλάγχνα.
1416 1709 1430 1725 ι
1462 1698 1492 1727 Τί
1519 1697 1590 1738 λέγω
1619 1699 1696 1727 αὐτόν
1736 1698 1909 1738 προσλαϐοῦς

1093 1741 1188 1769 Τοῦτον
1216 1741 1496 1780 προσλαμϐανόμενος,
1524 1743 1557 1771 τὰ
1582 1743 1633 1780 ἐμὰ
1660 1742 1806 1783 σπλάγχνα
1830 1754 1911 1783 προσ-

1092 1784 1179 1824 λήψῃ.
1197 1785 1285 1819 Οὕτως
1304 1786 1381 1815 αὒτὸν
1411 1787 1518 1828 ἀγαπῶ,
1547 1788 1637 1828 φησὶν,
1667 1789 1703 1820 ὡς
1733 1789 1777 1816 καὶ
1807 1788 1911 1827 σπλάγ-

1092 1841 1145 1870 χνκ
1174 1829 1278 1873 καλεῖν,
1309 1832 1344 1860 ’I‘b
1372 1830 1411 1871 δὲ,
1441 1831 1601 1872 προσλαϐοῦ,
1625 1832 1684 1860 οἷον
1710 1833 1776 1873 μετᾲ
1807 1833 1912 1873 ἀγάπης

1092 1873 1172 1907 δέξαι.
1200 1886 1211 1902 ι
1248 1870 1309 1904 (Ἰνα
1336 1876 1400 1910 ὑπὲρ
1428 1880 1474 1904 σοῦ
1495 1875 1603 1915 διακονῇ
1629 1888 1686 1915 μοι.
1716 1889 1727 1905 ι
1761 1870 1842 1916 Ὀρᾷς
1877 1877 1913 1905 ὅτι

1091 1920 1159 1947 κατὰ
1173 1919 1267 1961 μικρὸν
1290 1920 1326 1952 εἰς
1358 1921 1404 1948 τὸν
1429 1921 1510 1949 τόπον
1538 1922 1616 1949 αὐτὸν
1637 1921 1722 1961 ἤγαγε
1750 1926 1797 1950 τοῦ
1818 1921 1913 1950 δεσπό-

1092 1973 1152 2004 του,
1172 1958 1234 1992 Ἵνα
1249 1965 1310 2004 γὰρ,
1325 1965 1399 2005 φησὶ,
1415 1965 1480 2005 ὑπὲρ
1507 1969 1554 1994 σοῦ
1577 1977 1622 2004 μοι
1651 1958 1771 2005 διακονῇ,
1788 1966 1914 1995 Ἐνταῦθα

1092 2007 1119 2036 δὲ
1154 2007 1279 2037 δείκνυσιν
1314 2009 1354 2037 δτι
1382 2013 1421 2047 τῷ
1459 2010 1582 2048 Δεσπότῃ
1629 2010 1760 2051 συμφέρον
1789 2011 1912 2049 βούλεται

1093 2052 1207 2091 μᾶλλον.
1223 2054 1252 2081 Εἰ
1267 2053 1316 2094 γὰρ
1330 2054 1372 2092 σὺ,
1396 2055 1472 2094 φησὶ,
1494 2058 1642 2095 χρεῶστετς
1672 2054 1818 2093 διακονεῖν,
1843 2057 1914 2087 οὗτος

1092 2096 1118 2125 δὲ
1133 2097 1190 2125 ἀντὶ
1210 2101 1256 2126 σοῦ
1277 2101 1354 2126 τοῦτο
1377 2106 1463 2136 ποιεῖ,
1500 2101 1546 2128 σὸν
1573 2099 1667 2141 ὄφελος
1694 2101 1725 2128 τὸ
1760 2101 1911 2139 γινόμενον.

1061 2164 1081 2189 D
1095 2153 1109 2169 α
1138 2141 1184 2170 Ἐν
1218 2149 1276 2175 τοῖς
1308 2141 1429 2181 δεσμοῖς.
1445 2148 1491 2173 τοῦ
1514 2144 1684 2184 [εὐαγγελίου.
1701 2144 1746 2174 Ἐν
1768 2152 1831 2178 τοῖς
1851 2145 1911 2184 ὑπὲρ

1090 2190 1136 2215 τοῦ
1158 2186 1317 2226 Εὖαγγελίου
1331 2186 1450 2226 δεσμοῖς.
1471 2200 1485 2216 ι
1509 2190 1593 2229 Χωρὶς
1626 2188 1653 2217 δὲ
1679 2190 1730 2223 τῆς
1758 2193 1810 2223 σῆς
1841 2191 1911 2230 γνώ-

1090 2242 1156 2268 μης.
1175 2242 1187 2260 ι
1218 2235 1301 2260 Τοῦτο
1321 2232 1436 2270 μάλιστα
1462 2234 1540 2262 αὐτὸν
1578 2234 1703 2275 ἐχαύνου,
1733 2234 1774 2263 ὄτι
1803 2238 1911 2275 πρᾶγμα

1089 2274 1171 2307 οὕτως
1198 2275 1345 2318 ἀναγκαῖον
1375 2279 1456 2317 αὐτῷ,
1497 2278 1569 2318 παρὰ
1594 2274 1714 2317 νγνώμην
1752 2279 1834 2307 αύνοῦ
1870 2281 1912 2307 οὒκ

1087 2321 1224 2354 εποίησεν.
1244 2333 1254 2348 ι
1295 2316 1356 2350 υινα
1384 2322 1423 2360 μὴ
1445 2323 1480 2355 ὡς
1494 2323 1705 2363 κατὰ-ἀνάγκην.
1731 2335 1745 2352 ι
1763 2324 1819 2352 Οὖκ
1839 2324 1909 2361 εἶπε,

1090 2365 1164 2393 Κατὰ
1193 2365 1323 2408 ἀνέγκην,
1366 2365 1438 2404 ἀλλ’,
1487 2362 1532 2400 Ὦς
1561 2362 1637 2396 κατὰν
1656 2368 1776 2408 ἀνάγκην
1792 2376 1800 2383 ·
1830 2370 1867 2400 ὡς
1893 2373 1911 2399 εἰ

1089 2409 1166 2437 εἶπεν
1184 2419 1190 2426 ·
1224 2404 1323 2444 ’ᾘδειν
1344 2409 1385 2439 ὅτι
1411 2411 1454 2439 καὶ
1475 2412 1546 2451 παρὰ
1567 2412 1678 2452 γνώμην
1708 2404 1755 2441 σου
1785 2413 1911 2453 κατάχων

1089 2455 1175 2491 αὐτὸν,
1193 2454 1240 2482 οὐκ
1261 2453 1371 2484 ἐλύπουν
1390 2466 1432 2485 σε.
1455 2447 1531 2484 Ἀλλ’
1560 2447 1607 2485 ’ἶνα
1624 2447 1674 2495 ἰμὴ
1704 2456 1766 2496 δόξῃ
1787 2458 1827 2489 ὡς
1849 2447 1912 2486 κατὰ

1088 2497 1207 2537 ἀνάγκην
1222 2498 1349 2540 γίνεσθαι,
1366 2500 1412 2528 οὐκ
1427 2498 1589 2538 ἠϐουλήθην,
1612 2501 1702 2541 φησίν,

1134 2598 1148 2618 ε
1164 2587 1242 2628 Τσίχα
1261 2587 1315 2628 γὰρ
1335 2587 1377 2618 διὰ
1401 2592 1478 2618 τοῦτο
1502 2590 1636 2630 ἐχωρίσθη
1667 2591 1732 2631 πρὸς
1761 2590 1844 2631 ὥραν,
1868 2591 1910 2619 ἵνα

1090 2634 1195 2663 αἰώνιον
1224 2633 1301 2661 αὑτὸν
1329 2633 1448 2675 ἀπέχῃς,
1477 2635 1524 2663 οὐκ
1564 2634 1602 2663 ’ἐτι
1644 2636 1682 2668 ὡς
1716 2635 1820 2676 δοῦλον,
1852 2635 1909 2664 ἀλλ’

1089 2679 1154 2719 ὑπὲρ
1202 2676 1307 2716 δοῦλον,
1350 2677 1461 2719 ἀδελφὸν
1509 2679 1661 2721 ἀγαπητὸν,
1713 2679 1830 2719 μάλιστα
1858 2681 1914 2719 ἐμοὶ

1092 2724 1169 2761 Πόσῳ
1192 2721 1218 2750 δὲ
1241 2722 1344 2760 μᾶλλον
1373 2735 1414 2752 σοι
1442 2724 1486 2753 καὶ
1520 2724 1547 2752 ἐν
1576 2726 1652 2765 σαρκὶ
1687 2726 1732 2754 καὶ
1760 2725 1786 2754 ἐν
1816 2726 1913 2765 Κυρίῳ.

1094 2769 1122 2797 Εἰ
1150 2767 1194 2796 οὗν
1230 2778 1263 2805 με
1293 2767 1366 2808 ἔχεις
1401 2769 1540 2808 κοινωνὸν,
1585 2769 1736 2811 προσλαϐοῦ
1768 2770 1849 2800 αὐτὸν
1882 2772 1916 2803 ὡς
