1942 3078
210 122 266 157 271
778 122 987 158 (ECUMENII
1007 112 1156 156 TRICGJE
1175 121 1343 156 EPISCOPI
1842 118 1903 152 272

208 190 262 222 sed
279 191 406 224 Christo.
427 204 441 221 σ
455 191 590 224 Conﬁsus
605 191 642 223 de
672 195 722 224 tua
737 192 920 224 obedientia.
936 206 949 223 ι
967 192 975 223 l

1135 194 1193 228 ιτῷ
1208 193 1323 230 Χριστῷ.
1361 200 1376 221 ς
1393 191 1528 223 Πεποιθὼς
1558 194 1592 230 τῇ
1619 192 1724 229 ὑπαχοῇ
1737 202 1795 222 σου,
1813 201 1829 217 ι
1849 189 1902 218 Οὔκ

208 237 361 276 imperans
373 245 470 277 neque
487 236 681 277 pertinaciter
695 240 793 267 tecum
823 246 913 277 agens
927 247 975 269 scr

1132 235 1233 266 ῐάττων.
1276 236 1368 276 φησὶν,
1400 234 1458 264 οὐδὲ
1488 234 1691 274 αὖθαδιζόμενος
1720 234 1824 275 ἔγραψά
1847 244 1899 269 om,

208 280 273 318 tibi,
290 280 341 311 sed
358 280 495 312 ﬁduciam
509 281 624 312 habens
633 282 673 312 de
683 285 732 311 tua
746 281 928 313 obedientia.
940 282 975 319 Ql

1135 291 1143 307 ι
1163 279 1262 319 θαρῤὦν
1282 284 1316 318 τῇ
1340 281 1444 318 ὑπακοῃ
1481 292 1539 312 σου.
1568 284 1651 309 Ποῖον
1678 284 1759 309 ταῦυα
1780 277 1902 315 σιδηροῦν

207 334 268 355 non
280 325 450 355 emolliri-nt
460 326 535 364 haec,
549 327 637 357 etiam
649 325 674 356 si
684 325 800 356 ferreus
812 326 974 358 esset?«Sci

1137 323 1284 362 ἐμάλασσεν
1301 334 1309 365 ;
1335 335 1348 354 1
1366 324 1448 356 Εἰδὼς
1463 324 1503 353 ὅτι
1517 326 1561 354 καὶ
1588 325 1653 365 ὑπὲρ
1681 325 1695 352 ὃ
1724 324 1794 363 λέγω
1815 323 1901 356 ποιή-

208 369 288 410 quod
304 370 392 400 etiam
407 369 486 401 ultra
513 379 600 411 quam
630 370 697 401 dico
714 369 844 401 facturus
868 371 920 402 sis.
940 384 952 399 ι
971 372 975 403 l

1139 391 1146 399 .
1166 380 1177 397 η
1196 373 1278 397 Τοῦτο
1307 369 1396 409 εἶπεν,
1432 368 1535 398 ἐκεῖνον
1557 372 1622 398 πᾶσι
1650 369 1758 408 τρόποις
1799 367 1902 405 ἑνάγων

208 414 281 444 dicit
295 413 435 445 omnibus
451 414 548 445 modis
563 414 647 445 illum
667 414 824 453 inducens,
844 420 874 445 ut
898 415 1039 456 suscipiat

209 458 402 497 Onesimum,
415 462 444 490 et
456 459 482 489 si
494 468 553 490 non
565 459 602 490 ob
613 458 705 496 aliud,
719 463 747 490 at
763 459 866 489 saltem
881 469 917 490 ne
928 460 1040 500 periret

210 502 289 534 bona
303 503 405 544 opinio
420 512 508 544 quam
524 503 562 534 de
576 504 642 544 ipso
671 507 850 544 conceperat
865 504 1036 545 Apostolus.

214 547 431 579 «Simulautem
443 548 533 579 etiam
545 557 677 588 praepara
688 548 762 578 mihi
773 548 1038 588 hospitium.nNon

210 592 309 624 solum
323 596 446 633 propter
471 592 646 623 Onesimum
670 591 776 632 scripsi
794 592 933 632 (dixisset
958 593 1037 624 enim

211 637 366 668 Philemon
379 636 458 677 quod
472 641 594 677 propter
608 646 641 668 se
653 646 690 668 ne
700 636 790 668 verbo
802 637 922 677 quidem
931 637 1036 677 digna-

210 682 399 722 returipsum
410 681 647 720 Paulus),verum
658 681 746 712 etiam
755 682 1035 723 propterea,inquit,

211 725 330 766 scripsi,
345 729 376 755 ut
386 734 538 766 praepares
545 725 617 756 mihi
629 725 950 765 hospitium.Futurum
960 727 1039 757 enim

211 773 277 800 erat
291 773 323 801 ut
336 769 512 801 formidaret
542 769 567 800 si
594 768 767 801 Onesimum
794 779 853 800 non
877 770 1042 811 susciperet

212 814 290 854 quod
305 818 448 845 venturus
476 818 556 845 esset
582 813 752 854 Apostolus,
780 818 810 845 et
833 814 929 855 palam
944 815 1040 855 fieret,

212 858 291 899 quod
306 858 412 890 fuisset
425 858 615 890 inobediens.
636 870 649 886 α
662 858 782 890 Auxilio
796 867 918 899 precum
932 862 1042 890 vestra-

211 913 291 935 rum.
321 916 334 932 »
354 905 457 944 Magna
480 902 603 944 quidem
632 907 678 933 est
706 903 874 934 orationum
899 903 1040 943 potentia,

213 948 306 979 multa
314 957 384 979 vero
396 947 484 978 etiam
494 947 579 979 Pauli
588 947 799 988 modestia,qui
812 957 917 987 preces
925 947 1042 979 illorum

214 992 363 1034 cupiebat,
376 992 482 1033 etipsis
492 992 628 1032 indigere
636 1001 669 1022 se
677 991 865 1023 ostendebat.
873 991 1043 1033 «Epaphras

214 1036 407 1078 concaptivus
435 1046 532 1068 meus.
554 1048 566 1063 ι
583 1036 637 1067 Hic
653 1045 670 1067 a
694 1036 920 1067 Colossensibus
935 1037 1044 1068 missus

215 1086 279 1114 erat
293 1082 330 1113 ad
345 1081 482 1120 Paulum,
498 1085 531 1112 ut
547 1081 735 1113 manifestum
752 1080 790 1111 sit
804 1081 883 1121 quod
899 1085 931 1113 et
947 1081 1043 1112 Phile-

214 1136 283 1158 mon
301 1136 317 1158 e
331 1126 561 1158 Golossensibus
574 1125 675 1157 fuerit.
692 1124 787 1156 Vocat
803 1134 870 1156 eum
887 1126 1042 1166 concapti-

214 1181 294 1209 vum,
314 1171 475 1202 ostendens
491 1170 570 1211 quod
587 1174 616 1201 et
628 1170 693 1210 ipse
708 1169 739 1200 in
755 1169 846 1200 multa
862 1169 899 1200 sit
908 1169 1044 1201 afﬂictio-

215 1226 265 1248 ne.
275 1216 424 1248 Praeterea
437 1225 555 1257 quoque
569 1216 666 1256 ipsum
684 1214 798 1256 pudore
810 1215 911 1252 afﬁcit,
923 1215 947 1246 si
962 1215 1043 1256 Epa-

216 1262 304 1302 phras
322 1262 410 1302 etiam
419 1269 482 1302 una
492 1263 716 1302 _secum»captus
729 1263 804 1302 erat,
819 1259 896 1302 _ipse
922 1269 991 1290 vero
1008 1269 1044 1290 ne

215 1298 338 1342 gratiam
355 1301 478 1342 quidem
490 1300 520 1332 in
533 1298 724 1341 suscipiendo
737 1298 876 1330 Onesimo
891 1304 1045 1340 praestaret

1080 411 1196 445 δέξασθαι
1219 414 1263 441 τὸν
1300 412 1456 454 Ὀνήσιμον,
1494 415 1516 442 εἰ
1549 414 1594 442 καὶ
1620 414 1688 442 κατὰ
1710 411 1792 450 μηδέν
1823 410 1901 446 ἄλλο,

1079 455 1121 484 διὰ
1140 456 1188 495 μέν
1203 469 1243 486 τοι
1257 461 1302 486 τοῦ
1337 459 1376 496 μὴ
1404 457 1546 498 διαφθεὶραι
1578 459 1628 492 τὴν
1657 459 1749 486 ἑαυτοῦ
1778 455 1856 488 δόξαν
1870 455 1902 489 ἢν

1080 501 1144 541 εἶχε
1159 502 1229 540 παρὰ
1243 505 1281 540 τῷ
1294 497 1459 540 Ἀποστόλῳξ
1480 512 1495 533 ‹
1514 497 1593 541 ’Ἅμα
1608 502 1635 530 δὲ
1657 503 1700 530 καὶ
1715 501 1839 539 ἑτοίμαζέ
1855 511 1901 537 μοι

1079 544 1173 578 ξενίαν,
1192 557 1205 573 ι
1235 549 1270 575 Οὒ
1298 545 1340 574 διὰ
1362 546 1516 585 Ὀνήσιμον,
1560 547 1651 587 φησὶν,
1688 546 1791 586 ἔγραψα
1822 544 1904 583 μόνον

1079 590 1167 628 (εἶπεν
1182 591 1232 630 γὰρ
1260 591 1290 619 ἃν
1319 592 1332 619 6
1361 591 1501 629 ΦιλήμωνΙ
1533 593 1555 620 εὶ
1591 592 1630 629 μὴ
1645 590 1678 619 δι’
1708 591 1814 630 ἑαυτὸν,
1847 588 1903 617 οὔτε

1078 634 1158 673 λόγου
1172 645 1205 672 με
1224 633 1336 675 ἠξίους),
1352 634 1420 663 ἀλλὰ
1434 637 1478 663 καὶ
1503 634 1548 676 διὰ
1572 639 1648 664 τοῦτο
1677 635 1792 676 ἔγραψα,
1809 634 1902 674 φησὶν,

1079 677 1125 705 ἵνα
1140 678 1282 716 ἐτοιμάσης
1298 674 1343 717 μοι
1373 679 1424 712 ξενί
1445 691 1459 706 ν
1503 674 1624 718 ’Ἐμελλε
1650 679 1677 708 δὲ
1705 674 1749 708 παὶ
1764 677 1904 719 φοϐεῖσθαι

1081 723 1154 755 οὗτὸς
1170 723 1209 761 μὴ
1221 722 1365 763 δεχόμενος
1389 724 1434 752 τὸν
1458 723 1613 765 Ὀνήσιμον,
1643 724 1684 753 ὅτι
1710 724 1801 765 ἥξει-ὁ
1824 721 1905 751 Ἀπό-

1083 759 1176 798 στολος
1203 759 1454 807 καὶηννωσθήσεται
1494 759 1695 808 παραχοτέσθείς,
1723 780 1733 796 ι
1756 759 1814 796 υΟτ
1866 766 1904 794 διὰ

1082 813 1136 840 τῶν
1163 813 1319 852 προσευχῶν
1347 813 1430 850 ὑμῶν.
1450 824 1462 842 1
1482 813 1572 847 Πολλὴ
1599 814 1648 851 μὲν
1683 814 1701 847 ἡ
1734 814 1788 840 τῶν
1818 811 1906 851 εὐχῶν

1083 855 1200 897 δύναμις,
1223 856 1311 890 πολλη
1327 856 1413 885 δὲκαὶ
1443 858 1460 891 ἡ
1482 857 1638 890 ταπείνωσις
1668 861 1714 886 τοῦ
1729 855 1850 893 Παύλου⁹
1868 855 1904 883 δτι

1083 904 1135 928 τῶν
1170 901 1275 931 ἐκείνων
1304 902 1392 941 εὖχῶν
1418 901 1540 942 ἔχρῃζεν.
1571 913 1583 930 α
1603 902 1737 942 Ἐπαφρᾶς
1753 903 1767 930 6
1789 912 1905 940 συναιχ-

1084 945 1207 983 μάλωτός
1238 957 1299 984 μου.
1320 957 1332 975 ι
1357 947 1438 978 Οὗτος
1465 947 1536 986 παρὰ
1566 946 1742 975 Κολοσσαέων
1769 947 1805 980 ἧν
1836 947 1904 974 ἁπο-

1085 989 1187 1022 σταλεὶς
1222 990 1288 1029 πρὸς
1314 990 1359 1019 τὸν
1388 989 1502 1031 Παῦλον,
1533 992 1569 1023 ὡς
1591 993 1661 1019 εἶναι
1684 990 1777 1031 δῆλον,
1795 990 1839 1019 δτι
1856 991 1905 1018 ὰπὸ

1086 1033 1256 1063 Κολοσσαέων
1277 1034 1310 1068 ἧν
1331 1035 1345 1062 6
1372 1034 1513 1073 Φιλήμων.
1536 1035 1765 1075 Συναιχμάλωτον
1777 1035 1806 1063 δὲ
1830 1036 1904 1064 αὐτὸν

1085 1078 1175 1114 καλεῖ,
1191 1078 1290 1111 δεικνὺς
1305 1080 1348 1109 καὶ
1365 1080 1443 1108 αὑτὸν
1471 1079 1499 1107 ἐν
1520 1079 1609 1119 πολλῇ
1623 1080 1720 1119 θλίψει.
1749 1075 1865 1112 ’Ἄλλως
1881 1079 1904 1108 δὲ

1084 1123 1127 1151 καὶ
1139 1122 1254 1163 ἐντρέπει
1274 1124 1372 1164 αιῦτὸν;
1395 1123 1420 1152 ε¹ί
1436 1134 1466 1163 γε
1488 1125 1503 1152 ὁ
1526 1124 1661 1165 Ἐπαφρᾶς
1683 1125 1727 1153 καὶ
1756 1125 1905 1165 συναιχμά-

1085 1167 1170 1199 λωτος
1183 1159 1217 1206 ἦν
1239 1169 1313 1200 οὗτος
1342 1159 1371 1195 δέ
1397 1159 1464 1206 μηδὲ
1491 1168 1540 1203 τὴν
1569 1159 1628 1208 περὶ
1656 1168 1805 1207 Ὀνησίμου
1827 1159 1904 1209 ά-Ξριν

1085 1212 1212 1252 παράσχῃ
1241 1213 1321 1249 αὐτῷ,
1346 1213 1359 1239 6
1384 1211 1424 1240 διὰ
1461 1212 1552 1252 Κύριον
1581 1213 1765 1254 αἰχμάλωτος.
1800 1225 1817 1242 α
1834 1214 1905 1253 Ἀρί-

1086 1267 1214 1297 σταρχος,
1247 1260 1352 1294 Δημᾶς.
1382 1268 1396 1284 ι
1429 1257 1489 1296 Περὶ
1524 1258 1616 1286 τούτου
1644 1258 1742 1297 ἔγραψε
1770 1259 1902 1297 Τιμοθέῳ,

1088 1304 1180 1342 Δημᾷς
1209 1312 1242 1339 με
1277 1300 1459 1340 ἐγκατέλιπεν.
1488 1305 1584 1331 Τοῦτον
1620 1303 1666 1330 τὸν
1697 1306 1791 1340 Δημᾶν
1829 1314 1904 1342 φασιν

215 1339 260 1377 illi
289 1346 341 1386 qui
363 1339 491 1386 propter
515 1339 676 1377 Dominum
714 1343 847 1384 captivus
873 1339 982 1375 teneba

1154 1339 1328 1379 ’Ennvaibv
1361 1345 1441 1373 πάλιν
1463 1345 1594 1383 ἐκκλῖναι,
1621 1347 1664 1375 καὶ
1687 1339 1808 1386 γενέσθαι
1837 1339 1902 1387 ίερέα

220 1401 231 1419 ι
248 1390 449 1427 Aristarchus,
467 1389 586 1421 Demas.
609 1403 620 1417 ιο
649 1390 692 1420 De
720 1388 776 1419 hoc
801 1387 837 1419 ad
853 1387 987 1419 Timothe

1135 1388 1209 1420 ὅλων.
1239 1390 1287 1418 Καὶ
1315 1390 1336 1417 εἱ
1362 1389 1411 1427 μὲν
1438 1390 1531 1429 πρώτη
1566 1390 1664 1431 ἐκείνη,
1701 1393 1744 1420 νῦν
1773 1392 1902 1430 μετέγνω.

216 1434 336 1475 scripsit
353 1443 359 1466 :
375 1434 483 1465 Demas
498 1443 546 1465 me
559 1432 729 1473 dereliquit.
743 1432 828 1463 Hunc
837 1433 950 1464 Deman
961 1433 983 1463 ai

1135 1433 1157 1461 δὲ
1172 1433 1278 1473 ὑστέρα,
1296 1434 1364 1471 μετὰ
1384 1439 1466 1463 ταῦτα
1501 1434 1688 1474 ὲῤῥᾳθύμησεν,
1728 1447 1742 1463 κ
1757 1439 1873 1469 Λουκᾶς.
1891 1447 1902 1462 ι

216 1479 253 1510 ad
262 1473 373 1510 cultum
385 1478 562 1518 gentilitium
575 1477 713 1514 rediisse,
727 1477 896 1516 factumque
908 1485 983 1507 sacei

1136 1477 1283 1510 τελευταῖος
1312 1479 1403 1518 γέγονε
1431 1473 1543 1519 πρῶτος.
1577 1478 1616 1508 Ἐἰ
1643 1481 1693 1520 γὰρ
1721 1483 1755 1519 τῇ
1774 1482 1845 1520 πρὸς
1861 1485 1903 1510 Τι-

618 1522 670 1553 illa
695 1508 826 1562 Epistola
841 1508 923 1561 prior
937 1521 983 1552 fue

1135 1533 1180 1551 ιεον
1204 1508 1405 1563 δευτέρᾳ-φησὶ,
1431 1508 1532 1556 Λουκᾶς
1555 1523 1610 1552 ἐστι
1626 1508 1706 1562 μένος
1733 1508 1807 1562 μέτ’Γ
1832 1525 1902 1563 ἐμοῦ.

217 1569 407 1609 postmodum
422 1567 571 1608 resipuit;
588 1566 614 1597 si
629 1575 698 1597 vero
714 1566 768 1596 fuit
780 1566 936 1606 posterior,
951 1565 984 1596 fat

1139 1568 1229 1606 εργοὺς
1245 1566 1272 1595 δὲ
1286 1566 1376 1604 καλεῖ,
1405 1566 1504 1601 δεικνὺς
1527 1567 1567 1596 ὅτι
1582 1570 1626 1597 καὶ
1655 1570 1737 1606 οὗτοι,
1768 1571 1848 1609 φησὶ,
1865 1570 1904 1598 σὺν

216 1617 263 1644 est
277 1618 380 1654 postea
399 1613 471 1644 510
485 1612 585 1651 segnis
602 1615 631 1642 et
655 1612 786 1650 ignavus.
805 1622 817 1654 ρ
838 1611 940 1640 Lucas.
957 1620 972 1641 ›

630 1635 631 1639 η
655 1612 786 1650 ignavus.
807 1622 817 1637 ο
838 1611 940 1640 Lucas.
957 1620 972 1641 ›
990 1610 1045 1646 Qui
1087 1611 1145 1649 ἐμοὶ
1158 1611 1337 1651 παραχαλοῦσί
1358 1622 1397 1643 σε,

216 1653 383 1699 postremus
398 1657 571 1695 erat,factus
587 1659 632 1687 est
647 1655 772 1694 primus.
789 1653 860 1685 Nam
876 1654 908 1685 in
923 1655 1053 1686 secunda
1062 1655 1100 1686 ad
1111 1655 1297 1686 Timotheum
1313 1655 1376 1687 ait:
1392 1655 1487 1687 Lucas
1503 1665 1621 1689 mecum
1636 1660 1682 1688 est
1695 1657 1789 1689 solus.
1810 1658 1904 1699 Adju-

216 1707 296 1734 tores
310 1710 409 1734 autem
425 1711 477 1733 eos
491 1705 585 1739 vocat,
598 1700 758 1731 ostendens
773 1699 852 1739 quod
870 1702 898 1730 et
912 1699 943 1729 hi
958 1708 1017 1730 una
1027 1708 1131 1732 secum
1147 1703 1307 1741 precentur
1320 1700 1418 1741 ipsum
1433 1705 1465 1732 ut
1479 1700 1653 1733 Onesimum
1669 1702 1827 1744 suscipiat.

266 1761 364 1800 Finis,
381 1761 484 1792 divino
498 1760 620 1800 favente
635 1758 766 1799 auxilio,
788 1757 934 1798 Epistulae
950 1757 990 1789 ad

515 1799 735 1831 Philemonem.

255 1850 372 1891 Scripta
378 1853 423 1881 est
432 1849 469 1880 ab
477 1849 552 1880 urbe
558 1848 652 1880 Roma
659 1857 714 1889 per
723 1847 896 1879 Onesimum
909 1856 1040 1880 servum.

1202 1768 1214 1787 α
1232 1758 1325 1797 Τέλος,
1343 1759 1475 1801 σὺν-Θεῳ,
1491 1763 1540 1801 τῆς
1560 1761 1627 1801 πρὸς
1641 1760 1784 1799 Φιλήμονα

1388 1798 1562 1834 Ἐπιστολῆς,
1582 1798 1594 1831 ᾖ

1158 1847 1278 1888 Ἐγράφη
1293 1847 1346 1876 ἀπὸ
1362 1843 1480 1890 Ῥώμης,
1496 1848 1538 1879 διὰ
1552 1849 1696 1889 Ὀνησίμου
1717 1851 1834 1884 οἰκέτου,

575 2136 683 2180 ΤΗΣ
729 2134 876 2178 ΠΡΟΣ
912 2132 1187 2177 ΕΒΡΑΙΟΥΣ
1223 2133 1559 2177 ΕΠΙΣΤΟΛΗΣι

699 2343 776 2382 an
806 2313 1418 2381 ARGUMENTUM

661 2448 982 2498 EPISTOLPE
1058 2449 1140 2495 AD
1214 2447 1524 2497 HEBRzEOS

258 2634 343 2666 Hanc
357 2634 394 2666 ab
418 2633 636 2672 Italiafscribit.
656 2633 779 2666 Occasio
794 2637 892 2665 autem
908 2633 1025 2674 Epistol:

1135 2633 1230 2667 Γαύτην
1252 2633 1400 2663 ἐπιστέλλει
1428 2633 1481 2663 ἀπὸ
1510 2632 1634 2666 Ἰταλίας.
1663 2628 1694 2662 Ἠ
1722 2633 1751 2663 δὲ
1779 2634 1902 2675 πρόφασις

218 2679 274 2710 fuit
289 2679 363 2712 haec.
391 2679 537 2716 Quoniam
551 2678 646 2711 διιόωί
662 2679 721 2719 legi
735 2678 913 2710 insistebant
922 2688 956 2710 ac
967 2678 985 2709 ﬁ

1147 2677 1308 2712 Ἐπιστολῆς
1343 2679 1422 2714 αὕτη.
1453 2677 1562 2713 Ἐπειδὴ
1591 2680 1615 2707 οἱ
1635 2677 1760 2709 Ἰουδάῒοι
1776 2680 1903 2708 ἑνίσταντο

218 2724 262 2756 ris
287 2724 473 2762 umbraticis,
504 2728 663 2765 propterea
678 2724 829 2764 apostolus
854 2723 985 2754 Paulus¢

1148 2724 1222 2762 νόμῴ
1246 2724 1290 2752 καὶ
1314 2731 1375 2757 ταῖς
1404 2723 1508 2765 σκιαῖς,
1537 2722 1580 2752 διὰ
1610 2722 1688 2752 τοῦτο
1710 2724 1725 2752 ὁ
1759 2722 1901 2756 ἀπόστολος

220 2767 324 2801 doctor
338 2769 470 2811 gentium
491 2764 589 2802 factus
603 2768 698 2808 esset;
715 2771 753 2800 'et
767 2768 804 2799 ad
819 2771 921 2808 gentes
937 2767 987 2799 mis

1135 2766 1191 2800 ὅλος
1233 2766 1390 2802 διδέσιαλος
1411 2764 1509 2798 ἐθνῶνλ
1518 2767 1675 2809 γενόμενος,
1710 2769 1754 2798 καὶ
1788 2769 1821 2798 τὰ
1846 2768 1902 2801 ἔθνη

217 2814 398 2855 praedicaret
425 2813 629 2854 Evangelium,
656 2812 709 2845 ubi
732 2812 879 2844 universis
911 2812 984 2853 gent“

1135 2811 1260 2851 πωλεῖς,
1286 2814 1408 2853 κηρύττει
1458 2813 1488 2842 τὸ
1532 2813 1702 2853 Εὖαγγέλιον,
1747 2814 1851 2854 Γρψάας
1878 2823 1902 2841 τε
