1942 3078
48 167 104 200 273

585 171 782 203 COMMENT.
806 171 846 204 IN
868 171 990 203 EPIST.
1014 170 1064 203 ΑΙ)
1084 172 1200 203 HEBR.

1679 171 1737 205 114

49 237 108 262 πᾶσι
138 241 196 267 τοῖς
231 235 328 274 ἔθνεσι,
367 237 458 277 γράφει
500 237 592 266 λοιπον
634 238 679 266 καὶ
722 238 773 272 τὴν
802 249 873 278 περι-

952 237 1077 278 ripisset,
1094 238 1228 270 Hebraeis
1252 248 1368 279 quoque
1383 240 1435 280 qui
1459 249 1493 271 ex
1507 239 1738 272 circumcisione

49 281 131 316 τομῆς
161 280 330 309 πιστεύσασιν
373 281 524 322 Ἐμϐραίοις
558 280 744 316 ἀποδεικτικὴν
774 283 870 317 ταύτην

49 323 199 360 ἐπιστολὴν,
216 325 276 365 περὶ
304 327 353 360 τῆς
381 331 427 356 τοῦ
469 331 575 366 χριστοῦ
597 326 740 366 παρουσίας
767 327 871 356 καὶτοῦ

50 370 196 397 πεπαῦσθαι
225 369 275 403 τὴν
312 371 387 399 σκιὰν
415 374 461 398 τοῦ
486 372 580 408 νόμου.
611 371 658 400 Καὶ
687 373 792 411 πρῶτον
822 372 870 409 μὲν

50 411 212 441 ἀποδείκνυσι
245 414 307 447 τοὺς
336 416 471 455 προφήτας
506 414 548 443 διὰ
582 419 659 444 τοῦτο
695 415 868 452 ἀπεστάλθαι,

50 458 93 485 ἳνα
112 459 172 497 περὶ
193 463 240 488 τοῦ
259 462 384 497 Σωτῆρος
411 459 602 499 ἀπαγγείλωσι,
631 460 675 488 καὶ
702 459 761 498 μετ’
776 461 870 492 αὖτοὺς

51 501 125 533 αὐτὸς
155 501 230 541 ἔλθῃ,
258 502 365 536 δούλους
405 515 434 532 τε
462 500 532 532 εἶναι
568 505 628 537 τοὺς
655 505 792 544 προφήτας
827 506 870 533 καὶ

51 547 166 583 μηνυτὰς
188 550 238 581 τῆς
252 549 331 576 αὐτοῦ
356 548 507 588 παρουσίας,
537 548 616 577 αὑτὸν
642 548 670 577 δὲ
698 550 744 577 τὸν
759 549 870 589 Χριστόν

52 591 108 617 Υἱὸν
123 591 195 619 εἶναι
224 595 301 632 Θεοῦ,
331 591 365 621 δι’
393 594 424 621 οὗ
443 593 476 622 τὰ
504 593 590 621 πάντα
619 593 712 632 γέγονε
730 601 737 608 ⁸
767 594 811 622 καὶ
829 593 869 621 ὅτι

52 639 140 664 τοῦτον
154 636 200 664 τὸν
217 637 276 665 Υἶὸν
298 636 349 665 ἔδει
368 637 502 676 ἄνθρωπον
518 637 649 678 γενέσθαι,
677 637 724 665 ἵνα
752 637 794 666 διὰ
820 640 870 671 τῆς

51 679 94 707 τοῦ
107 680 232 717 σώματος
267 681 346 710 auro;
373 682 461 714 ὼσίας
489 683 645 721 καταργήσῃ
674 683 720 711 τὸν
747 682 868 714 θάνατον.

54 724 87 752 Οὖ
100 724 149 763 γὰρ
164 724 198 752 δι’
228 725 343 764 αἵματος
371 727 475 766 μόσχου
503 727 521 760 ἢ
549 726 657 766 τράγου,
687 725 755 754 ἀλλὰ
773 725 808 754 δι’
822 726 870 754 αἵ-

53 778 132 804 ματος
147 772 273 810 Χριστοῦ,
302 770 404 799 ἔσεσθαι
439 777 497 802 τοῖς
525 770 672 810 ἀνθρώποις
699 771 750 804 τὴν
777 781 869 804 σωτη-

49 812 112 850 ρίαν.
134 811 315 843 Ἀποδείκνυσι
337 814 363 843 δὲ
377 814 417 844 ὅτι
437 816 451 843 ὁ
486 815 566 852 νόμος
594 814 686 843 οὓόἐνα
701 814 870 853 ἐτελείωσεν,

145 859 222 887 σκιὰν
249 859 313 899 εἶχε
352 863 405 888 τῶν
434 859 584 898 μελλόντων
618 859 734 900 ἀγαθῶν,
762 861 806 888 καὶ
840 861 870 888 οὗ

53 901 215 930 κατέπαυσεν
231 904 244 931 ὸ
266 903 343 939 λαὸς,
368 903 435 933 ἀλλὰ
476 904 552 938 κοινὴ
583 907 661 932 πᾶσιν
686 905 754 942 ἡμῖν
769 903 868 932 ἀπολέ-

54 944 154 974 λειπται
169 947 258 987 ἡμέρα
282 951 332 982 τῆς
361 949 561 980 καταπαύσεως.
592 948 674 976 Πάλιν
701 947 729 976 δὲ
763 947 871 976 ἀποδεί-

55 1000 138 1018 κψδσιν
168 991 210 1019 ὅτι
238 992 255 1026 ἡ
284 993 456 1032 ἂρχιερατικὴ
491 991 637 1032 λειτουργία
665 992 792 1030 μετετέθη
819 992 872 1021 ἀπὸ

55 1032 152 1074 Ἀαρὼν
167 1037 204 1068 εἷς
227 1038 272 1065 τὸν
293 1027 416 1076 ἀξια-τὸν,
440 1037 470 1066 οὗ
483 1037 564 1069 τύπος
591 1027 624 1071 ἦν
651 1037 666 1065 ὁ
695 1035 871 1077 Μελχισεδὲκ,

55 1079 98 1106 οὔκ
124 1080 162 1108 ὢν
188 1080 219 1109 ὲκ
247 1086 293 1110 τοῦ
328 1082 398 1113 Λευί,
427 1083 515 1110 Πίστει
550 1081 577 1109 δὲ
604 1080 783 1109 δεδικαιῶσθαι
811 1082 872 1113 τώς

55 1123 164 1163 πατέρας
185 1127 320 1163 σημαίνει,
362 1127 406 1154 καὶ
433 1128 481 1156 οὒκ
510 1125 536 1158 ἐξ
565 1126 648 1165 ἔργων
680 1126 773 1164 νόμου.
804 1126 872 1154 Ε’ίτα

56 1168 129 1197 πάλιν
160 1170 197 1202 εἷς
233 1171 265 1198 τὰ
301 1170 352 1204 ἤθη
375 1171 588 1210 προτρεψάμενος
617 1171 660 1198 καὶ
688 1170 804 1210 τούτους,
829 1171 872 1198 καὶ

57 1211 245 1251 ἀποδεξάμενος
261 1215 346 1243 αὐτῶν
375 1216 425 1249 τὴν
457 1214 499 1242 διὰ
527 1215 638 1254 Χριστὸν
664 1214 811 1254 ὑπομονὴν,
828 1215 871 1242 καὶ

56 1257 141 1290 πείσας
165 1261 247 1297 τιμᾷν
271 1259 331 1291 τοὺς
365 1258 565 1299 πρεσϐυτέρους,
587 1258 686 1287 τελειοῖ
707 1258 757 1292 τὴν
791 1257 870 1288 Ἐπι-

56 1300 158 1337 στολήν,

305 1352 471 1378 ΥΠΟΘΕΣΙΣ
488 1351 606 1379 ΕΤΕΡΑ.

92 1392 157 1429 Πρὸς
196 1387 331 1433 Ἐϐραίους
352 1392 509 1429 Ἐπιστολὴ,
552 1391 626 1420 δοκεῖ
647 1391 696 1430 μὲν
725 1393 771 1421 οὒκ
798 1391 869 1420 εἶναι

59 1436 164 1476 Παύλου,
188 1436 232 1465 διὰ
252 1449 280 1465 τε
302 1438 347 1466 τὸν
361 1439 529 1478 χαρακτῆρα,
560 1437 604 1464 καὶ
631 1437 663 1464 τὸ
695 1436 734 1474 μὴ
749 1436 869 1475 προγρά-

59 1490 109 1518 φειν
122 1482 158 1513 ὡς
173 1481 202 1509 ἐν
226 1482 338 1514 ἀπάσαις
374 1488 434 1513 ταῖς
464 1481 556 1513 ἄλλαις
579 1479 760 1518 Ἐπιστολαῖς,
783 1481 826 1508 καὶ
841 1481 871 1508 τί)

59 1523 149 1565 λέγειν,
183 1537 196 1553 ι
215 1530 276 1558 Πῶς
304 1527 386 1564 ἡμεῖς
413 1525 594 1566 ἔκφευξώμεθα
621 1524 783 1558 τηλικαύτης
808 1524 872 1562 ἆμε-

912 282 1100 313 crediderant
1129 287 1231 324 postea
1259 283 1366 315 scribit
1388 284 1465 316 hanc
1480 291 1538 325 qua
1567 294 1620 316 eos
1634 285 1739 316 doceat

911 326 1083 367 Epistolam,
1099 337 1157 368 qua
1173 327 1324 359 Christum
1339 327 1470 360 declarat
1484 329 1613 370 venisse,
1625 335 1656 362 et
1667 339 1737 361 um-

912 370 995 402 bram
1007 371 1080 412 legis
1092 371 1276 403 cessasse.Et
1286 372 1416 413 primum
1423 373 1544 414 quidem
1554 373 1741 406 demonstrat

913 419 1068 456 propterea
1085 416 1191 447 missos
1202 416 1293 448 fuisse
1305 416 1466 458 prophetas
1477 422 1506 449 et
1515 418 1740 450 annuntiatores

911 460 1054 491 adventus
1084 460 1189 500 ipsius,
1221 461 1319 502 ipsum
1344 470 1413 492 vero
1439 461 1589 494 Christum
1604 471 1671 494 esse
1686 462 1740 494 Dei

911 503 1030 542 Filium,
1043 513 1096 545 per
1108 514 1196 545 quem
1207 505 1308 536 omnia
1318 505 1395 537 facta
1408 510 1488 538 sunt.
1506 506 1651 547 Quodque
1659 506 1740 538 hunc

911 547 1019 580 Filium
1049 549 1178 589 oportuit
1207 550 1272 581 ﬁeri
1304 550 1468 588 hominem,
1496 554 1529 582 ut
1544 560 1597 592 per
1612 551 1739 582 hostiam

911 593 1044 633 corporis
1058 593 1105 625 sui
1134 593 1250 626 deleret
1278 599 1418 627 mortem.
1449 594 1553 636 Neque
1581 596 1662 627 enim
1686 605 1740 636 per

910 637 1084 677 sanguinem
1099 638 1181 669 vituli
1196 642 1246 670 aut
1273 639 1362 678 hirci,
1391 639 1446 671 sed
1469 649 1524 681 per
1537 640 1649 672 Christi
1663 650 1738 672 san-

910 681 1031 721 guinem
1050 683 1147 713 futura
1162 687 1225 714 erat
1254 683 1393 715 omnibus
1416 684 1506 716 salus.
1532 684 1670 716 Ostendit
1682 695 1737 716 au-

911 730 970 756 tem
987 727 1065 767 quod
1082 727 1129 758 lex
1153 727 1306 759 neminem
1335 729 1505 768 perfecerit,
1521 729 1574 761 sed
1602 729 1738 761 umbram

912 769 1039 816 habebat
1052 771 1218 802 futurorum
1243 771 1402 804 bonorum.
1431 774 1501 805 512
1515 773 1576 805 Nec
1591 774 1739 816 requievit

912 815 1037 856 populus
1051 816 1202 854 Judaicus,
1219 817 1272 848 sed
1288 818 1488 850 communiter
1501 818 1642 850 omnibus
1652 818 1739 850 nobis

881 860 1032 908 Brelictus
1067 864 1112 908 est
1145 861 1210 892 dies
1232 861 1352 908 quietis.
1382 864 1527 908 Praeterea
1555 863 1740 896 demonstrat

914 904 1001 935 etiam
1029 905 1106 945 quod
1136 906 1320 937 sacerdotale
1351 907 1550 939 ministerium
1578 908 1615 939 ab
1639 908 1739 939 Aaron

913 948 1085 980 translatum
1114 950 1153 981 sit
1181 950 1212 981 in
1241 950 1389 982 Christum
1411 962 1418 982 :
1444 953 1530 992 cujus
1556 953 1650 992 ﬁgura
1678 956 1742 984 erat

914 993 1147 1031 Melchisedech,
1162 995 1211 1034 qui
1229 1004 1288 1026 non
1308 995 1504 1027 descenderat
1519 1006 1555 1028 ex
1569 997 1650 1028 Levi.
1667 997 1739 1029 Fide

913 1047 1032 1078 quoque
1042 1039 1217 1078 justiﬁcatos
1231 1039 1322 1070 fuisse
1338 1044 1437 1080 patres
1461 1041 1619 1080 signiﬁcat,
1637 1045 1740 1072 etnon

914 1091 948 1112 ex
965 1082 1105 1122 operibus
1116 1083 1199 1122 legis.
1218 1083 1332 1115 Deinde
1357 1084 1409 1115 ubi
1424 1085 1479 1116 bos
1491 1085 1578 1116 etiam
1595 1085 1632 1116 ad
1644 1085 1740 1116 bonos

915 1131 1012 1153 mores
1027 1123 1195 1154 exhortatus
1207 1127 1262 1161 est,
1279 1127 1307 1155 et
1318 1125 1538 1156 commendavit
1549 1125 1737 1156 tolerantiam

913 1165 1046 1205 ipsorum
1060 1172 1180 1208 propter
1188 1167 1351 1206 Christum,
1364 1169 1519 1210 suasitque
1529 1169 1740 1202 utsenioribus

913 1210 1066 1242 deferrent
1077 1212 1232 1251 honorem,
1249 1212 1401 1245 concludit
1414 1214 1582 1256 epistolam.

1118 1345 1231 1378 ALIUD
1252 1344 1528 1380 ARGUMENTUM.

952 1388 1082 1426 Epistola
1094 1389 1131 1420 ad
1155 1389 1296 1422 Hebraeos
1319 1391 1437 1423 videtur
1454 1391 1577 1433 quidem
1594 1400 1654 1423 non
1669 1401 1738 1423 esse

911 1433 1004 1472 Pauli,
1022 1437 1082 1465 tum
1096 1439 1218 1475 propter
1233 1435 1384 1467 scribendi
1397 1435 1570 1474 dictionem,
1586 1440 1647 1468 tum
1658 1436 1738 1477 quod

912 1488 998 1509 suum
1028 1488 1087 1509 non
1116 1480 1274 1520 pmﬁxerit
1302 1490 1423 1521 nomen,
1440 1481 1692 1522 quemadmodum
1706 1481 1738 1512 in

913 1522 1027 1554 caeteris
1039 1524 1178 1555 omnibus
1193 1524 1353 1566 Epistolis:
1373 1529 1433 1556 tum
1445 1525 1524 1567 quod
1536 1525 1624 1557 dicat:
1641 1525 1740 1562 «Quo-

60 1568 182 1604 λήσαντες
211 1572 355 1613 σωτηρίας,
377 1574 396 1608 ἥ
424 1584 464 1604 τις
490 1571 577 1612 ἀρχὴν
599 1570 714 1599 λαϐοῦσα
735 1570 871 1599 λαλεῖσθαι

952 1567 1001 1598 )do
1018 1567 1192 1607 effugiemus
1216 1569 1267 1610 qui
1282 1573 1392 1601 tantam
1406 1570 1591 1610 negleximus
1601 1569 1738 1610 salutem,

59 1614 104 1643 ὑπὸ
117 1620 162 1645 τσῦ
179 1618 274 1657 Κυρίου
295 1616 337 1645 διὰ
365 1619 417 1645 τῶν
440 1616 608 1646 ἀκουσάντων
642 1616 678 1647 εἷς
706 1617 778 1653 ἡμᾶς
813 1613 873 1643 ἐϐε-

59 1657 164 1697 ϐαιώθη,
203 1665 488 1701 συνεπιμαρτυροῦντος
509 1664 554 1688 τοῦ
586 1663 652 1688 Θεοῦ
687 1660 808 1697 σημείοις
831 1660 874 1687 καὶ

59 1704 152 1744 τέρασι.
173 1717 185 1734 ι
200 1711 252 1736 Τοῦ
280 1707 329 1744 μὲν
343 1706 386 1735 οὖν
411 1705 546 1746 ἠλλάχθαι
573 1705 619 1733 τὸν
644 1707 804 1746 χαρακτῆρα
825 1706 873 1737 τῆς

59 1746 226 1787 Ἐπιστολῆς,
244 1751 342 1790 φανερὰ
370 1751 387 1784 ἡ
409 1744 503 1781 αἰτίαξγ
522 1750 588 1789 Πρὸς
623 1749 673 1788 γάρ
696 1744 828 1788 Ἐϐραίους
841 1751 875 1786 τῇ

59 1797 124 1833 eodm
152 1794 283 1832 διαλέκτῳ
311 1801 454 1835 γραφεῖσα,
493 1794 600 1833 ὕστερον
635 1795 875 1833 μεθερμηνευθῆναι

59 1836 167 1876 λέγεται,
184 1840 222 1871 ὡς
253 1839 301 1877 μέν
329 1850 398 1871 τινες
419 1839 470 1867 ὑπὸ
504 1841 605 1877 Λουκᾶ,
635 1838 671 1870 ὡς
700 1836 727 1865 δὲ
743 1838 767 1865 οἱ
781 1836 875 1865 πολλοὶ

62 1883 106 1911 ὑπὸ
140 1883 307 1922 Κλήμεντος.
333 1884 430 1913 Τούτου
451 1884 501 1923 γὰρ
539 1884 582 1911 καὶ
609 1882 687 1917 σώζει
708 1882 753 1910 τὸν
788 1892 874 1921 χαρα-

61 1938 148 1966 κτηρα.
165 1934 217 1959 Τοῦ
231 1928 259 1957 δὲ
274 1929 312 1967 μὴ
339 1928 498 1968 προγράφειν
513 1928 560 1962 τὴν
572 1925 733 1959 Ἐπιστολὴν
747 1929 873 1963 τοῦνομα,

63 1971 141 2001 αἴτιον
155 1974 172 2008 ἡ
196 1973 350 2004 ἀκολουθία.
382 1972 544 2004 Ἀπόστολος
580 1972 630 2011 γὰρ
660 1970 740 1999 ἐθνῶν
755 1970 876 2009 ὑπῆρχεν

64 2017 75 2043 ὁ
101 2017 212 2058 Παῦλος,
242 2017 303 2047 ἀλλ’
340 2018 401 2058 οὖχὶ
428 2016 570 2055 Ἰουδαίων,
601 2015 657 2044 imi
683 2014 768 2050 δεξιὰς
795 2013 876 2042 ἔδωκε

63 2065 96 2097 τῷ
110 2062 195 2102 Πέτρῳ
207 2063 252 2090 καὶ
274 2069 333 2094 τοῖς
362 2062 519 2094 ἀποστόλοις
556 2059 706 2095 κοινωνίας,
735 2058 782 2086 ’ίνα
798 2059 875 2089 αὐτὸς

65 2106 107 2142 μὲν
120 2107 164 2134 σὺν
179 2106 300 2147 Βαρνάϐᾳ
321 2107 358 2140 εἷς
385 2107 418 2134 τὰ
441 2106 508 2147 ἔίξνε,
537 2106 561 2134 οἱ
589 2103 616 2132 δὲ
643 2103 702 2142 περὶ
714 2103 759 2130 τὸν
780 2102 877 2142 Πέτρον

65 2151 96 2182 εἷς
114 2152 160 2185 τὴν
177 2145 352 2192 περιτουμήν.
373 2145 483 2185 Ἐπειδῆ
503 2150 530 2178 δὲ
558 2149 680 2178 κοινωνία
701 2148 731 2176 τὸ
746 2147 874 2192 κέρυγμα,

915 1621 981 1652 qna:
992 1617 1108 1652 sumpto
1127 1613 1268 1652 loquendi
1283 1614 1366 1645 initio
1377 1624 1395 1645 a
1408 1614 1549 1655 Domino,
1563 1614 1602 1645 ab
1627 1614 1674 1646 his
1689 1614 1740 1654 qui

915 1656 1070 1687 audierant
1085 1657 1115 1688 in
1145 1666 1199 1689 nos
1223 1659 1398 1690 conﬁrmata
1425 1659 1489 1697 fuit,
1507 1662 1663 1690 attestante
1678 1658 1739 1690 Deo

915 1700 1008 1739 signis
1022 1705 1051 1732 et
1079 1702 1222 1742 prodigiis
1237 1703 1272 1735 ‘2
1288 1716 1302 1731 »
1320 1703 1356 1734 Et
1375 1703 1495 1744 quidem
1524 1703 1681 1734 manifesta
1697 1707 1742 1734 est

916 1754 1004 1776 causa
1019 1755 1071 1776 cur
1087 1746 1177 1786 stylus
1203 1747 1291 1778 fuerit
1312 1747 1498 1779 immutatus.
1525 1749 1599 1780 Nam
1625 1747 1664 1779 ad
1679 1749 1740 1778 He-

917 1789 1012 1820 braeos
1026 1790 1146 1831 scripta,
1162 1792 1255 1832 patria
1276 1792 1408 1833 ipsorum
1427 1792 1540 1832 lingua,
1553 1792 1741 1833 postmodum

916 1843 1000 1865 versa
1015 1834 1134 1872 dicitur,
1146 1839 1178 1866 ut
1197 1836 1318 1877 quidam
1334 1837 1469 1868 sentiunt
1492 1846 1510 1867 a
1524 1837 1614 1875 Luca,
1627 1840 1660 1866 ut
1674 1835 1742 1876 ple-

916 1879 1017 1919 risque
1043 1884 1141 1911 autem
1171 1881 1288 1912 videtur
1312 1890 1329 1912 a
1353 1880 1506 1913 Clemente
1523 1890 1530 1912 :
1547 1880 1636 1920 hujus
1661 1879 1741 1911 enim

917 1923 1117 1955 characterem
1134 1925 1223 1956 etiam
1238 1929 1344 1956 servat.
1373 1925 1457 1962 Quod
1473 1929 1571 1957 autem
1585 1934 1671 1956 suum
1685 1933 1743 1954 no-

919 1977 987 1998 men
998 1977 1056 1998 non
1068 1969 1225 2009 pmﬁxerit
1234 1969 1374 2010 Epistolaa
1384 1970 1416 2001 in
1431 1971 1523 2001 causa
1537 1973 1582 2000 est
1596 1969 1670 2000 ordo
1684 1967 1741 1999 rei.

918 2011 1072 2052 Siquidem
1088 2013 1197 2045 Paulus
1220 2014 1354 2054 gentium
1380 2015 1532 2055 apostolus
1548 2017 1622 2054 erat,
1638 2016 1667 2043 et
1683 2021 1744 2043 non

918 2057 1099 2089 Iudaeorum.
1116 2057 1188 2088 Nam
1210 2058 1361 2090 societatis
1384 2059 1504 2090 dextras
1517 2058 1640 2089 dederat
1653 2058 1742 2088 Petro

919 2101 1092 2142 catterisque
1107 2102 1259 2142 apostolis,
1288 2106 1320 2134 ut
1343 2102 1408 2144 ipse
1432 2112 1499 2134 cum
1517 2101 1651 2134 Barnaba
1666 2100 1744 2132 inter

918 2149 1031 2185 gentes,
1050 2147 1154 2177 Petrus
1182 2155 1253 2178 vero
1278 2157 1345 2178 cum
1372 2148 1497 2188 reliquis
1513 2145 1743 2178 circumcisione

65 2189 312 2237 καὶκατηχηθὲντος
347 2197 470 2236 ὑπῆρχον
491 2196 514 2223 οἷ
529 2194 554 2227 ’ἐξ
575 2192 706 2223 Ἰωδαίων
741 2192 778 2223 ὡς
805 2191 873 2237 ἀπο-

952 2194 1110 2229 ngerentur
1125 2191 1332 2231 apostolatum.
1342 2191 1485 2228 Quoniam
1497 2195 1594 2222 autem
1616 2189 1744 2237 societas

67 2250 165 2268 στασιαν
188 2236 304 2269 διδάσκει
357 2239 472 2276 Παῦλος,
521 2239 629 2270 εἰκότως
677 2240 723 2265 τοῦ
752 2236 876 2275 γνωρίσαι

67 2284 136 2321 χάριν
159 2296 209 2318 την
245 2285 410 2325 συμφωνίαν,
447 2279 576 2323 Ἑϐραίοις
611 2279 779 2325 ἐπιστέλλειη
806 2279 876 2318 Γρά-

66 2320 137 2366 orn-.1
165 2328 191 2356 se
219 2320 287 2368 πρὸς
307 2320 432 2366 τούτους,
458 2320 616 2367 προγράφειν
658 2320 818 2353 Ἀπόστολον
842 2327 877 2368 ,οὗ

65 2370 140 2408 θέμις,
160 2367 338 2413 Μαρτυρεῖται
358 2371 386 2400 δὲ
401 2373 445 2401 καὶ
465 2372 491 2400 ἐν
526 2378 584 2404 τοῖς
614 2370 674 2403 ἑξῆς
695 2370 713 2404 ἡ
730 2367 876 2413 Ἐπιστολῆ

67 2411 209 2457 ὑπάρχουσα
238 2416 344 2446 Παύλου
365 2421 403 2454 τῷ
417 2417 536 2457 γράφειν,
559 2415 599 2444 ὅτι
628 2415 671 2443 καὶ
684 2420 743 2446 τοῖς
771 2411 876 2450 δεσμοις

68 2471 110 2495 μου
124 2462 332 2496 σδνεπαθήσατε.
352 2473 366 2489 ι
384 2463 431 2490 Καὶ
446 2461 476 2489 ἐκ
503 2464 550 2489 τοῦ
577 2459 676 2498 λέγειν,
692 2457 877 2497 Περισσότερον

69 2503 163 2544 artaci):
175 2506 222 2534 ’ἱνα
238 2506 336 2545 τάχιον
370 2506 580 2534 ἀποκατασταθῶ
599 2505 663 2541 ὑμῖν
679 2512 693 2532 ι
725 2502 769 2530 καὶ
782 2501 812 2529 ὲκ
832 2504 878 2529 τοῦ

69 2547 144 2587 λέγειν
161 2573 167 2579 .
201 2561 212 2578 ι
229 2550 376 2578 Γινώσκετε
390 2551 435 2578 τὸν
448 2549 559 2589 ἀδελφὸν
580 2549 653 2586 ὑμῶν
670 2547 796 2584 Τιμόθεον
812 2545 878 2574 ἀπο-

69 2591 207 2632 λελυμένον,
224 2593 284 2633 μεθ’
295 2596 336 2632 οὗ,
353 2595 396 2623 ἐὰν
410 2595 506 2634 τάχιον
521 2593 646 2633 ἔρχηται,
661 2591 761 2630 ὂψομαι
775 2591 874 2627 ὑμᾶς.»

72 2637 146 2670 Οὖδεὶς
167 2639 216 2679 γὰρ
242 2639 274 2667 ἂν
303 2641 380 2676 οἶμαι
414 2638 543 2667 ἀπέλυσεν
580 2638 616 2668 είς
641 2635 770 2664 διακονίαν
784 2634 876 2679 ’Τιμό-

71 2681 129 2722 θεον,
150 2677 178 2711 εἶν
258 2682 372 2716 Παῦλος,
397 2684 446 2712 Καὶ
471 2687 563 2712 τοῦτον
588 2681 685 2721 τάχιον
713 2677 874 2719 προσδοκῶν,

72 2725 181 2759 ῖῆδὶδίιν
202 2730 306 2765 αὐτοῖς,
329 2729 366 2760 ὡς
394 2727 451 2759 ἔθος
480 2725 619 2766 πολλαχοῦ
653 2725 698 2753 σὺν
714 2723 784 2761 αὒτῷ
805 2733 874 2762 παρ-

107 2814 116 2835 ¹
130 2813 217 2847 Hebr.
233 2824 267 2854 ιι,
281 2815 313 2848 ὅ.

918 2239 981 2266 erat
993 2235 1022 2266 in
1036 2235 1254 2276 praedicatione,
1276 2240 1305 2267 et
1328 2237 1422 2268 δυᾱωί
1438 2236 1598 2268 audierant
1613 2234 1738 2266 Paulum

918 2278 1131 2310 discessionem
1141 2280 1250 2311 docere
1259 2280 1358 2322 aliquo
1369 2281 1457 2312 modo
1466 2291 1483 2312 a
1494 2281 1571 2320 lege,
1581 2279 1689 2311 merito
1704 2278 1742 2309 ad

918 2321 1059 2354 Hebraeos
1074 2324 1179 2355 scribit
1205 2321 1379 2366 Epistolam,
1403 2329 1435 2356 ut
1460 2325 1596 2356 ostendat
1612 2331 1742 2355 consen-

918 2376 982 2398 sum
1000 2368 1218 2408 prmdicationis
1237 2379 1244 2401 :
1261 2379 1328 2400 cum
1344 2373 1443 2401 autem
1460 2369 1496 2401 ad
1513 2378 1566 2400 eos
1581 2367 1740 2405 scriberet,

919 2413 1086 2444 consultum
1103 2423 1161 2444 non
1178 2418 1240 2444 erat
1255 2418 1287 2444 ut
1301 2423 1334 2445 se
1348 2415 1379 2445 in
1395 2414 1478 2445 initio
1491 2413 1606 2444 diceret
1619 2412 1743 2452 Aposto-

919 2457 991 2488 lum.
1008 2457 1144 2488 Testatur
1167 2461 1265 2488 autem
1292 2457 1322 2488 in
1337 2458 1530 2499 sequentibus
1546 2457 1610 2498 ipsa
1623 2464 1743 2497 quoque

919 2501 1049 2541 Epistola
1059 2503 1129 2532 5ιό
1140 2501 1219 2542 quod
1230 2502 1311 2533 Pauli
1325 2503 1412 2543 sit,ex
1421 2512 1456 2534 eo
1463 2501 1542 2544 quod
1553 2501 1635 2533 dicit:
1645 2499 1741 2531 Etiam

918 2546 1123 2584 afflictionum,
1151 2555 1216 2587 qua:
1230 2556 1265 2577 ex
1288 2546 1412 2578 vinculis
1442 2546 1518 2578 meis
1541 2546 1742 2594 contigerunt,

919 2591 1077 2631 participes
1091 2591 1200 2622 fuistis.
1217 2590 1252 2621 Et
1262 2600 1327 2622 cum
1340 2591 1411 2623 dicit
1425 2601 1432 2622 :
1446 2603 1457 2620 α
1475 2591 1566 2631 Magis
1578 2590 1744 2631 precemini

918 2643 976 2676 quo
991 2635 1120 2666 celerius
1130 2635 1270 2666 restituar
1284 2635 1387 2675 vobis;
1408 2648 1419 2665 ο
1438 2639 1583 2677 praeterea
1595 2643 1662 2666 cum
1679 2633 1718 2664 ait
1732 2642 1739 2663 :

921 2680 1025 2711 «Scitis
1033 2679 1151 2710 fratrem
1160 2683 1290 2710 nostrum
1299 2679 1487 2712 Timotheum
1501 2679 1741 2718 dimissum,cum

917 2723 1017 2765 quo,si
1024 2724 1152 2755 celerius
1160 2723 1395 2763 venerit,videbo
1402 2723 1580 2757 vasa-Nemo
1587 2722 1742 2762 enirnpraa-
