1936 3080
214 83 271 118 267

781 84 986 118 (ECUMENII
1006 84 1154 118 ΤΒῙοοΕ
1174 83 1342 116 EPISCOPI

1838 78 1913 113 268

216 152 295 192 quod
310 151 447 184 dominer
461 150 526 193 tibi,
542 151 594 183 sed
610 154 729 192 propter
744 150 918 182 charitatem
937 160 996 191 qua
1006 160 1023 182 e

1117 149 1281 179 ιᾶπιτάσσω
1309 147 1346 178 δέ.
1382 148 1412 177 Ei
1439 148 1483 176 καὶ
1511 148 1644 188 φαίνωμαι
1673 147 1820 176 ἐπιτάσσειν
1860 157 1910 174 σοι

216 201 247 227 te
262 196 353 236 diligo
367 200 396 227 et
411 205 429 227 a
443 200 471 227 te
487 195 605 236 diligor,
622 195 780 235 injungere
795 194 916 235 quidem
927 195 1040 233 videor,

215 250 319 272 verum
331 250 390 272 non
400 239 611 280 injungo.Narn
619 243 649 270 et
659 238 684 270 si
695 239 797 270 videor
805 239 960 279 injungere
971 248 1040 279 pro-

216 289 282 325 pter
298 285 484 323 charitatem,
501 293 560 314 non
590 289 689 314 tamen
713 283 848 324 injungo,
875 284 927 314 sed
944 285 1040 324 potius

215 338 286 369 rogo
301 340 307 360 :
320 329 405 366 adeo,
413 327 518 368 inquit,
528 337 592 358 rem
602 327 770 366 magniﬁco.
788 337 802 357 ι
812 329 884 359 Cum
895 327 961 359 talis
971 327 1038 368 sim,

215 382 326 413 nempe
339 373 446 403 Paulus
461 381 563 404 senex.
582 384 596 400 π
611 371 692 411 Rogo
706 381 772 403 cum
784 372 851 403 talis
864 372 932 408 sim,
944 372 1040 412 qualis

215 416 494 456 deberetquispiam
504 425 571 447 esse
581 416 617 447 ad
625 415 874 456 persuadendum.
881 416 1036 448 «Paulus;

215 460 361 492 Sufﬁcere
373 464 470 491 autem
485 460 610 492 deberet
623 461 678 491 hoc
694 461 790 491 solum
806 461 843 492 ad
858 460 1040 501 persuaden-

215 503 299 536 dum.
318 516 330 533 α
349 504 446 536 Senex
474 505 590 535 vinctus
613 514 666 544 pro
683 504 812 537 Christo.
831 517 845 533 ιι
863 504 955 536 Vides
969 509 1040 545 quot

214 548 274 580 sint
287 548 324 580 ad
339 548 579 589 persuadendum
596 549 793 580 occasiones?

214 643 444 676 Commendatio
459 644 599 676 Onesimi
613 645 736 683 fugitivi
749 646 840 681 servi,
855 648 882 675 et
897 643 1039 675 admoni—

254 653 444 676 nnmenaano
459 653 599 676 unestmt
613 653 645 683 Ῑιι
667 653 736 675 ιηυι
749 653 840 681 servi,
855 653 882 675 ei
897 653 997 675 aamm

254 685 298 716 tio
309 694 367 726 pro
377 685 443 725 ipso
455 685 508 725 qui
516 684 619 716 salvus
637 653 738 724 ﬂictus
753 688 818 716 erat
831 693 888 724 per
891 684 997 724 fidem.

253 735 342 765 Vers.
366 734 463 766 10-14.
494 734 576 773 Rogo
598 737 696 764 autem
721 743 781 774 pro
795 734 859 774 ﬁlio
872 742 938 764 meo
950 742 1041 773 quem

212 780 307 820 genui
320 779 354 810 in
380 777 513 809 vinculis
540 779 616 809 meis
645 777 798 816 Onesimo,
815 778 1039 818 quondamtibi

213 824 332 861 inutili,
348 832 430 854 nunc
444 831 515 854 vero
530 823 587 854 tibi
600 826 629 853 ei
644 822 720 854 mihi
734 822 872 863 perutiii,
886 831 972 862 quem
987 831 1037 854 re-

212 869 295 900 misi.
314 867 360 899 Tu
383 868 487 898 autem
513 875 592 904 eum,
617 866 670 898 hoc
684 871 741 904 cet,
757 876 825 898 mea
840 868 954 898 viscera
967 876 1039 898 sus‘

212 914 297 953 cipe:
313 920 404 951 quem
417 920 471 952 ego
497 911 655 952 cupiebam
670 911 755 951 apud
770 920 817 942 me
831 911 977 948 retinere,
1004 916 1038 943 ut

209 965 267 997 pro
281 960 310 988 te
330 956 522 987 ministraret
538 955 613 986 mihi
635 958 669 986 in
692 955 825 987 vinculis
848 955 1033 996 Evangelii:

212 1001 265 1032 sed
278 1000 392 1040 absque
406 1004 459 1031 tua
483 1001 632 1030 sententia
658 999 738 1031 nihil
764 999 849 1030 volui
868 1000 982 1038 facere,
999 1008 1037 1031 ne

212 1045 296 1076 velut
309 1053 347 1076 ea:
361 1047 536 1076 necessitate
552 1044 663 1076 bonum
679 1047 764 1076 tuum
787 1046 871 1084 esset,
885 1043 938 1075 sed
948 1053 1038 1084 spon-

212 1093 344 1122 taneum.

252 1183 335 1210 807
350 1178 450 1210 Placet
465 1181 495 1209 et
509 1177 623 1219 mitigat
637 1177 855 1214 Philemonem.
865 1177 1036 1209 collaudans

210 1233 329 1256 servum
344 1223 529 1269 Onesimum,
542 1223 674 1254 vocando
687 1223 793 1269 tilium,
804 1222 881 1269 quia
885 1227 913 1253 et
923 1222 1033 1269 ipsum,

209 1269 317 1310 inquit,
333 1268 488 1309 baptizavi.
504 1267 577 1299 Nam
593 1269 651 1299 hoc
674 1268 821 1308 signiﬁcat
837 1277 844 1299 ε
862 1267 956 1299 Genui
968 1267 1035 1298 cum

211 1323 308 1344 essem
325 1313 355 1344 in
369 1312 507 1344 vinculis.
520 1313 573 1344 His
588 1313 677 1353 igitur
697 1313 800 1344 sedata
813 1312 908 1352 ipsius
925 1312 978 1352 ira,
996 1312 1036 1343 ita

209 1366 320 1389 nomen
326 1357 510 1398 exprimens,
519 1356 674 1396 Onesimo,
685 1356 969 1397 inquit.¢Quondam
982 1356 1035 1388 tibi

210 1401 319 1432 inutili.
336 1412 352 1432 )
370 1400 433 1432 Scit
447 1402 528 1432 enim
543 1401 626 1432 illum
637 1402 688 1442 qui
699 1401 858 1432 confitetur
868 1405 1031 1442 peccatum,

208 1446 284 1477 iram
301 1445 416 1476 domini
445 1445 647 1486 exstinguere.
680 1446 750 1477 Ideo
778 1445 901 1476 subdit:
923 1458 934 1473 «ι
952 1445 1034 1476 Nunc

207 1499 278 1521 vero
295 1490 349 1521 tibi
364 1493 393 1521 et
407 1490 480 1521 mihi
495 1490 626 1530 perutili.
641 1502 655 1519 ι
673 1489 705 1522 Si
721 1490 814 1522 Paulo
829 1490 963 1530 perutilis
971 1494 1035 1521 erat

207 1535 260 1575 qui
271 1538 351 1565 tanta
361 1534 515 1573 diligentia
525 1534 690 1574 expetebat,
700 1534 888 1565 manifestum
899 1538 944 1565 est
954 1534 1032 1574 quod

207 1577 296 1609 etiam
310 1578 488 1609 Philemoni.
510 1589 522 1607 ιι
540 1578 635 1614 Quem
648 1578 751 1609 remisi
764 1587 771 1609 :
785 1588 798 1608 ι
816 1578 955 1619 utipsum
969 1577 1030 1609 Do-

206 1622 288 1652 mino
303 1622 454 1660 redderet,
467 1622 561 1660 magis
571 1626 669 1653 autem
679 1627 712 1652 ut
726 1622 801 1653 iram
817 1623 1028 1661 exstingueret.

208 1677 222 1693 α
241 1665 303 1697 Hoc
318 1670 363 1696 est
377 1675 444 1696 mea
454 1665 581 1697 viscera.
591 1678 605 1694 »
617 1666 693 1702 Quid
704 1670 802 1696 autem
811 1666 878 1697 dico
889 1671 921 1697 ut
931 1666 1028 1707 ipsum

205 1709 350 1750 suscipias
362 1709 374 1740 ’ἔ
384 1710 463 1740 hunc
474 1710 640 1750 suscipiens
651 1719 718 1741 mea
728 1710 841 1741 viscera
850 1710 1027 1751 Suscipiens.

203 1754 299 1792 Adeo,
311 1753 418 1794 inquit,
433 1763 501 1785 eum
511 1754 613 1794 diligo,
627 1758 657 1785 ut
670 1763 738 1785 mea
747 1754 893 1795 appellem
903 1754 1028 1787 viscera.

205 1797 291 1834 Quod
299 1799 470 1838 autem,ait,
485 1797 621 1839 Suscipe,
633 1799 690 1829 hoc
710 1802 766 1840 est,
778 1808 844 1829 tum
860 1808 962 1830 amore
975 1808 1027 1830 ac-

203 1845 280 1884 cipe.
301 1855 313 1871 «
333 1842 370 1874 Ut
386 1852 439 1883 pro
452 1847 481 1874 te
494 1843 676 1875 ministraret
690 1843 776 1874 mihi.
795 1856 808 1873 ι
827 1843 932 1874 Viden’
949 1843 1029 1884 quod

202 1888 343 1928 paulatim
359 1887 457 1928 ipsum
472 1887 509 1918 ad
530 1887 650 1918 Domini
666 1887 763 1919 locum
780 1887 976 1929 produxerit?
990 1888 1031 1919 ait

202 1932 281 1962 enim
300 1942 308 1964 :
324 1931 362 1963 Ut
377 1941 430 1972 pro
447 1936 477 1963 te
505 1932 699 1963 ministraret.
717 1932 771 1963 Hic
785 1937 882 1964 autem
899 1933 1030 1964 ostendit

203 1976 283 2017 quod
296 1976 417 2008 Domini
441 1976 541 2016 potius
556 1976 657 2017 cupiat
670 1977 839 2008 utilitatem.
858 1976 930 2008 Nam
945 1977 970 2008 si
985 1981 1028 2015 tu,

200 2021 308 2062 inquit,
320 2020 414 2052 debes
428 2021 612 2060 ministrare,
630 2021 679 2052 hic
693 2025 791 2053 autem
807 2031 860 2062 pro
877 2027 905 2053 te
919 2022 977 2053 hoc
991 2022 1031 2053 fa-

199 2066 251 2103 cit,
268 2066 370 2106 utique
384 2065 416 2096 in
432 2069 511 2096 tuam
524 2069 571 2096 est
581 2065 737 2097 utilitatem
750 2067 828 2106 quod
840 2066 945 2106 agitur.
966 2077 977 2095 α
995 2066 1028 2097 In

1083 193 1115 222 δι’
1140 194 1260 233 ἀγάπην,
1290 195 1336 223 οὐκ
1365 192 1512 231 ἐπιτάσσω,
1547 192 1695 232 παρακαλῶ
1729 191 1756 220 δὲ
1787 191 1916 230 μᾶλλον.

1083 239 1168 278 Οὕτω,
1191 239 1266 278 φησὶ,
1289 239 1347 276 περὶ
1361 237 1463 267 πολλοῦ
1476 238 1507 266 τὸ
1521 240 1632 277 πρᾶγμα
1653 240 1792 275 ποιοῦμαι.
1808 240 1918 265 Τοιοῦ-

1081 294 1125 316 τος
1141 283 1189 320 ὢν,
1206 284 1243 315 ὡς
1258 282 1360 314 Παῦλος
1385 280 1546 322 πρεσϐύτης.
1576 281 1726 322 Παρακαλῶ
1758 280 1796 319 δὲ,
1812 284 1918 309 τοιοῦ-

1080 328 1124 360 τός
1146 337 1185 358 τις
1201 327 1341 367 ὑπάρχων,
1357 326 1416 355 οἷόν
1436 338 1485 367 ,τις
1509 325 1621 366 ὤφειλεν
1646 327 1730 366 εἶναι,
1745 326 1820 366 φησὶ,
1837 325 1917 364 πρὸς

1079 373 1110 400 τὸ
1124 378 1227 401 πεῖσαι.
1259 366 1374 403 Παῦλος.
1391 383 1405 399 in
1435 366 1532 410 ’Ἡρκει
1562 370 1589 398 δὲ
1618 372 1681 399 aii-:6
1716 372 1792 399 τοῦτο
1820 370 1916 408 μόνον

1080 416 1145 456 πρὸς
1159 416 1189 443 τὸ
1211 422 1315 453 πεῖσαι,
1335 424 1350 444 (
1371 413 1522 456 Πρεσϐύτης
1537 414 1643 454 δέσμιος
1665 415 1729 454 ὑπὲρ
1745 418 1877 453 Χριστοῦ.
1894 427 1910 442 ι

1083 455 1158 499 Ὀρᾷς
1181 460 1244 499 πρὸς
1266 460 1297 488 τὸ
1311 466 1404 488 πεῖσαι
1416 459 1550 500 ἀφορμαί;

1395 603 1522 631 ΚΕΦΑΛ.
1547 595 1588 630 n'.

1082 656 1096 672 ι
1129 645 1256 677 Σύστασις
1292 643 1434 681 Ὀνησίμου
1462 644 1576 685 φυγάδος
1605 644 1717 682 οἰκέτου,
1739 644 1783 673 καὶ
1811 643 1913 682 παρά-

1170 684 1264 718 κλησις
1280 684 1344 724 ὑπὲρ
1359 685 1437 713 αὺτοῦ
1450 684 1577 717 σωθέντος
1598 684 1640 713 διὰ
1652 686 1777 715 πίστεως.
1796 696 1810 712 ι

1123 744 1138 762 ι
1160 733 1308 773 Παρακαλῶ
1322 744 1349 766 ςε
1371 734 1430 773 περὶ
1451 738 1497 763 τοῦ
1512 734 1576 770 ἐμοῦ
1590 734 1693 773 τέκνου,
1728 734 1742 762 ὃ
1771 733 1912 772 ἐγέννησα

1080 777 1106 805 ἐν
1147 785 1206 810 τοῖς
1247 777 1355 816 δεσμοῖς
1396 790 1446 816 μου
1490 779 1646 818 Ὀνήσιμον,
1674 778 1720 806 τόν
1762 778 1831 806 ποτὲ
1866 788 1909 805 σοι

1079 820 1225 862 ἄχρηστον,
1264 823 1318 851 νυνὶ
1344 821 1372 850 δέ
1400 833 1440 851 σοι
1482 824 1525 851 καὶ
1557 823 1616 861 ἐμοὶ
1658 822 1818 863 εὔχρηστον,
1878 822 1908 849 ὃν

1078 867 1229 905 ἀνέπεμψα.
1257 868 1293 895 Σὺ
1321 866 1348 895 δὲ
1376 868 1465 905 αὐτὸν,
1494 867 1623 905 τουτέστι,
1654 868 1688 895 τα
1712 867 1764 905 ἐμὲ
1792 866 1909 905 σπλάγ-

1079 922 1143 951 χνα,
1172 910 1333 951 προσλαϐοῦ,
1372 912 1401 940 ὂν
1439 911 1493 950 ἐγὼ
1533 910 1680 950 ἐϐουλόμην
1713 912 1777 951 πρὸς
1813 910 1907 949 ἐμαυ-

1078 956 1123 983 τὸν
1150 955 1287 996 κατέχειν,
1314 955 1361 984 ἵνα
1387 956 1451 995 ὑπὲρ
1494 961 1541 985 σοῦ
1575 955 1684 995 διακονῇ
1712 967 1757 994 μοι
1786 955 1814 983 ἐν
1846 962 1908 986 τοῖς

1078 999 1187 1038 δεσμοῖς
1228 1005 1274 1030 τοῦ
1309 999 1479 1040 Εὖαγγελίου.
1525 1001 1610 1039 Χωρὶς
1658 999 1685 1029 δὲ
1734 1003 1783 1034 σῆς
1828 1000 1906 1039 γνώ-

1077 1055 1132 1082 μης
1179 1043 1251 1073 οῦδὲν
1295 1043 1414 1079 ἠθέλησα
1455 1047 1579 1086 ποιῆσαι,
1613 1045 1660 1073 ἵνα
1701 1045 1741 1084 μὴ
1769 1046 1806 1077 ὡς
1836 1044 1909 1073 κατὰ

1077 1088 1194 1128 ἀνάγκην
1242 1090 1273 1117 τὸ
1301 1089 1398 1128 ἂγαθόν
1441 1100 1487 1118 σου
1515 1090 1545 1128 ᾗ,
1596 1088 1665 1118 ἀλλά
1706 1089 1774 1118 κατᾶ
1831 1088 1908 1117 ἐκού-

1076 1143 1147 1162 σιον.

1120 1176 1338 1217 Προκαταλεαίνει
1373 1179 1420 1206 τὸν
1460 1177 1611 1219 Φιλήμονα,
1649 1178 1825 1219 ἐγκωμιάζων
1856 1178 1902 1205 τὸν

1079 1221 1182 1255 οἰκέτην
1209 1221 1300 1250 τέκνον
1327 1221 1426 1259 καλῶν,
1455 1221 1496 1250 ὅτι
1525 1223 1568 1251 καὶ
1591 1223 1679 1263 αἰπὺν,
1710 1223 1801 1262 φησὶν,
1836 1221 1901 1251 ἐϐά-

1077 1276 1182 1295 πτιστα.
1200 1269 1281 1294 Τοῦτο
1291 1266 1340 1306 γὰρ
1355 1267 1397 1304 τὸ,
1411 1266 1555 1305 Ἐγέννησα
1577 1266 1604 1295 ἐν
1618 1274 1677 1299 τοῖς
1691 1266 1801 1304 δεσμοῖς
1817 1267 1901 1305 ὑπάρ-

1076 1321 1147 1350 χων.
1182 1311 1230 1338 Διά
1269 1311 1368 1339 τούτων
1403 1312 1446 1340 οὖν
1475 1311 1698 1350 προκαταπείλας
1725 1312 1771 1339 τὸν
1816 1312 1898 1348 θυμὸν

1076 1354 1165 1392 αὑτοῦ,
1179 1354 1261 1387 οὕτως
1281 1354 1430 1393 ἒξονομάζει
1449 1356 1480 1384 τὸ
1502 1355 1585 1394 ὄνομα
1598 1365 1607 1374 ·
1631 1357 1786 1394 Ὀνήσιμον,
1805 1356 1898 1396 φήσίν,

1078 1410 1092 1425 α
1108 1399 1159 1427 Τόν
1174 1399 1237 1427 ποτὲ
1251 1410 1292 1427 σοι
1307 1398 1453 1439 ἄχρηστον.
1470 1411 1484 1427 ι
1508 1399 1572 1429 Οῖδε
1603 1401 1653 1440 γὰρ
1680 1399 1898 1439 ὁμολογούμενον

1075 1442 1105 1470 τὸ
1141 1442 1298 1484 ἁμάρτημα,
1328 1442 1458 1472 σϐεννύειν
1488 1445 1533 1472 τὸν
1571 1446 1652 1482 θυμὸν
1681 1448 1726 1473 τοῦ
1755 1444 1895 1474 δεσπότου.

1043 1478 1063 1503 C
1077 1498 1092 1514 α
1109 1478 1170 1516 Νυνῖ
1191 1478 1218 1515 δὲ
1233 1478 1273 1516 σοι
1287 1478 1332 1516 καὶ
1346 1488 1403 1526 ἐμοὶ
1425 1488 1583 1529 εὔχρηστος,
1603 1478 1622 1517 In
1642 1490 1669 1518 Εἰ
1686 1488 1782 1526 Παύλῳ
1793 1489 1895 1529 εὔχρη-

1073 1542 1135 1563 στος
1150 1532 1280 1572 τοσαύτην
1307 1531 1440 1572 ἀκρίϐειαν
1465 1533 1630 1571 ἀπαιτοῦντι,
1655 1533 1777 1568 δηλονότι
1794 1535 1840 1562 καὶ
1861 1536 1896 1570 τῷ

1073 1575 1215 1614 Φιλήμονι,
1236 1588 1250 1604 ι
1265 1569 1311 1606 ηΟν
1332 1577 1481 1616 ἀνέπεμψα,
1508 1589 1520 1608 ι
1550 1582 1594 1616 Τῷ
1621 1577 1782 1618 παραδοῦναι
1818 1579 1892 1607 αὐτὸν

1071 1623 1109 1657 τῷ
1139 1621 1273 1661 Δεσπότῃ,
1309 1620 1410 1659 μᾶλλον
1437 1623 1482 1651 τὸν
1503 1623 1583 1661 Ουμὸν
1607 1621 1723 1654 ἔσϐεσεν.
1753 1622 1889 1658 Τουτέστι,

1071 1665 1103 1692 τὰ
1138 1664 1189 1702 ἐμὰ
1222 1664 1376 1705 σπλάγχνα.
1393 1678 1408 1694 ιι
1440 1667 1470 1695 Τί
1496 1666 1567 1706 λέγω
1597 1667 1673 1696 αὐτόν
1713 1666 1887 1707 προσλαϐοὖ;

1071 1708 1166 1737 Τοῦτον
1194 1708 1474 1748 προσλαμϐανόμενος,
1502 1712 1534 1739 τὰ
1559 1711 1610 1748 ἐμὰ
1638 1711 1782 1752 σπλάγχνα
1806 1722 1889 1752 προσ-

1069 1752 1156 1791 λήψῃ.
1175 1753 1262 1787 Οὕτως
1282 1754 1359 1782 αὺτὸν
1389 1755 1496 1796 ἀγαπῶ,
1525 1757 1614 1796 φησὶν,
1645 1758 1681 1788 ὡς
1710 1758 1754 1785 καὶ
1783 1756 1888 1795 σπλάγ-

1070 1809 1122 1838 χνκ
1151 1797 1256 1841 καλεῖν.
1287 1799 1322 1828 Τὸ
1350 1797 1389 1839 δὲ,
1418 1799 1578 1840 προσλαϐοῦ,
1603 1801 1662 1829 οἷον
1687 1801 1753 1839 μετὰ
1783 1801 1888 1841 ἀγάπης

1069 1841 1150 1875 δέξαι.
1177 1854 1188 1871 ι
1225 1838 1287 1872 υινα
1314 1844 1378 1878 ὑπὲρ
1405 1848 1452 1872 σοῦ
1473 1844 1580 1884 διακονῇ
1607 1857 1663 1883 μοι.
1694 1857 1704 1873 ι
1738 1841 1818 1884 (Ορᾷς
1852 1844 1888 1872 ὅτι

1069 1887 1136 1915 κατὰ
1151 1888 1245 1929 μικρὸν
1267 1888 1304 1920 εἰς
1335 1889 1382 1916 τὸν
1407 1889 1488 1918 τόπον
1516 1890 1593 1918 αὐτὸν
1615 1889 1700 1929 ἤγαγε
1727 1895 1774 1919 τοῦ
1795 1889 1888 1918 δεσπό-

1069 1941 1129 1972 του;
1149 1926 1211 1960 Ἵνα
1225 1933 1287 1973 γὰρ,
1302 1934 1377 1974 φησὶ,
1393 1933 1457 1974 ὑπὲρ
1485 1937 1532 1962 σοῦ
1555 1945 1600 1972 μοι
1628 1926 1748 1973 διακονῇ,
1765 1934 1888 1964 Ἐνταῦθα

1070 1975 1097 2004 δὲ
1131 1975 1256 2005 δείκνυσιν
1291 1977 1332 2006 ὅτι
1359 1981 1398 2015 τῷ
1437 1979 1559 2017 Δεσπότῃ
1607 1979 1737 2020 συμφέρον
1767 1979 1886 2018 βούλεται

1071 2020 1184 2059 μᾶλλον,
1200 2022 1229 2050 Ei
1244 2022 1293 2062 γὰρ
1308 2023 1350 2060 σὺ,
1373 2024 1449 2063 φησὶ,
1471 2027 1620 2064 χρεῶστετς
1649 2023 1795 2062 διακονεῖν,
1819 2025 1887 2053 οὗτος
1906 2038 1907 2042 π

1069 2064 1095 2093 δὲ
1110 2065 1167 2094 ἀντὶ
1187 2069 1233 2095 σοῦ
1254 2070 1331 2095 τοῦτο
1355 2074 1441 2105 ποιεῖ,
1477 2069 1523 2096 σὸν
1551 2067 1644 2109 ὄφελος
1671 2070 1702 2097 τὸ
1737 2070 1883 2108 γινόμενον.

198 2110 325 2141 vinculis
340 2110 502 2149 Evangelii.
515 2122 527 2139 ι)
549 2109 582 2141 In
593 2109 719 2141 vinculis
729 2119 794 2151 qua),
802 2119 856 2151 pro
868 2111 1024 2151 Evangelia

1117 2110 1161 2138 Ἐν
1195 2117 1253 2143 τοῖς
1285 2110 1406 2150 δεσμοῖς.
1422 2117 1468 2142 τοῦ
1491 2113 1661 2154 Εὐαγγελίου.
1678 2113 1723 2143 Ἐν
1745 2121 1806 2146 τοῖς
1825 2112 1882 2150 ὖπέρ

197 2154 330 2194 perfero.
345 2166 357 2184 ι
373 2154 433 2186 Sed
444 2155 557 2195 absque
569 2159 619 2186 tua
630 2155 788 2186 sententia.
800 2165 816 2185 ›
828 2155 890 2186 Hoc
899 2156 1026 2187 maxime

198 2199 298 2239 ipsum
310 2199 494 2237 emolliebat,
507 2199 584 2239 quod
597 2208 661 2230 rem
672 2199 746 2231 adeo
759 2199 815 2230 sibi
826 2200 1024 2230 necessariam

197 2243 312 2284 absque
328 2243 393 2284 ejus
408 2244 557 2274 sententia
587 2253 647 2274 non
673 2243 789 2276 fecerit.
809 2256 823 2272 ε
839 2245 882 2274 Ne
897 2245 974 2275 velut
989 2253 1024 2275 ex

197 2287 390 2320 necessitate.
397 2299 410 2316 υ
422 2287 488 2318 Non
497 2287 574 2318 dixit
581 2287 755 2328 simpliciter
766 2299 772 2317 :
783 2289 826 2320 Ex
835 2288 1021 2327 necessitate,

196 2334 263 2370 sed,
279 2332 368 2364 Velut
382 2341 418 2364 ex
433 2332 623 2364 necessitate.
639 2332 767 2364 Perinde
781 2341 816 2364 ac
844 2332 869 2363 si
885 2333 999 2364 diceret
1014 2341 1022 2364 :

195 2376 340 2409 Noveram
357 2377 438 2418 quod
455 2377 481 2408 si
495 2377 586 2408 etiam
615 2381 724 2418 praeter
748 2382 825 2409 tuam
845 2377 1022 2408 sententiam

193 2422 293 2462 ipsum
309 2424 484 2460 retinerem,
501 2431 690 2463 nequaquam
705 2426 733 2453 te
745 2422 964 2453 contristarem:
977 2425 1024 2452 at-

195 2471 296 2498 tamen
308 2476 347 2498 ne
361 2466 511 2498 videretur
523 2466 607 2507 quasi
618 2476 653 2498 ex
664 2467 841 2498 necessitate
853 2467 930 2505 ﬁeri,
941 2466 1024 2498 nolui

194 2510 306 2542 facere.

234 2556 319 2588 Vers.
335 2555 525 2587 15-20.Nam
531 2559 690 2597 propterea
704 2556 840 2596 forsitan
856 2556 973 2587 seCessit
984 2555 1023 2587 ad

192 2599 1022 2641 horam,utwternumeumreciperes,nanjamutservum,

191 2646 346 2686 sedsupra
353 2645 722 2685 servum,nempefratrem
728 2646 1024 2686 dilectum,mawime

192 2689 401 2731 mihiquanto
409 2693 513 2721 autem
523 2691 621 2730 magis
636 2690 691 2721 tibi
701 2694 728 2720 et
738 2690 771 2721 in
779 2698 871 2721 carne
877 2693 907 2720 et
917 2692 951 2721 in
959 2690 1023 2721 Do-

194 2734 336 2768 minOYSi
349 2736 449 2775 igitur
464 2742 512 2766 me
524 2734 615 2766 habes
622 2737 801 2773 consortem,
811 2734 926 2775 suscipe
934 2734 1024 2766 illum

1066 2158 1113 2183 τοῦ
1135 2155 1293 2196 Εὖαγγελίου
1308 2155 1427 2195 δεσμοῖς.
1448 2169 1462 2186 α
1486 2159 1570 2198 Χωρὶς
1603 2157 1631 2187 δὲ
1656 2159 1707 2192 τῆς
1735 2161 1787 2192 σῆς
1816 2158 1882 2198 γνώ-

1067 2211 1133 2237 μης.
1152 2211 1164 2228 ι
1195 2204 1278 2229 Τοῦτο
1297 2201 1414 2239 μάλιστα
1439 2203 1517 2231 αὐτὸν
1555 2203 1680 2244 ἐχαύνου,
1711 2203 1751 2232 ὅτι
1779 2206 1880 2244 πρᾶγμαι
1901 2232 1902 2239 η

1066 2243 1148 2276 οὕτως
1175 2244 1323 2284 ἀναγκαῖον
1352 2248 1433 2286 αὐτῷ,
1474 2247 1546 2287 παρὰ
1571 2243 1690 2287 γνώμην
1729 2248 1808 2276 αὒνοῦ
1841 2247 1901 2279 οὔκ,

1065 2289 1200 2323 εποίησεν.
1220 2301 1231 2317 ι
1272 2285 1333 2318 Ἵνα
1361 2291 1400 2328 μὴ
1422 2285 1457 2324 ὥς
1471 2285 1682 2332 κατέὰβνάγκην,
1707 2304 1722 2320 ι
1739 2293 1794 2321 Οὖκ
1813 2292 1877 2326 εἶπε,
1897 2310 1900 2319 γι

1067 2334 1141 2361 Κατὰ
1169 2333 1300 2377 ἀνάγκην,
1343 2334 1415 2372 ἀλλ’,
1463 2331 1509 2368 Ὠς
1538 2337 1606 2365 κατὰ
1633 2337 1753 2377 ἀνάγκην
1769 2345 1777 2352 ⁸
1804 2337 1838 2367 ὡς
1862 2336 1899 2364 εἰ]

1066 2377 1142 2406 εἶπεν
1160 2387 1167 2395 ⁸
1201 2372 1300 2413 ’ᾘδευὶ
1322 2377 1362 2407 ὅτι
1387 2380 1431 2408 καὶ
1452 2380 1523 2419 παρὰ
1543 2381 1654 2420 γνώμην
1685 2372 1732 2410 σου
1761 2381 1898 2420 κατάχων]

1066 2423 1152 2460 αὑτὸν,
1169 2423 1217 2451 οὒκ
1238 2422 1347 2453 ἐλύπουν
1367 2434 1408 2454 σε,
1431 2423 1508 2452 Ἀλλ’
1537 2425 1583 2453 ἵνα
1610 2425 1650 2463 μὴ
1680 2425 1742 2465 δόξῃ
1763 2427 1801 2458 ὡς
1821 2422 1878 2452 κατᾶ

1065 2466 1184 2506 ἀνάγκην
1199 2467 1326 2509 γίνεσθαι,
1342 2468 1389 2497 οὐκ
1404 2467 1566 2507 ἠϐουλήθην,
1588 2470 1678 2510 φησιν.

1110 2567 1125 2587 (
1141 2556 1218 2597 Τάχα
1238 2556 1291 2597 γὰρ
1311 2555 1354 2587 διὰ
1378 2561 1454 2587 τοῦτο
1479 2559 1612 2598 ἓχωρίσθη
1643 2559 1709 2600 πρὸς
1737 2559 1816 2600 ὥραν,
1836 2556 1874 2600 ’ἵνα

1066 2602 1172 2632 αἰώνιον
1200 2602 1277 2630 αὑτὸν
1305 2601 1424 2644 ἀπέχῃς,
1454 2604 1500 2632 οὐκ
1540 2602 1578 2632 ἔτι
1620 2598 1669 2636 ὡς
1692 2598 1794 2644 δοῦλον,
1821 2598 1871 2630 ἀλλ’

1066 2648 1131 2687 ὑπὲρ
1179 2645 1283 2684 δοῦλον,
1325 2643 1437 2687 ἀδελφὸν
1485 2648 1637 2689 ἀγαπητὸν,
1690 2643 1802 2687 μάλιστα
1827 2643 1876 2684 ἐμοὶ

1068 2693 1146 2730 Πόσῳ
1167 2689 1194 2718 δὲ
1217 2690 1319 2728 μᾶλλον
1348 2704 1389 2721 σοι
1418 2693 1462 2721 καὶ
1496 2693 1523 2721 ἐν
1552 2694 1628 2734 σαρκὶ
1663 2695 1709 2722 καὶ
1737 2694 1763 2723 ἐν
1790 2690 1890 2730 Κυρίῳιπ

1069 2738 1097 2766 Εἰ
1126 2735 1170 2765 οὖν
1205 2746 1239 2773 με
1269 2736 1341 2776 ἔχεις
1377 2738 1516 2776 κοινωνὸν,
1561 2737 1712 2780 προσλαϐοῦ
1745 2739 1818 2768 αὐτὸν
1846 2735 1876 2765 ὦς
