1936 3080
66 176 122 210 273

67 290 150 326 τομῆς
179 290 350 319 πιστεύσασιν
393 289 544 330 Ἐμϐραίοις
579 289 765 325 ἀποδεικτικὴν
794 292 891 326 ταύτην

66 332 221 370 ἐπιστολὴν,
237 335 297 374 περὶ
325 336 373 369 τῆς
401 340 448 365 τοῦ
490 341 596 375 κριστοῦ
618 335 760 375 παρουσίας
788 336 832 365 καὶ
846 340 892 365 τοῦ

67 380 217 407 πεπαῦσθαι
246 379 295 412 τὴν
332 380 408 408 σκιὰν
435 383 482 408 τοῦ
507 381 601 417 νόμου.
631 380 679 409 Καὶ
708 382 812 420 πρῶτοῆ
843 381 890 418 μὲν

66 421 233 451 ἀποδείκνυσι
266 424 327 457 τοὺς
356 425 492 465 προφήτας
527 423 569 452 διὰ
603 428 680 453 τοῦτο
715 424 888 461 ἀπεστάλθαι,

67 467 112 494 ’ἱνα
132 468 193 507 περὶ
214 473 261 498 τοῦ
280 471 404 507 Σωτῆρος
431 468 623 509 ἀπαγγείλωσι,
652 469 696 497 καὶ
723 468 782 507 μετ’
797 470 890 502 αὐτοὺς

70 510 145 543 αὐτὸς
176 511 251 551 ἔλθῃ,
279 511 385 546 δούλους
426 524 455 542 τε
483 514 553 542 εἶναι
588 513 649 546 τοὺς
675 514 813 553 προφήτας
848 515 891 542 καὶ

69 556 187 593 μηνυτὰς
209 559 258 590 τῆς
273 558 352 586 αὐτοῦ
376 558 527 597 παρωσιας,
558 557 636 586 αὑτὸν
663 557 691 586 δὲ
719 559 764 586 τὸν
780 558 890 598 Χριστόν

70 600 128 628 Υἳὸν
143 601 217 629 εἶναι
245 605 322 641 Θεοῦ,
352 600 385 630 δι’
414 603 445 631 οὗ
464 603 496 630 τὰ
525 602 610 630 πάντα
639 602 733 642 γέγονε
751 610 758 617 ⁸
787 603 831 630 καὶ
850 602 890 630 ὅτι

70 649 161 673 τοῦτον
175 645 222 673 τὸν
238 646 296 674 Υἰὸν
318 645 368 674 ἔδει
388 645 522 686 ἄνθρωπον
539 646 670 686 γενέσθαι,
698 646 745 674 ’ίνα
773 645 815 675 διὰ
842 649 890 680 τῆς

69 689 114 716 τοῦ
127 689 252 727 σώματος
288 690 367 719 αὒτοῦ
394 691 481 723 θυσίας
509 691 666 730 καταργήσῃ
694 692 741 719 τὸν
768 691 889 722 θάνατον,

71 733 106 761 Οὔ
119 733 171 773 γὰρ
186 733 220 761 δι’
248 733 363 773 αἵματος
392 736 496 776 μόσχου
524 737 541 769 ἢ
570 735 678 775 τράγου,
709 734 776 763 ἀλλὰ
794 734 828 763 δι’
843 734 890 763 αἴ-

71 788 154 813 ματος
170 781 294 819 Χριστοῦ,
323 779 425 808 ἔσεσθαι
460 786 518 812 τοῖς
545 779 693 819 ἀνθρώποις
721 780 770 813 τὴν
798 790 890 813 σωτη-

67 822 132 859 ρίαν.
156 821 336 852 Ἀποδείκνυσι
357 823 384 852 δὲ
398 824 437 853 ὅτι
457 825 472 853 ὁ
507 824 586 862 νόμος
615 823 706 852 οὖόἐνα
722 823 891 862 ἐτελείωσεν,

71 865 138 894 ἀλλὰ
167 868 243 896 σκιὰν
270 869 334 909 εἶχε
373 873 426 897 τῶν
455 868 605 907 μελλόντων
639 868 754 909 ἀγαθῶν,
783 869 827 897 καὶ
861 870 892 897 οὗ

71 910 236 940 κατέπαυσεν
252 913 266 941 ὁ
287 912 364 949 λαὸς,
389 913 456 941 ἀλλὰ
497 913 574 946 κοινὴ
604 916 683 942 πᾶσιν
707 914 774 950 ἡμῖν
790 912 889 941 ἀπολέ-

72 953 176 984 λειπται
191 957 279 996 ἡμέρα
303 961 352 992 τῆς
382 958 582 988 καταπαύσεως,
613 957 695 985 Πάλιν
723 956 750 985 δὲ
784 956 892 986 ἀποδεί-

73 1010 160 1027 κνυσιν
190 1000 232 1029 ὅτι
260 1002 277 1035 ἡ
305 1001 477 1041 ἄρχιερατικὴ
512 1000 658 1041 λειτουργία
687 1001 813 1039 μετετέθη
841 1002 893 1030 ἀπὸ

73 1041 175 1084 Ἀαρὼν
189 1046 226 1077 εἰς
247 1047 292 1074 τὸν
315 1036 437 1086 ἀξια-ιον,
461 1046 491 1075 οὗ
504 1047 585 1078 τύπος
600 1036 645 1079 ’ἦν
673 1036 692 1074 δ’
716 1044 892 1086 Μελχισεδὲκ,

73 1089 117 1116 οὒκ
146 1089 184 1117 ὢν
210 1089 241 1118 ἐκ
268 1095 315 1120 τοῦ
349 1092 419 1122 Λευί,
449 1091 536 1119 Πίστει
571 1090 598 1118 δὲ
625 1089 805 1118 δεδικαιῶσθαι
833 1091 893 1122 τοὺς

72 1133 187 1173 πατέρας
208 1135 341 1172 σημαίνει,
383 1136 427 1164 καὶ
454 1137 502 1164 οὒκ
531 1135 557 1168 ἐξ
586 1135 669 1174 ἔργων
701 1135 794 1173 νόμου.
825 1135 893 1164 Εἶτα

72 1178 151 1207 πάλιν
183 1179 220 1211 εἷς
254 1180 287 1207 τὰ
322 1179 373 1214 ἤθη
397 1180 609 1220 προτρεψάμενος
638 1179 681 1207 καὶ
710 1179 826 1219 τούτους,
851 1180 893 1207 καὶ

73 1221 267 1260 ἀποδεξάμενος
283 1224 368 1252 αὐτῶν
396 1225 446 1258 τὴν
479 1223 520 1251 διὰ
549 1223 659 1263 Χριστὸν
685 1223 833 1263 ὑπομονὴν,
849 1223 893 1251 καὶ

72 1267 164 1300 πείσας
188 1271 269 1306 τιμᾷν
292 1269 352 1300 τοὺς
386 1268 586 1309 πρεσϐυτέρους,
609 1267 707 1296 τελειοῐ
728 1267 778 1301 τὴν
812 1266 892 1297 Ἐπι-

72 1310 182 1346 στολήν,

326 1361 492 1387 ΥΠΟΘΕΣΙΣ
509 1361 627 1388 ΕΤΕΡΛ.

111 1401 180 1439 Πρὸς
219 1395 352 1442 Ἐϐραίους
373 1402 530 1438 Ἐπιστολὴ,
573 1400 647 1429 δοκεῖ
669 1400 717 1438 μὲν
747 1401 793 1430 οὐκ
820 1400 891 1428 εἶναι

73 1446 188 1485 Παύλου,
212 1445 254 1474 ὂιὲι
274 1458 302 1474 τε
323 1447 369 1475 τὸν
383 1448 551 1486 χαρακτῆρα,
581 1446 625 1474 καὶ
653 1446 684 1473 τὸ
717 1445 755 1482 μὴ
771 1445 891 1484 προγρά-

73 1500 129 1528 φειν
143 1491 181 1523 ὡς
197 1491 226 1518 ἐν
247 1491 360 1523 ἁπάσαις
396 1497 456 1522 ταῖς
486 1490 577 1522 ἄλλαις
601 1488 782 1527 Ἐπιστολαῖς,
805 1490 848 1517 καὶ
862 1489 892 1516 τὸ

73 1534 173 1575 λέγειν,
207 1546 221 1562 α
238 1539 297 1568 Πῶς
326 1536 408 1573 ἡμεῖς
435 1534 616 1576 ἔκφευξώμεθα
643 1533 805 1567 τηλικαύτης
830 1532 894 1571 ἆμε-

605 180 803 213 COMMENT.
827 180 867 212 IN
888 179 1010 212 EPIST.
1034 179 1084 212 AD
1105 181 1220 212 ΗΕΒΒ.

67 247 127 272 πᾶσι
156 251 217 276 τοῖς
253 244 347 284 ἔθνεσι,
387 247 479 286 γράφει
521 246 613 275 λοιπον
654 247 699 275 καὶ
742 247 794 281 τὴν
822 258 894 287 περι-

1699 180 1758 213 274

904 252 925 276 Α
935 246 1098 287 scripisset,
1115 246 1248 278 Hebmis
1272 256 1389 288 quoque
1404 248 1456 289 qui
1479 257 1514 280 ex
1528 248 1758 281 circumcisione

933 291 1120 322 crediderant
1150 296 1252 332 postea
1280 291 1387 323 scribit
1409 293 1485 324 hanc
1500 300 1559 333 qua
1589 302 1640 324 eos
1655 293 1760 325 doceat

932 335 1104 376 Epistolam,
1120 345 1178 376 qua
1193 336 1345 368 Christum
1360 336 1491 368 declarat
1505 337 1633 378 venisse,
1646 343 1676 370 et
1688 347 1758 370 um-

933 379 1016 411 bram
1028 379 1101 420 legis
1113 380 1297 412 cessasse.Et
1306 380 1437 422 primum
1443 381 1566 422 quidem
1575 382 1762 414 demonstrat

934 428 1089 464 propterea
1106 424 1212 456 missos
1223 424 1314 457 fuisse
1326 425 1486 466 prophetas
1497 430 1526 457 et
1536 427 1761 458 annuntiatores

932 469 1075 500 adventus
1106 468 1210 509 ipsius,
1242 470 1340 510 ipsum
1365 479 1434 501 vero
1459 469 1610 502 Christum
1625 480 1692 502 esse
1707 470 1761 502 Dei

932 512 1051 551 Filium,
1064 521 1117 554 per
1128 522 1217 554 quem
1228 514 1329 545 omnia
1339 514 1416 545 facta
1429 518 1510 546 sunt.
1527 514 1672 555 Quodque
1680 515 1761 546 hunc

932 557 1040 588 Filium
1070 557 1199 598 oportuit
1228 558 1293 590 fieri
1325 559 1489 597 hominem,
1517 563 1550 591 ut
1565 568 1619 600 per
1633 559 1760 590 hostium

931 601 1065 642 corporis
1080 602 1126 633 sui
1155 602 1271 634 deleret
1298 607 1440 635 mortem.
1470 603 1574 644 Neque
1602 604 1683 635 enim
1707 613 1761 645 per

932 646 1106 686 sanguinem
1120 647 1201 678 vituli
1217 651 1267 678 aut
1294 647 1383 686 hirci,
1412 648 1467 680 sed
1490 657 1545 689 per
1557 648 1670 680 Christi
1685 658 1759 680 san-

931 690 1053 730 guinem
1071 691 1168 722 futura
1183 695 1247 722 erat
1275 691 1414 724 omnibus
1437 692 1527 724 salus.
1554 693 1758 725 Ostenditan-

932 739 991 766 tem
1007 735 1086 776 quod
1103 736 1150 767 lex
1174 736 1327 768 neminem
1356 737 1526 777 perfecerit,
1542 737 1596 769 sed
1622 737 1759 769 umbram

933 779 1060 810 habebat
1073 779 1240 811 futurorum
1264 780 1423 812 bonorum.
1452 783 1522 813 512
1536 781 1597 814 Nec
1613 782 1760 823 requievit

933 824 1058 864 populus
1072 825 1224 863 .ludaicus,
1240 825 1293 856 sed
1309 826 1509 858 communiter
1522 827 1663 859 omnibus
1673 827 1760 858 nobis

902 868 1053 917 Brelictus
1088 873 1133 917 est
1166 869 1231 900 dies
1253 869 1373 917 quietis.
1403 872 1548 917 Praeterea
1575 871 1761 917 demonstrat

935 913 1022 944 etiam
1049 913 1127 954 quod
1157 914 1341 946 sacerdotale
1372 915 1572 948 ministerium
1599 916 1636 947 ab
1661 916 1760 948 Aaron

935 957 1106 989 translatum
1135 958 1174 990 sit
1202 958 1233 990 in
1262 959 1410 991 Christum
1432 971 1439 990 :
1465 961 1552 1000 cujus
1578 961 1671 1000 ﬁgura
1699 965 1763 992 erat

934 1002 1168 1040 Melchisedech,
1183 1003 1233 1043 qui
1250 1013 1309 1034 non
1329 1003 1526 1036 descenderat
1541 1014 1576 1036 ex
1590 1005 1671 1036 Levi.
1688 1005 1761 1038 Fide

934 1056 1053 1087 quoque
1063 1047 1238 1087 justificatos
1252 1047 1344 1079 fuisse
1359 1052 1458 1089 patres
1483 1049 1641 1089 signiﬁcat.
1659 1054 1689 1080 et
1702 1059 1762 1081 non

935 1099 970 1121 ex
986 1091 1126 1131 operibus
1137 1091 1220 1131 legis.
1238 1092 1353 1124 Deinde
1378 1093 1431 1124 ubi
1446 1094 1500 1124 hos
1512 1094 1599 1124 etiam
1617 1093 1653 1125 ad
1666 1093 1761 1125 bonos

936 1140 1033 1162 mores
1048 1132 1217 1163 exhortatus
1228 1136 1284 1170 est,
1299 1136 1329 1163 et
1339 1133 1559 1164 commendavit
1570 1133 1759 1165 tolerantiam

934 1174 1068 1214 ipsorum
1081 1181 1201 1217 propter
1209 1176 1358 1208 Christum
1365 1202 1372 1215 ,
1385 1178 1540 1218 suasitque
1550 1183 1583 1209 ut
1591 1178 1762 1210 senioribus

934 1219 1087 1252 deferrent
1098 1221 1253 1260 honorem,
1271 1221 1423 1253 concludit
1435 1222 1604 1264 epistolam.

1139 1353 1253 1386 ALIUD
1274 1353 1549 1388 ABGUMENTUM.

974 1397 1103 1434 Epistola
1116 1398 1152 1429 ad
1177 1398 1317 1431 Hebraeos
1341 1399 1458 1431 videtur
1475 1400 1598 1441 quidem
1615 1409 1675 1431 non
1691 1409 1759 1431 esse

933 1441 1025 1480 Pauli,
1043 1446 1104 1473 tum
1118 1448 1239 1484 propter
1254 1444 1405 1475 scribendi
1418 1444 1591 1483 dictionem,
1607 1448 1668 1476 tum
1680 1444 1760 1485 quod

933 1497 1019 1518 suum
1049 1496 1109 1518 non
1137 1489 1295 1528 praefixerit
1324 1499 1445 1530 nomen,
1462 1489 1713 1530 quemadmodum
1728 1490 1760 1520 in

934 1531 1048 1562 caeteris
1061 1532 1200 1563 omnibus
1214 1533 1355 1574 Epistolis
1368 1544 1375 1564 :
1394 1537 1454 1564 tum
1466 1534 1546 1575 quod
1557 1534 1646 1566 dicat:
1663 1533 1761 1570 «Quo-

73 1579 206 1614 λήσαντες
234 1582 377 1622 σωτηρίας,
399 1583 418 1617 ἧ
446 1593 485 1613 τις
511 1581 599 1621 ἀρχὴν
620 1579 735 1608 λαϐοῦσα
756 1579 891 1608 λαλεῖσθαι

974 1576 1023 1606 )do
1040 1576 1214 1622 effugiemus
1238 1578 1289 1619 qui
1304 1582 1414 1609 tantam
1428 1578 1612 1618 negleximus
1623 1578 1759 1618 salutem,

72 1625 124 1653 imo
139 1629 186 1654 τοῦ
203 1626 295 1666 Κυρίου
317 1625 359 1654 διὰ
387 1628 439 1654 τῶν
462 1625 629 1655 ἀκουσάντων
663 1625 699 1656 είς
728 1625 800 1662 ἡμᾶς
834 1622 894 1651 ἐδε-

71 1667 188 1706 ὗαιώθη,
227 1674 510 1710 συνεπιμαρτυροῦντος
531 1673 576 1697 τοῦ
608 1672 674 1697 Θεοῦ
709 1669 830 1706 σημείοις
852 1668 896 1696 καὶ

71 1715 176 1754 τέρασι.
196 1727 209 1744 ι
224 1720 274 1745 Τοῡ
301 1716 350 1753 μὲν
365 1715 408 1744 οὗν
434 1714 567 1754 ἠλλάχθαι
594 1714 640 1742 τὸν
665 1715 825 1754 χαρακτῆρα
847 1715 895 1746 τῆς

71 1757 249 1796 Ἐπιστολῆς,
267 1760 364 1800 φανερὰ
392 1761 409 1794 ἡ
432 1753 524 1790 αἰτίαξγ
543 1759 610 1798 Πρὸς
645 1758 695 1797 γάρ
717 1753 849 1797 Ἐϐραίους
862 1760 897 1795 τῇ

71 1806 146 1843 σφῶν
176 1803 305 1841 διαλέκτῳ
333 1810 477 1844 γραφεῖσα,
515 1803 622 1842 ὕστερον
657 1804 896 1842 μεθερμηνευθῆναι

71 1847 190 1887 λέγεται,
209 1849 245 1881 ὡς
275 1848 323 1886 μέν
351 1859 420 1880 τινες
442 1848 491 1876 ὑπὸ
526 1850 626 1886 Λουκᾶ,
657 1847 693 1879 ὡς
721 1845 749 1874 δὲ
765 1847 788 1873 οἱ
803 1845 897 1874 πολλοὶ

73 1893 124 1921 ὑπὸ
162 1892 329 1931 Κλήμεντος.
355 1893 452 1922 Τούτου
472 1893 522 1932 γὰρ
561 1893 604 1920 καὶ
631 1891 708 1926 σώζει
729 1891 774 1918 τὸν
809 1901 896 1930 χαρα-

73 1949 171 1976 κτηρα.
189 1943 240 1968 Τοῦ
254 1937 281 1966 δὲ
296 1939 335 1976 μὴ
362 1938 520 1978 προγράφειν
534 1937 582 1971 τὴν
594 1934 754 1968 Ἐπιστολὴν
768 1938 894 1971 τοῦνομα,

75 1983 163 2010 αἴτιον
178 1983 195 2017 ἢ
221 1982 372 2013 ἀκολουθία.
404 1981 565 2013 Ἀπόστολος
601 1981 652 2020 γὰρ
682 1979 762 2008 έθνῶν
777 1979 898 2018 ὑπῆρχεν

75 2029 88 2055 ὁ
118 2027 235 2067 Παῦλος,
266 2026 326 2056 ἀλλ’
362 2027 423 2067 οὐχὶ
450 2025 592 2064 Ἰουδαίων,
623 2025 679 2053 ἐπεὶ
705 2023 790 2059 δεξιὰς
817 2022 898 2051 ἔδωκε

74 2076 111 2108 τῷ
127 2072 220 2111 Πέτρῳ
232 2073 275 2100 καὶ
297 2078 355 2103 τοῖς
384 2071 541 2102 ἀποστόλοις
578 2068 728 2104 κοινωνίας,
757 2067 804 2095 ἵνα
820 2068 897 2098 αὐτὸς

76 2117 124 2154 μὲν
139 2117 186 2144 σὺν
203 2115 322 2156 Βαρνάϐᾳ
343 2116 379 2148 εἷς
407 2116 440 2144 τὰ
463 2115 529 2156 ἕθνε,
559 2115 583 2143 οἱ
610 2113 637 2142 δὲ
665 2112 724 2152 περὶ
735 2112 781 2140 τὸν
802 2110 898 2151 Πέτρον

76 2163 110 2193 εἷς
132 2162 184 2195 τὴν
200 2154 374 2201 περιτουμήν.
395 2154 505 2194 Ἐπειδῆ
525 2159 552 2187 δὲ
579 2158 702 2187 κοινωνία
723 2157 753 2184 τὸ
767 2155 896 2201 κέρυγμα,

76 2207 118 2234 καὶ
131 2200 334 2246 κατηχηθὲντες
369 2206 492 2245 ὑπῆρχον
513 2205 536 2232 οἱ
551 2203 576 2237 ἕξ
597 2201 727 2232 Ἰοδδαίων
762 2201 800 2232 ὡς
826 2200 896 2246 ἀπο-

77 2262 188 2279 στασιαν
207 2240 326 2278 ’διδάσκει
378 2240 493 2285 Παυλος,
543 2249 650 2279 είκότως
699 2249 745 2274 τοῦ
773 2245 898 2284 γνωρίσαι

77 2295 157 2334 χάριν
183 2305 233 2327 την
268 2294 432 2334 συμφωνίαν,
469 2288 598 2332 Ἐϐραίοις
633 2288 801 2334 ἐπιστέλλειρ
828 2289 898 2327 Γρά-

75 2329 158 2378 ξοντα
188 2337 216 2366 δὲ
244 2338 309 2377 πρὸς
329 2329 454 2375 ’τού-τους,
480 2336 637 2376 προγράφειν
679 2329 840 2362 Ἀπόστολον
864 2335 899 2378 μου

75 2375 162 2420 θέμις,
183 2375 360 2422 Μαρτυρεϊται
380 2381 466 2410 δὲκαὶ
487 2375 513 2409 ἐν
548 2375 606 2413 τοῖς
636 2379 696 2412 ἑξῆς
717 2379 734 2413 ἡ
752 2375 898 2422 Ἐπιστολὴ

75 2420 234 2467 ὑπάρχουσα
262 2425 366 2455 Παύλου
387 2430 425 2463 τῷ
439 2426 558 2466 γράφειν,
581 2424 621 2453 ὅτι
649 2424 765 2455 καὶτοῖς
793 2420 898 2467 δεσμοις

77 2466 354 2509 μωγσυνεπαθήσατε.
374 2482 387 2498 α
405 2472 453 2500 Καὶ
468 2470 498 2498 ἐκ
525 2473 571 2498 τοῦ
599 2468 698 2507 λέγειν,
713 2466 900 2506 Περισσότερον

77 2516 186 2556 εὔχεσθε
200 2516 247 2543 ’ἱνα
262 2515 358 2555 τάχιον
393 2515 601 2543 ἀποκατασταθιῦ
621 2514 685 2550 ὑμῖν
701 2522 715 2541 ι
747 2511 791 2539 καὶ
804 2509 900 2556 ἐκ-τοῦ

78 2554 165 2599 λέγειν
183 2582 190 2589 .
225 2569 238 2587 ι
253 2560 398 2588 Γινώσκετε
412 2560 457 2588 τὸν
470 2558 581 2599 ἀδελφὸν
602 2558 674 2595 ὑμῶν
692 2556 818 2593 Τιμόθεον
834 2554 899 2583 ἀπο-

78 2604 231 2642 λελυμένον,
249 2603 307 2642 μεθ’
318 2605 358 2642 οὗ,
374 2604 418 2632 ἐὰν
433 2604 528 2643 τάχιον
543 2603 668 2642 ἔρχηται,
683 2600 783 2638 ὄψομαι
797 2600 896 2636 ὑμᾶς.»

79 2649 167 2680 Οὸδεὶς
190 2649 241 2688 γὰρ
266 2648 297 2676 ἂν
325 2650 402 2686 οἶμαι
437 2647 565 2676 ἀπέλυσεν
602 2646 638 2678 εἰς
663 2644 792 2673 διακονίαν
806 2643 898 2688 ,Τιμό-

79 2695 145 2733 θεον,
171 2686 203 2721 εἷ.
281 2692 395 2725 Παῦλος,
420 2693 468 2721 Καὶ
492 2697 585 2721 τοῦτον
611 2690 707 2730 τάχιον
735 2686 896 2728 προσδοκῶν,

80 2732 204 2772 mter.”
226 2739 328 2775 αὐτοῖς,
351 2738 388 2769 ὡς
417 2736 474 2768 ἔθος
501 2734 642 2775 πολλαχοῦ
676 2734 720 2762 σὺν
736 2732 806 2770 αὒτῷ
827 2742 896 2771 παρ-

118 2826 128 2848 ¹
145 2824 239 2858 Hebr.
255 2833 289 2864 ιι,
303 2825 336 2856 5.

937 1630 1003 1661 qna:
1013 1625 1129 1660 sumpto
1148 1621 1290 1661 loquendi
1304 1622 1388 1653 initio
1399 1632 1416 1654 a
1430 1622 1570 1664 Domino,
1586 1622 1623 1653 ab
1649 1623 1696 1654 his
1711 1622 1762 1663 qui

937 1664 1092 1695 audierant
1107 1666 1136 1696 in
1166 1675 1221 1698 nos
1245 1668 1420 1698 confirmata
1446 1667 1511 1705 fuit,
1529 1671 1684 1699 attestante
1699 1666 1760 1698 Deo

937 1709 1029 1748 signis
1044 1714 1072 1740 et
1102 1711 1244 1751 prodigiis
1259 1711 1294 1743 ¹⁴ἔ
1310 1724 1323 1740 n
1342 1711 1378 1742 Et
1396 1712 1517 1753 quidem
1545 1712 1703 1743 manifesta
1719 1715 1764 1742 est

937 1762 1026 1784 causa
1040 1763 1093 1785 cur
1108 1755 1198 1795 stylus
1224 1756 1312 1787 fuerit
1335 1756 1519 1788 immutatus.
1546 1757 1621 1788 Nam
1647 1756 1685 1787 ad
1700 1757 1762 1787 He-

939 1798 1033 1829 braeos
1047 1799 1167 1840 scripta,
1184 1800 1277 1840 patria
1298 1801 1430 1842 ipsorum
1449 1801 1562 1841 lingua,
1574 1800 1762 1841 postmodum

937 1851 1021 1874 versa
1037 1843 1156 1881 dicitur,
1168 1848 1200 1875 ut
1219 1845 1340 1885 quidam
1355 1845 1491 1877 sentiunt
1514 1855 1532 1876 a
1546 1845 1636 1883 Luca,
1648 1848 1681 1875 ut
1696 1843 1763 1884 ple-

938 1887 1039 1928 risque
1065 1893 1163 1920 autem
1192 1889 1310 1921 videtur
1333 1899 1351 1920 a
1375 1889 1551 1921 Clemente:
1569 1889 1658 1929 hujus
1683 1887 1763 1919 enim

939 1932 1138 1963 characterem
1156 1934 1245 1964 etiam
1259 1938 1366 1965 servat.
1394 1934 1478 1970 Quod
1494 1937 1593 1965 autem
1607 1942 1693 1964 suum
1707 1941 1764 1963 no-

941 1985 1009 2007 men
1020 1986 1078 2007 non
1089 1978 1247 2017 praefuerit
1256 1978 1396 2018 Epistulae
1406 1978 1438 2009 in
1453 1978 1545 2009 causa
1559 1981 1604 2009 est
1618 1977 1692 2008 ordo
1706 1975 1762 2007 rei.

940 2019 1094 2061 Siquidem
1110 2022 1219 2053 Paulus
1242 2023 1376 2062 gentium
1402 2023 1554 2063 apostolus
1569 2025 1644 2062 erat,
1660 2024 1689 2052 et
1705 2030 1765 2051 non

939 2065 1120 2098 .ludzeorum.
1137 2065 1209 2097 Nam
1232 2066 1383 2098 societatis
1406 2067 1527 2098 dextras
1539 2066 1662 2098 dederat
1675 2066 1764 2096 Petro

940 2109 1114 2150 caaterisque
1129 2111 1280 2150 apostolis,
1310 2115 1342 2142 ut
1365 2111 1430 2152 ipse
1453 2121 1520 2142 cum
1538 2109 1672 2142 Barnaba
1687 2109 1766 2140 inter

940 2158 1054 2194 gentes,
1073 2156 1175 2185 Petrus
1204 2164 1275 2187 vero
1300 2165 1367 2186 cum
1394 2156 1519 2197 reliquis
1535 2153 1764 2186 circumcisione

910 2220 930 2245 ο
941 2199 1132 2238 fungerentur
1146 2200 1354 2240 apostolatum.
1364 2200 1507 2236 Quoniam
1518 2203 1616 2231 autem
1636 2197 1765 2245 societas

940 2243 1045 2274 eratin
1058 2244 1276 2285 praedicatione,
1298 2249 1327 2275 et
1350 2245 1444 2276 Judaei
1460 2245 1619 2276 audierant
1635 2242 1760 2275 Paulum

940 2287 1154 2319 discessionem
1163 2289 1272 2320 docere
1281 2289 1380 2330 aliquo
1391 2289 1479 2321 modo
1488 2299 1505 2320 a
1516 2289 1593 2329 lege,
1603 2287 1711 2319 merito
1726 2286 1764 2318 ad

940 2330 1081 2363 Hebrmos
1096 2332 1201 2364 scribit
1227 2333 1401 2375 Epistulam,
1426 2338 1457 2365 ut
1482 2333 1618 2365 ostendat
1634 2339 1764 2363 consen-

940 2385 1004 2406 sum
1022 2376 1240 2417 praedicationis
1259 2388 1266 2410 :
1283 2388 1350 2409 cum
1366 2381 1466 2410 autem
1482 2378 1518 2409 ad
1535 2387 1587 2408 eos
1603 2375 1762 2413 scriberet,

941 2421 1108 2452 consultum
1125 2431 1183 2452 non
1200 2426 1262 2453 erat
1276 2426 1309 2453 ut
1323 2432 1356 2454 se
1370 2423 1402 2454 in
1417 2422 1500 2454 initio
1513 2422 1628 2453 diceret
1641 2421 1765 2461 Aposto-

941 2466 1013 2497 lum.
1030 2465 1166 2497 Testatur
1190 2470 1287 2497 autem
1314 2466 1344 2497 in
1359 2466 1552 2508 sequentibus
1568 2465 1632 2506 ipsa
1645 2473 1765 2505 quoque

941 2510 1071 2550 Epistola
1081 2512 1152 2541 515
1162 2510 1242 2551 quod
1252 2510 1333 2542 Pauli
1347 2511 1434 2552 sit,ex
1443 2521 1478 2542 eo
1486 2510 1565 2552 quod
1576 2509 1657 2541 dicit:
1667 2508 1763 2539 Etiam

940 2555 1146 2593 afflictionum,
1173 2564 1238 2596 quae
1252 2564 1287 2586 ex
1310 2555 1435 2587 vinculis
1464 2555 1540 2586 meis
1563 2554 1762 2594 contigerunt,

941 2599 1099 2640 participes
1114 2599 1222 2630 fuistis.
1238 2599 1274 2630 Et
1284 2609 1350 2630 cum
1363 2600 1433 2632 dicit
1447 2610 1454 2630 :
1468 2611 1479 2628 α
1497 2599 1588 2639 Magis
1600 2596 1766 2639 precemini

940 2652 998 2684 quo
1013 2644 1142 2675 celerius
1152 2644 1292 2674 restituar
1306 2644 1388 2675 vobis
1402 2656 1409 2684 ;
1430 2657 1441 2674 ι
1461 2648 1605 2686 praeterea
1617 2651 1684 2674 cum
1701 2641 1740 2672 ait
1754 2651 1762 2671 :

944 2700 954 2717 α
960 2688 1048 2720 Scitis
1055 2688 1173 2719 fratrem
1181 2692 1313 2719 nostrum
1321 2688 1509 2721 Timotheum
1524 2687 1763 2726 dimissum,cum

939 2732 1038 2774 qu0,si
1046 2733 1175 2764 celerius
1182 2732 1417 2771 venerit,videbo
1424 2732 1602 2766 vos.»Nemo
1610 2731 1764 2771 enimpraa-
