1936 3080
221 104 279 138 267

788 104 993 139 (EGUMENII
1013 104 1161 138 TRICCE
1182 103 1349 136 EPISCOPI

1838 101 1885 135 268

224 172 302 213 quod
317 171 453 204 dominer
467 170 532 212 tibi,
549 171 600 202 sed
616 175 736 212 propter
751 170 926 202 cbaritatem
945 180 1030 212 quae

1100 172 1130 200 ὒκ
1150 169 1288 200 ἆπιτάσσω
1316 168 1353 199 δέ.
1390 169 1420 198 Ei.
1447 169 1491 197 iui
1519 169 1652 208 φαίνωμαι
1680 168 1822 197 ἐπιτάσσειν
1852 179 1884 196 σοι

223 221 254 247 te
269 215 360 255 diligo
373 219 402 247 et
417 225 435 247 a
450 219 477 247 te
494 215 612 256 diligor,
629 215 788 255 injungere
802 215 924 256 quidem
935 215 1047 253 videor,

221 269 324 291 verum
336 270 396 291 non
407 259 619 300 injungo.Nam
627 264 656 291 et
666 259 692 290 si
703 260 805 291 videor
813 260 968 300 injungere
979 269 1048 300 pro-

222 309 288 345 pter
304 305 491 343 charitatem,
508 314 568 335 non
597 309 696 335 tamen
720 304 856 345 injungo,
882 305 934 335 sed
952 306 1048 344 potius

221 358 292 389 rogo
307 359 314 380 :
327 349 412 386 adeo,
421 348 526 389 inquit,
535 357 599 379 rem
609 348 778 387 magniﬁco.
795 358 810 378 α
820 350 890 380 Cum
903 348 969 379 talis
978 348 1045 389 sim,

221 402 332 433 nempe
345 392 454 424 Paulus
468 402 571 424 senex.
590 405 603 420 η
619 392 700 431 Rogo
713 402 779 423 cum
791 392 858 423 talis
871 393 939 428 sim,
952 393 1048 433 qualis

222 437 349 468 deberet
355 437 502 478 quispiam
512 446 578 468 esse
589 436 625 468 ad
632 436 881 477 persuadendum.
889 437 1025 469 «Paulus.
1032 448 1044 466 ι

222 481 369 513 Sufﬁcere
381 485 478 513 autem
493 481 617 512 deberet
630 481 686 512 hoc
701 481 798 512 solum
813 481 850 512 ad
864 481 1048 522 persuaden-

223 524 306 557 dum.
326 537 337 554 α
356 525 454 558 Senex
482 526 597 556 vinctus
621 534 673 565 pro
690 525 819 558 Christo.
839 537 853 553 ιι
871 525 963 557 Vides
976 529 1048 565 quot

222 570 282 601 sint
295 569 332 601 ad
347 569 586 610 persuadendum
603 569 800 600 occasiones?

541 619 666 652 CAPUT
685 619 721 651 Il.

221 664 452 697 Commendatio
467 665 606 697 Onesimi
620 665 743 704 fugitivi
757 667 848 702 servi,
864 669 890 696 et
905 664 1046 695 admoni-

262 673 452 697 mtmenaatw
467 673 606 697 unestm
620 673 653 704 [u
674 673 743 696 mm
757 673 848 702 servi,
864 673 890 696 et
905 673 1004 695 aamm

262 706 305 737 tio
317 714 375 746 pro
384 706 450 746 ipso
462 706 515 746 qui
524 705 626 736 salvus
644 673 745 744 ﬂictus
760 709 826 736 erat
839 713 896 745 per
898 704 1004 744 ﬁdem.

261 755 350 786 Vers.
374 755 471 786 10-14.
502 755 583 794 Rogo
605 758 704 786 autem
728 764 788 795 pro
803 755 867 795 ﬁlio
880 763 946 785 meo
958 762 1048 794 quem

220 801 315 841 genui
328 800 362 831 in
388 798 520 831 vinculis
548 800 624 830 meis
652 798 807 838 Otwsimo,
823 799 975 839 quondam
991 799 1046 829 tibi

221 832 340 882 inutili,
356 853 438 875 nunc
453 852 523 875 vero
538 844 596 875 tibi
609 847 637 874 et
652 843 728 875 mihi
742 832 880 884 per-utili,
894 852 980 883 quem
995 852 1044 874 re-
1056 832 1076 857 Β

220 890 303 921 misi.
323 889 369 920 Tu
392 889 495 919 autem
522 897 601 926 eum,
625 887 679 918 hoc
692 892 750 926 est,
766 897 833 919 mea
848 888 962 919 viscera
975 896 1046 919 δαν

220 935 305 974 cipe:
322 941 412 973 quem
425 941 480 973 ego
505 932 663 973 cupiebam
678 933 763 972 apud
778 941 825 963 me
839 932 985 969 retinere,
1011 937 1045 964 ut

217 985 275 1018 pro
289 981 319 1009 te
339 977 531 1008 ministraret
546 976 622 1008 mihi
643 979 677 1007 in
699 976 832 1008 vinculis
856 975 1040 1016 Evangeltz‘:

219 1022 273 1053 sed
287 1021 399 1061 absque
414 1025 467 1052 tua
491 1022 640 1052 sententia
666 1020 745 1052 nihil
772 1019 856 1051 volui
876 1021 989 1059 facere,
1006 1029 1044 1051 ne

220 1065 304 1097 velut
317 1074 356 1097 ea;
369 1068 544 1097 necessitate
560 1065 671 1097 bonum
686 1068 771 1097 tuum
794 1067 878 1105 esset,
893 1064 946 1096 sed
956 1073 1046 1105 spon-

220 1113 351 1142 taneum.

258 1203 342 1230 ιον
356 1199 456 1231 Placat
471 1202 502 1230 et
516 1199 630 1239 mitigat
644 1199 862 1235 Philemonem,
873 1197 1044 1230 collaudans

217 1253 336 1276 servum
351 1243 536 1289 Onesimum,
548 1244 682 1275 vocando
693 1244 800 1281 ﬁlium,
811 1243 881 1289 quia
892 1247 921 1274 et
931 1243 1040 1289 ipsum,

215 1289 324 1330 inquit,
340 1289 495 1330 baptizavi.
511 1288 584 1320 Nam
601 1290 658 1320 hoc
681 1289 829 1329 signiﬁcat
845 1298 852 1320 :
869 1288 963 1320 Genui
976 1288 1043 1319 cum

217 1343 315 1365 essem
332 1334 363 1364 in
377 1333 514 1365 vinculis.
528 1333 581 1364 His
596 1334 685 1373 igitur
705 1334 807 1364 sedata
821 1333 916 1373 ipsius
933 1333 986 1373 ira,
1004 1333 1044 1364 ita

217 1387 328 1409 nomen
334 1378 518 1418 exprimens,
527 1376 681 1416 Onesimo,
693 1377 799 1418 inquit.
807 1377 977 1414 sQuondam
989 1377 1043 1408 tibi

218 1422 327 1452 inutili.
344 1432 360 1452 ›
378 1421 440 1452 Scit
455 1422 536 1452 enim
551 1421 633 1452 illum
645 1422 696 1462 qui
707 1422 866 1453 conﬁtetur
876 1426 1039 1462 peccatum,

217 1466 293 1497 iram
309 1466 424 1496 domini
453 1465 655 1506 exstinguere.
688 1466 757 1498 Ideo
786 1466 908 1497 subdit:
931 1479 942 1493 α
959 1465 1042 1497 Nunc

215 1519 286 1541 vero
303 1509 357 1540 tibi
372 1514 402 1541 et
415 1510 488 1540 mihi
503 1510 634 1550 perutili.
649 1523 663 1539 ι
681 1510 714 1542 Si
730 1511 822 1542 Paulo
837 1510 971 1551 perutilis
979 1515 1042 1541 erat

215 1555 268 1595 qui
279 1558 359 1585 tanta
370 1554 523 1594 diligentia
533 1554 698 1594 expetebat,
708 1555 896 1585 manifestum
907 1558 951 1585 est
961 1555 1040 1594 quod

215 1597 305 1628 etiam
318 1597 496 1629 Philemoni.
518 1608 531 1627 α
549 1597 643 1634 Quem
656 1598 758 1629 remisi
772 1607 779 1630 :
793 1609 807 1629 ι
824 1599 963 1639 utipsum
977 1598 1038 1629 Do-

214 1642 296 1672 mino
311 1641 461 1680 redderet,
475 1642 568 1681 magis
579 1646 677 1673 autem
688 1647 720 1673 ut
734 1642 809 1673 iram
825 1643 1036 1682 exstingueret.

216 1697 231 1713 α
249 1685 311 1716 Hoc
326 1690 371 1716 est
385 1694 452 1716 mea
462 1685 589 1717 viscera.
599 1699 613 1714 »
625 1686 701 1722 Quid
712 1690 810 1717 autem
819 1687 886 1717 dico
897 1691 928 1717 ut
939 1687 1035 1727 ipsum

213 1729 358 1770 suscipias
370 1729 382 1760 ’ξ
392 1730 471 1761 hunc
482 1730 648 1771 suscipiens
659 1740 725 1761 mea
736 1731 849 1761 viscera
858 1731 1034 1771 suscipiens.

211 1773 306 1812 Adeo,
318 1773 425 1814 inquit,
440 1783 509 1805 eum
519 1774 621 1814 diligo,
635 1779 665 1805 ut
678 1783 745 1805 mea
755 1775 900 1815 appellem
911 1775 1035 1807 viscera.

212 1817 298 1854 Quod
306 1823 418 1859 autem,
427 1819 478 1858 ait,
493 1817 629 1859 Suscipe,
641 1819 698 1849 hoc
718 1823 773 1860 est,
786 1828 851 1849 cum
868 1828 969 1850 amore
982 1829 1034 1850 ac-

211 1865 287 1903 cipe.
308 1875 320 1891 u
340 1862 378 1895 Ut
393 1872 446 1903 pro
459 1867 488 1894 te
502 1863 684 1895 ministraret
697 1863 784 1894 mihi.
803 1876 815 1893 ι
835 1863 940 1894 Viden’
957 1864 1037 1904 quod

209 1908 350 1948 paulatim
366 1907 464 1948 ipsum
480 1907 517 1938 ad
537 1907 658 1938 Domini
673 1907 771 1938 locum
787 1908 983 1949 produxerit?
997 1909 1038 1939 ait

209 1953 288 1983 enim
308 1962 315 1984 :
332 1951 369 1983 Ut
384 1961 437 1992 pro
454 1956 484 1983 te
512 1952 707 1984 ministraret.
725 1952 778 1983 Hic
793 1956 890 1983 autem
906 1953 1038 1984 ostendit

210 1996 290 2037 quod
302 1996 424 2028 Domini
449 1996 548 2037 potius
564 1996 664 2037 cupiat
677 1997 847 2028 utilitatem.
866 1996 937 2028 Nam
952 1997 978 2028 si
993 2001 1035 2035 tu,

207 2040 315 2082 inquit,
327 2040 421 2072 debes
436 2041 619 2080 ministrare,
637 2041 686 2072 hic
701 2046 798 2072 autem
815 2051 868 2082 pro
884 2047 912 2073 te
927 2042 984 2073 hoc
998 2042 1038 2073 fa-

207 2085 258 2123 cit,
275 2086 378 2126 utique
392 2086 423 2116 in
438 2089 518 2116 tuam
531 2089 578 2117 est
588 2085 744 2117 utilitatem
758 2087 835 2126 quod
848 2086 952 2126 agitur.
973 2097 984 2115 σ
1002 2086 1035 2117 In

1090 214 1122 243 δι’
1148 214 1267 254 ἀγάπην,
1297 215 1344 243 οὐκ
1372 213 1519 251 ἐπιτάσσω,
1555 213 1703 253 παρακαλῶ
1737 212 1764 241 δὲ
1793 212 1888 251 μᾶλλον.

1090 259 1175 299 οὕτω,
1199 259 1273 298 φησὶ,
1296 259 1354 296 περὶ
1368 257 1470 288 πολλοῦ
1484 259 1514 285 τὸ
1529 261 1639 297 πρᾶγμα
1661 261 1798 296 ποιοῦμαι.
1812 262 1890 287 τοιοῦ-

1088 315 1132 336 τος
1148 304 1196 341 ὢν,
1213 305 1250 335 ὡς
1265 303 1368 334 Παῦλος
1392 301 1554 342 πρεσϐύτης.
1584 302 1733 343 Παρακαλῶ
1765 301 1801 340 δὲ,
1816 307 1890 331 τοιοῦ-

1088 348 1132 380 τός
1154 358 1193 379 τις
1208 348 1348 387 ὑπάρχων,
1365 347 1424 376 οἷόν
1452 359 1493 379 τις
1518 346 1629 387 ὤφειλεν
1654 348 1738 387 εἶναι,
1753 347 1823 386 φησὶ,
1837 347 1891 386 πρὸς

1087 393 1118 420 τὸ
1132 399 1235 421 πεῖσαι.
1267 391 1381 423 Παῦλος.
1399 403 1413 419 ι
1443 387 1540 431 ’,Ηρκει
1569 390 1597 419 δὲ
1626 392 1689 419 αὒτὸ
1723 393 1798 420 τοῦτο
1823 391 1890 429 μόνον

1088 437 1153 473 πρὸς
1167 436 1197 463 τὸ
1219 442 1322 474 πεῖσαι,
1342 445 1357 465 (
1378 434 1530 476 Πρεσϐύτης
1545 434 1652 474 δέσμιος
1673 436 1737 475 ὑπὲρ
1753 439 1864 474 Χριστοῦ,
1876 448 1886 462 ι

1090 475 1166 519 Ὀρᾷς
1189 481 1253 520 πρὸς
1274 481 1305 508 τὸ
1319 475 1411 509 πεῖσαι
1424 480 1558 520 ἆφορμαίς

1403 624 1530 652 ΚΕΦΑΛ,
1555 615 1596 651 B'.

1090 676 1104 692 ιι
1136 665 1264 697 Σύστασις
1300 663 1442 702 Ὀνησίμου
1470 665 1583 705 φυγάδος
1612 665 1725 702 οἰκέτου,
1747 665 1790 694 καὶ
1815 663 1890 703 παρά-

1177 704 1272 738 κλησις
1288 705 1351 744 ὑπὲρ
1367 705 1445 734 αὐτοῦ
1458 704 1584 738 σωθέντος
1605 705 1647 733 διὰ
1660 706 1784 736 πίστεως.
1802 716 1814 732 ι

1130 764 1145 783 ί
1167 753 1316 794 Παρακαλῶ
1330 765 1357 786 ςε
1379 755 1438 794 περὶ
1459 759 1505 784 τοῦ
1519 754 1583 790 ἐμοῦ
1597 754 1700 794 τέκνου,
1736 755 1749 782 ὃ
1779 753 1890 793 ἐγέννησα

1088 797 1114 826 ἒν
1155 805 1213 830 τοϊς
1255 798 1363 837 δεσμοῖς
1404 810 1453 837 μου
1498 799 1654 839 Ὀνήσιμον,
1682 799 1728 827 τόν
1770 798 1832 827 ποτε
1858 808 1889 824 σοι

1086 841 1232 883 ἄχρηστον,
1272 844 1325 872 νυνὶ
1352 842 1379 871 δέ
1408 854 1448 871 σοι
1489 845 1533 872 καὶ
1565 844 1623 881 ἐμοὶ
1665 843 1822 884 εὔχρηστον,
1867 842 1889 868 ὃν

1086 887 1236 925 ἀνέπεμψα.
1265 888 1301 916 Σὺ
1329 886 1356 915 δὲ
1384 888 1472 925 αὑτὸν,
1502 888 1631 926 τουτέστι,
1662 889 1695 916 τὰ
1719 888 1772 926 ἐμὲ
1799 885 1889 924 σπλάγ-

1086 943 1151 972 χνα,
1179 930 1340 971 προσλαϐοῦ,
1380 932 1409 960 ὃν
1447 931 1501 971 ἐγὼ
1541 931 1688 970 ἐϐουλόμην
1720 933 1785 972 πρὸς
1818 931 1890 968 ἐμαυ-

1085 977 1130 1004 τὸν
1158 976 1294 1016 κατέχειν,
1322 975 1369 1004 ἵνα
1395 976 1459 1016 ὑπὲρ
1502 981 1548 1006 σοῦ
1582 976 1691 1015 διακονῇ
1720 988 1765 1014 μοι
1793 975 1818 1004 ἐν
1843 981 1890 1005 τοῖς

1085 1019 1194 1058 δεσμοῖς
1235 1026 1282 1050 τοῦ
1317 1019 1487 1060 Εὒαγγελίου.
1533 1021 1617 1059 Χωρὶς
1665 1020 1693 1049 δὲ
1741 1024 1791 1054 σῆς
1830 1019 1890 1059 γνώ-

1085 1076 1139 1103 μης
1186 1064 1259 1094 οὐδὲν
1303 1064 1422 1099 ἠθέλησα
1463 1068 1586 1106 ποιῆσαι,
1620 1065 1667 1094 ἵνα
1708 1066 1748 1104 μὴ
1777 1066 1811 1098 ὡς
1836 1063 1892 1093 κατᾶ

1084 1109 1202 1148 ἀνάγκην
1250 1110 1281 1137 τὸ
1309 1109 1405 1149 ἀγαθόν
1448 1121 1495 1138 σου
1523 1111 1553 1148 ᾖ,
1603 1109 1673 1138 ἀλλὰ
1713 1110 1782 1138 κατὰ
1832 1108 1893 1136 ἐκού-

1084 1164 1154 1183 σιον.

1127 1197 1345 1238 Προκαταλεαίνει
1381 1199 1428 1226 τὸν
1468 1197 1618 1239 Φιλήμονα,
1657 1199 1827 1239 ἐγκωμιάζων
1852 1196 1890 1224 τὸν

1086 1242 1190 1276 οἰκέτην
1217 1242 1307 1270 τέκνον
1335 1241 1434 1279 καλῶν,
1463 1241 1503 1270 ὅτι
1532 1243 1576 1271 καὶ
1598 1243 1687 1284 αὑτὸν,
1718 1243 1807 1282 φησὶν,
1836 1239 1889 1270 ἐϐά-

1084 1297 1190 1316 πτιστα.
1208 1290 1288 1315 Τοῦτο
1299 1287 1348 1326 γὰρ
1363 1288 1406 1324 τὸ,
1419 1287 1563 1326 Ἐγέννησα
1584 1287 1611 1316 ἐν
1625 1294 1684 1319 τοῖς
1698 1287 1807 1325 δεσμοῖς
1821 1286 1890 1324 ὑπάρ-

1084 1342 1154 1370 χων.
1189 1331 1237 1360 Διὰ
1277 1332 1376 1359 τούτων
1411 1333 1454 1360 οὖν
1483 1332 1705 1371 προκαταστείλας
1733 1333 1780 1360 τὸν
1820 1331 1889 1368 θυμὸν

1084 1375 1172 1413 αὐτοῦ,
1187 1374 1269 1408 οὕτως
1289 1375 1437 1414 ἐξονομάζει
1456 1377 1488 1404 τὸ
1509 1375 1592 1414 ὄνομα
1606 1386 1614 1395 ·
1639 1377 1794 1414 Ὀνήσιμον,
1810 1374 1889 1416 φήσίν,

1086 1430 1100 1446 α
1116 1419 1166 1447 Τόν
1180 1419 1245 1447 ποτέ
1258 1431 1299 1448 σοι
1314 1419 1461 1459 ἄχρηστον,
1478 1431 1491 1447 ι
1516 1420 1580 1449 Οἵδε
1610 1421 1660 1461 γὰρ
1688 1420 1889 1460 ὁμολογούμενον

1083 1463 1112 1490 τὸ
1148 1464 1306 1504 ἁμάρτημα,
1335 1463 1465 1493 σϐεννύειν
1496 1466 1541 1493 τὸν
1579 1467 1660 1503 θυμὸν
1688 1469 1733 1494 τοῦ
1763 1464 1889 1493 δεσπότου.

1085 1518 1099 1534 ¢
1115 1509 1177 1536 Νυνὶ
1198 1507 1225 1536 δὲ
1240 1519 1281 1536 σοι
1295 1509 1339 1536 καὶ
1353 1508 1411 1546 ἐμοὶ
1432 1508 1590 1549 εὔχρηστος,
1615 1521 1628 1537 ι
1649 1510 1676 1538 Εἰ
1693 1509 1790 1546 Παύλῳ
1799 1509 1889 1548 εὔχρη-

1081 1563 1142 1583 στος
1157 1553 1287 1592 τοσαύτην
1315 1551 1447 1592 ἀκρίϐειαν
1473 1554 1637 1592 ἀπαιτοῦντι,
1662 1554 1786 1588 δηλονότι
1801 1554 1841 1582 καὶ
1859 1555 1890 1588 τῷ

1080 1595 1222 1634 Φιλήμονι.
1242 1609 1256 1625 ι
1272 1590 1318 1626 ΝΟν
1339 1597 1489 1637 ἀνέπεμψα,
1515 1610 1528 1628 ι
1557 1602 1601 1636 Τῷ
1629 1598 1790 1638 παραδοῦναι
1822 1598 1888 1626 αὐτὸν

1078 1643 1117 1677 τῷ
1147 1641 1280 1682 Δεσπότῃ,
1317 1641 1418 1680 μᾶλλον
1445 1643 1489 1671 τὸν
1511 1644 1591 1681 θυμὸν
1615 1642 1730 1674 ἔσϐεσεν.
1763 1641 1885 1677 Τουτέστι,

1078 1685 1110 1712 τὰ
1145 1684 1196 1723 ἐμὰ
1229 1685 1384 1726 σπλάγχνα,
1401 1698 1415 1714 n
1447 1687 1477 1716 Τί
1504 1686 1575 1726 λέγω
1604 1688 1681 1716 αὐτόν
1720 1685 1885 1727 προσλαϐοῦς

1077 1729 1173 1758 Τοῦτον
1201 1729 1480 1769 προσλαμϐανόμενος,
1509 1732 1541 1759 τὰ
1567 1732 1618 1769 ἐμὰ
1645 1731 1790 1772 σπλάγχνα
1811 1740 1886 1771 προσ-

1077 1773 1164 1812 λήψῃ.
1182 1774 1269 1808 Οὕτως
1289 1775 1366 1804 αὐτὸν
1396 1775 1504 1816 ἀγαπῶ,
1532 1777 1622 1817 φησὶν,
1652 1778 1688 1809 ὡς
1717 1779 1763 1805 καὶ
1791 1775 1887 1814 σπλάγ-

1077 1829 1130 1858 χνα
1159 1818 1263 1861 καλεῖν.
1294 1821 1329 1848 Τὸ
1357 1818 1396 1860 δὲ,
1425 1820 1586 1861 προσλαϐοῦ,
1609 1822 1669 1850 οἷον
1694 1822 1763 1859 μετὰ
1791 1821 1888 1860 ἀγάπης

1076 1862 1157 1895 δέξαι.
1185 1875 1195 1891 ι
1233 1858 1294 1892 ι’[να
1321 1858 1394 1899 ὑπὲρ.
1413 1858 1459 1893 σοῦ
1480 1864 1588 1904 διακονῇ
1614 1877 1670 1904 μοι.
1696 1858 1711 1894 ν»
1746 1858 1824 1905 Ὀρᾷς
1855 1864 1889 1892 ὅτι

1076 1908 1143 1935 κατὰ
1160 1908 1252 1950 μικρὸν
1275 1909 1311 1940 εἰς
1343 1910 1389 1937 τὸν
1414 1909 1495 1938 τόπον
1523 1911 1600 1939 αὐτὸν
1622 1911 1707 1950 ἤγαγε
1734 1916 1783 1940 τοῦ
1802 1909 1889 1938 δεσπό-

1077 1961 1137 1992 του,
1157 1947 1219 1980 Ἵνα
1233 1953 1295 1993 γὰρ,
1310 1954 1384 1994 φησὶ,
1400 1954 1464 1994 ὑπὲρ
1492 1957 1539 1983 σοῦ
1562 1966 1607 1993 μοι
1635 1947 1756 1993 διακονῇ,
1774 1955 1891 1984 Ἐνταῦθα

1077 1995 1104 2024 δὲ
1139 1995 1264 2026 δείκνυσιν
1299 1997 1339 2026 ὅτι
1366 2002 1405 2036 τῷ
1444 1999 1566 2038 Δεσπότῃ
1613 1999 1745 2040 συμφέρον
1776 1998 1889 2038 βούλεται

1078 2040 1191 2079 μᾶλλον.
1208 2043 1237 2070 Εἴ
1252 2042 1301 2082 γὰρ
1315 2043 1357 2081 σὺ,
1381 2044 1456 2083 φησὶ,
1479 2047 1627 2083 χρεῶστεϊς
1656 2043 1802 2082 διακονεῖν,
1825 2044 1890 2073 οὗτος

1076 2084 1103 2113 δὲ
1117 2085 1174 2114 ἀντὶ
1194 2089 1241 2115 σοῦ
1262 2090 1338 2115 τοῦτο
1362 2094 1448 2125 ποιεῖ,
1485 2089 1530 2116 σὸν
1558 2087 1651 2129 ὄφελος
1678 2090 1709 2117 τὸ
1744 2089 1888 2128 γινόμενον.

205 2129 332 2180 vinculis
347 2130 509 2180 Evangelii.
522 2142 534 2159 ι
556 2129 589 2161 In
601 2129 726 2180 vinculis
736 2139 801 2180 quae
809 2140 864 2180 pro
876 2131 1031 2180 Evangelia

1123 2130 1168 2158 Ἐν
1202 2137 1261 2163 τοῖς
1292 2130 1414 2169 δεσμοῖς,
1430 2137 1476 2162 τοῦ
1499 2133 1668 2173 Εὖαγγελίου.
1685 2132 1730 2162 Ἐν
1753 2140 1813 2166 τοῖς
1832 2132 1888 2170 imi?

204 2174 338 2214 perfero.
352 2186 364 2204 ι
380 2174 440 2206 Sed
451 2175 565 2216 absque
577 2179 626 2206 tua
637 2175 795 2206 sententia.
808 2185 824 2206 ιο
835 2175 897 2206 Hoc
907 2175 1034 2207 maxime

205 2219 305 2260 ipsum
317 2219 501 2257 emolliebat,
514 2219 592 2260 quod
604 2228 668 2250 rem
679 2219 754 2251 adeo
767 2219 822 2250 sibi
833 2220 1031 2250 necessariam

204 2263 319 2304 absque
335 2264 400 2304 ejus
415 2264 564 2295 sententia
594 2273 655 2294 non
679 2264 797 2296 fecerit.
816 2276 830 2292 α
846 2265 890 2295 Ne
904 2264 982 2295 velut
997 2273 1031 2295 ex

205 2307 416 2340 necessitate.»
429 2307 495 2339 Non
504 2308 581 2339 dixit
588 2307 763 2349 simpliciter
774 2319 780 2337 :
791 2309 833 2340 Ex
843 2308 1028 2347 necessitate,

203 2354 270 2390 sed,
284 2352 375 2384 Velut
389 2361 425 2384 ex
440 2352 630 2384 necessitate.
646 2352 775 2384 Perinde
789 2362 823 2384 ac
851 2353 876 2383 si
892 2353 1006 2384 diceret
1021 2361 1028 2384 :

202 2396 347 2429 Noveram
364 2397 445 2438 quod
462 2397 488 2428 si
502 2397 594 2428 etiam
622 2401 731 2438 praeter
755 2402 832 2429 tuam
852 2397 1029 2429 sententiam

201 2442 300 2482 ipsum
316 2444 490 2480 retinerem,
508 2451 697 2483 nequaquam
712 2446 740 2473 te
752 2442 970 2473 contristarem:
983 2446 1031 2472 at—

202 2491 302 2518 tamen
315 2496 353 2518 ne
367 2486 518 2518 videretur
529 2486 614 2527 quasi
625 2496 660 2518 ex
671 2487 848 2518 necessitate
860 2487 937 2525 ﬁeri,
948 2486 1031 2518 nolui

201 2531 313 2562 facere.

240 2577 326 2608 Vers.
342 2575 444 2608 15-20.
454 2575 532 2606 Nam
538 2579 698 2616 propterea
711 2576 847 2615 forsitan
864 2576 980 2607 secessit
990 2575 1030 2607 ad

199 2620 1029 2661 horam,utaeternumeumreciperes.noniamutservum,

198 2666 253 2696 sed
257 2674 353 2706 supra
360 2665 730 2706 servum,nempefratrem
735 2666 1030 2706 dilectum,maa;ime

200 2709 408 2750 mihiquartto
416 2713 520 2741 autem
530 2711 628 2750 magis
643 2710 698 2741 tibi
709 2714 735 2740 et
745 2710 778 2741 in
786 2718 878 2741 carne
884 2714 914 2740 et
924 2712 958 2741 in
966 2710 1030 2741 D0-

201 2754 344 2787 mtno?Si
356 2756 456 2795 igitur
471 2762 519 2786 me
531 2754 622 2786 habes
629 2757 808 2793 camertem,
818 2754 934 2794 suscipe
941 2753 1031 2786 illum

1074 2178 1120 2203 τοῦ
1142 2175 1301 2215 Εὖαγγελίου
1315 2175 1435 2214 δεσμοῖς.
1455 2189 1470 2205 ι
1493 2179 1577 2218 Χωρὶς
1610 2177 1637 2206 δὲ
1664 2179 1714 2212 τῆς
1743 2181 1794 2212 σῆς
1823 2178 1888 2217 γνώ-

1074 2231 1140 2264 μης.
1159 2231 1172 2248 ι
1202 2224 1285 2249 Τοῦτο
1305 2221 1421 2258 μάλιστα
1446 2223 1524 2251 αὑτὸν
1563 2223 1686 2264 ἐχαύνου,
1718 2223 1759 2252 ὅτι
1787 2225 1888 2263 πρᾶγμα

1073 2263 1155 2296 οὕτως
1182 2263 1330 2307 ἀναγκαιον
1360 2268 1440 2306 αὐτῷ,
1481 2267 1554 2307 παρὰ
1588 2263 1698 2306 γνώμην
1736 2269 1816 2296 αὖνοῦ
1849 2267 1889 2294 οὒκ

1072 2309 1208 2343 εποίησεν,
1227 2321 1238 2337 ι
1279 2305 1341 2338 Ἵνα
1368 2311 1407 2348 μὴ
1429 2305 1689 2352 ὧςλκατὰβνᾶγκην.
1715 2323 1729 2340 ι
1747 2313 1802 2341 Οὔκ
1821 2311 1887 2347 εἷπε,

1074 2354 1148 2382 Κατὰ
1177 2353 1307 2397 ἀνάγκην,
1350 2354 1422 2393 ἀλλ’,
1471 2350 1517 2388 (Ως
1545 2350 1620 2385 κατᾶ
1640 2357 1762 2397 ἀνάγκην
1778 2365 1785 2372 ”
1812 2357 1848 2388 ὡς
1871 2359 1889 2385 εἰ

1073 2397 1150 2426 εἶπεν
1167 2407 1174 2415 ·
1208 2392 1307 2433 ’ᾙόειν
1329 2397 1369 2427 ὅτι
1395 2400 1439 2427 καὶ
1459 2401 1530 2440 παρὰ
1551 2400 1662 2440 γνώμην
1692 2392 1739 2429 σου
1770 2401 1889 2440 κατάχων

1073 2443 1159 2480 οὖτὸν,
1177 2443 1224 2471 οὐκ
1245 2442 1354 2473 ἐλύπων
1374 2455 1415 2473 σε.
1439 2443 1515 2472 Ἀλλ’
1545 2445 1591 2473 ἵνα
1618 2445 1658 2483 μὴ
1688 2444 1749 2485 δόξῃ
1771 2446 1810 2477 ὡς
1831 2444 1890 2473 κατά

1072 2486 1191 2526 ἀνάγκην
1206 2487 1333 2529 γίνεσθαι,
1349 2489 1396 2517 οὐκ
1411 2487 1573 2527 ἠϐουλήθην,
1596 2490 1686 2530 φησίν.

1117 2587 1132 2607 (
1147 2576 1225 2617 Τέχα
1245 2577 1298 2616 γὰρ
1319 2576 1361 2607 διὰ
1385 2581 1462 2607 τοῦτο
1486 2579 1620 2619 ἒχωρίσθη
1651 2579 1716 2619 πρὸς
1744 2579 1827 2620 ὥραν,
1849 2578 1888 2606 ἵνα

1073 2623 1179 2652 αἰώνιον
1207 2622 1284 2650 αὐτὸν
1312 2622 1431 2663 ἀπέχῃς,
1461 2624 1508 2652 οὒκ
1548 2623 1586 2652 ἔτι
1628 2625 1665 2657 ὡς
1700 2623 1805 2665 δοὺλον,
1834 2621 1888 2651 ἀλλ’

1073 2668 1138 2708 ὑπὲρ
1185 2665 1290 2704 δοῦλον,
1333 2666 1444 2708 ἀδελφὸν
1492 2668 1645 2710 ἀγαπητὸν,
1697 2668 1814 2708 μάλιστα
1840 2667 1893 2706 ἐμοὶ

1074 2713 1152 2750 Πόσῳ
1174 2710 1201 2738 δὲ
1223 2710 1326 2748 μᾶλλον
1356 2724 1396 2741 σοι
1425 2713 1469 2742 καὶ
1503 2713 1530 2741 ἐν
1559 2714 1635 2754 σαρκὶ
1671 2715 1715 2743 καὶ
1743 2714 1772 2743 ἐν
1801 2713 1893 2752 Κυρίῳ.

1076 2758 1104 2786 Εἰ
1133 2756 1177 2785 οὖν
1212 2766 1246 2794 με
1275 2756 1349 2796 ἔχεις
1384 2758 1523 2797 κοινωνὸν,
1568 2757 1719 2799 προσλαϐοῦ
1752 2759 1832 2788 αὐτὸν
1863 2758 1896 2789 ὡς
