1936 3080
49 174 108 208 273

591 178 788 211 COMMENT.
812 179 852 211 IN
874 178 996 210 EPIST.
1020 177 1070 210 AD
1090 179 1206 211 HEBR.

1684 179 1744 212 274

49 245 112 270 πᾶσι
142 249 203 274 τοῖς
239 243 333 282 ἔθνεσι,
372 245 464 285 γράφει
506 244 598 273 λοιπον
640 245 684 273 καὶ
728 245 779 279 τὴν
808 256 876 285 περι-

959 245 1083 286 ripisset,
1100 245 1234 277 Hebraeis
1257 255 1375 287 quoque
1389 247 1441 287 qui
1465 256 1499 279 ex
1513 246 1743 280 circumcisione

48 288 136 324 τομῆς
165 288 336 317 πιστεύσασιν
379 288 530 329 Ἐμόραίοις
564 288 750 323 ἀποδεικτικὴν
780 291 876 324 ταύτην

48 330 207 368 ἐπιστολὴν,
224 333 283 372 περὶ
310 334 359 367 τῆς
387 338 433 363 τοῦ
476 339 581 373 χριστοῦ
603 334 746 373 παρουσίας
773 335 817 363 καὶ
831 338 877 363 τοῦ

48 378 203 404 πεπαῦσθαι
232 377 281 410 τὴν
318 378 393 406 σκιὰν
421 382 468 406 τοῦ
492 379 586 415 νόμου.
617 378 665 407 Καὶ
693 381 797 418 πρῶτον
828 379 876 416 μὶν

48 419 219 449 ἀποδείκνυσι
252 422 313 454 τοὺς
342 423 477 463 προφήτας
512 422 554 450 διὰ
588 427 665 451 τοῦτο
701 422 874 459 ἀπεστάλθαι,

48 466 96 493 ’ἱνα
117 466 179 504 περὶ
199 471 247 495 τοῦ
265 469 390 505 Σωτῆρος
417 466 608 506 ἀπαγγείλωσι,
637 468 681 495 καὶ
708 466 767 505 μετ’
782 469 876 500 αὖτοὺς

50 509 131 541 αὐτὸς
162 509 237 549 ἔλθῃ,
265 510 371 544 δούλους
411 522 440 540 τε
469 507 539 540 εἶναι
574 512 634 544 τοὺς
661 512 798 551 προφήτας
833 513 876 540 καὶ

50 554 173 591 μηνυτὰς
195 557 244 588 τῆς
259 556 337 584 αὐτοῦ
361 556 513 596 παρουσίας,
543 555 621 584 αὐτὸν
648 555 676 584 δὲ
704 557 750 584 τὸν
765 557 876 596 Χριστόν

53 598 114 625 ΐὶὸν
129 598 202 627 εῖναι
230 603 307 640 Θεοῦ,
337 599 371 628 δι’
399 601 430 628 οὗ
449 601 482 629 τὰ
510 600 596 629 πάντα
625 600 718 640 γέγονε
736 608 743 615 ⁶
772 601 816 629 καὶ
835 600 876 628 ὅτι

51 647 147 671 τοῖιτον
162 643 208 671 τὸν
223 645 282 672 Υἱὸν
304 643 354 672 ἔδει
374 644 508 684 ἄνθρωπον
524 645 655 685 γενέσθαι,
683 644 730 673 ’ἵνα
758 644 800 673 διὰ
827 647 876 678 τῆς

50 687 100 714 τοῦ
113 687 238 725 σώματος
273 688 352 717 who-3
379 689 467 722 θυσίας
495 690 651 728 καταργήσῃ
679 690 726 718 τὸν
753 689 874 721 θάνατον.

53 731 91 759 Οὗ
105 731 157 771 γὰρ
171 731 205 760 δι’
233 732 349 771 αἵματος
377 735 481 773 {adcr/‘00
510 735 527 768 ἢ
555 733 663 773 τράγου,
693 732 761 761 ἀλλά
779 732 814 761 δι’
828 733 876 761 αἴ-

53 786 140 811 ματος
155 779 279 817 Χριστοῦ,
308 777 410 806 ἔσεσθαι
445 784 503 810 τοῖς
531 777 678 817 ἀνθρώποις
705 778 755 812 τὴν
783 788 875 811 σωτη-

48 819 118 858 ρίαν.
142 819 321 850 Ἀποόείκνυσι
342 821 369 850 δὲ
383 822 423 851 ὅτι
443 823 457 851 δ
492 822 572 860 νόμος
601 821 691 850 οὖδένα
707 821 876 860 ἀτελείωσεν,

53 863 123 892 ἀλλά
153 866 228 894 σκιὰν
255 867 319 907 εἶχε
358 871 411 896 τῶν
440 866 590 905 μελλόντων
624 866 740 907 ἀγαθῶν,
768 867 811 895 καὶ
846 868 876 896 οὒ

53 908 221 938 κατέπτυσεν
237 911 251 939 ὁ
272 910 349 947 λαὸς,
374 911 441 940 ἀλλὰ
482 911 559 945 κοινή
589 914 668 940 πᾶσιν
693 913 760 949 ἡμῖν
775 911 874 940 ἀπολέ-

54 952 162 982 λειπται
177 955 264 994 ἡμέρα
289 959 338 989 τῆς
367 956 567 987 καταπαύσεως,
599 955 680 983 Πάλιν
708 955 735 983 δὲ
769 955 878 984 ἀποδεί-

54 1008 147 1026 κνυσιν
176 998 217 1027 ὅτι
245 1000 262 1033 ἡ
290 1000 463 1040 ἀρχιερατικὴ
498 999 644 1039 λειτουργία
672 999 798 1037 μετετέθη
826 1000 878 1028 ἀπὸ

55 1040 160 1082 Ἀαρὼν
175 1044 211 1076 εἷς
233 1045 277 1072 τὸν
299 1046 422 1084 Χριστὸν,
447 1045 476 1073 οὗ
489 1045 570 1076 τύπος
597 1044 630 1078 ἧν
658 1045 672 1072 ὁ
702 1043 877 1084 Μελχισεδὲκ,

55 1087 103 1114 οὒκ
132 1087 170 1116 ὢν
196 1088 226 1116 ἐκ
254 1093 299 1118 τοῦ
334 1089 404 1120 Δευί,
434 1090 521 1117 Πίστει
556 1088 582 1116 δὲ
611 1087 790 1116 δεδικαιῶσθαι
818 1089 878 1120 τοὺς

55 1131 172 1171 πατέρας
193 1134 326 1170 σημαίνει,
368 1134 412 1162 καὶ
439 1136 487 1163 οὒκ
516 1133 542 1166 ἐξ
571 1133 654 1172 ’ἔργων
686 1133 779 1171 νόμου.
810 1133 878 1161 Εἶτα

55 1176 138 1204 πάλιν
169 1177 204 1209 εἶς
239 1179 272 1205 τά
307 1178 357 1212 ἤθη
381 1178 595 1218 προτρεψάμενος
623 1178 666 1205 καὶ
694 1177 810 1217 τούτους,
836 1178 878 1205 καὶ

56 1219 252 1258 ἀποδεξάμενος
268 1222 352 1250 αὐτῶν
381 1223 431 1256 τὴν
463 1221 506 1249 ὂιά
534 1222 644 1261 Χριστὸν
670 1221 818 1261 ὑπομονὴν,
834 1222 878 1249 καὶ

55 1265 150 1298 πείσας
174 1269 254 1304 τιμᾷν
277 1267 337 1299 τοὺς
372 1265 572 1307 πρεσϐυτέρους,
594 1265 693 1294 τελειοτ
713 1266 763 1300 τὴν
797 1264 877 1295 Ἐπι-

55 1308 140 1344 στολή
143 1321 156 1336 ν
160 1333 167 1341 ,

311 1359 477 1385 ΥΠΟΘΕΣΙΣ
495 1359 612 1386 ΕΤΕΡΑ.

98 1399 166 1436 “pb:
204 1394 336 1440 Ἐϐραίους
358 1399 515 1436 Ἐπιστολὴ,
558 1398 632 1427 δοκεῖ
653 1399 702 1436 μὲν
731 1399 778 1428 οὐκ
805 1398 876 1426 εἶναι

58 1443 173 1483 Παύλου,
196 1443 238 1472 διὰ
259 1455 287 1472 τε
308 1445 353 1473 τον
367 1446 536 1485 χαρακτῆρα,
566 1444 610 1472 καὶ
638 1444 668 1471 τὸ
701 1443 740 1480 μὴ
755 1443 876 1482 προγρά-

57 1498 115 1526 φειν
130 1489 167 1520 ὡς
182 1489 210 1517 ἐν
232 1489 345 1521 ἀπάσαις
380 1495 441 1520 ταῖς
471 1488 562 1520 ἄλλαις
586 1486 766 1525 Ἐπιστολαῖς,
789 1487 877 1515 καὶτὸ

58 1531 158 1573 λέγειν,
192 1545 205 1560 ι
222 1537 282 1565 Πῶς
311 1534 392 1571 ἡμεῖς
420 1532 601 1574 ἒκφευξώμεθα
628 1531 790 1565 τηλικαύτης
815 1531 878 1569 ἀμε-

917 289 1106 321 crediderant
1135 294 1238 330 postea
1265 290 1372 322 scribit
1395 291 1471 322 hanc
1485 300 1545 332 qua
1574 301 1626 323 eos
1640 291 1746 323 doceat

918 333 1089 374 Epistolam,
1105 344 1163 375 qua
1179 335 1330 366 Christum
1345 335 1476 366 declarat
1490 336 1619 377 venisse,
1631 341 1662 368 et
1674 345 1743 368 um-

918 377 1001 409 bram
1013 378 1086 418 legis
1099 378 1282 410 cessasse.Et
1292 379 1422 420 primum
1429 380 1551 420 quidem
1560 381 1748 412 demonstrat

919 426 1074 463 propterea
1091 423 1197 454 missos
1208 423 1299 455 fuisse
1311 423 1472 464 propbetas
1483 429 1512 456 et
1521 425 1746 456 annuntiatores

917 467 1061 498 adventus
1091 467 1195 508 ipsius,
1227 468 1325 509 ipsum
1350 477 1419 500 vero
1444 468 1595 500 Christum
1610 478 1677 500 esse
1692 469 1746 501 Dei

917 511 1036 549 Filium,
1049 520 1102 552 per
1114 521 1202 552 quem
1213 512 1314 543 omnia
1324 512 1401 544 facta
1415 517 1494 545 sunt.
1512 513 1657 554 Quodque
1665 513 1746 544 hunc

917 555 1025 587 Filium
1055 556 1185 596 oportuit
1213 557 1278 588 ﬁeri
1310 557 1474 595 hominem,
1502 561 1535 589 nt
1550 567 1604 598 per
1618 558 1745 589 hostiam

917 600 1050 640 corporis
1065 600 1111 631 sui
1140 600 1256 632 deleret
1284 606 1425 634 mortem.
1455 601 1559 642 Neque
1587 603 1668 634 enim
1693 612 1746 643 per

916 644 1091 684 sanguinem
1105 645 1187 676 vituli
1202 649 1252 676 aut
1279 645 1368 684 hirci,
1397 646 1451 678 sed
1475 656 1530 688 per
1543 647 1655 679 Christi
1670 657 1744 678 san-

917 689 1038 728 guinem
1057 689 1153 720 futura
1168 694 1231 720 erat
1260 690 1399 722 omnibus
1422 691 1512 722 salus.
1539 691 1677 723 Ostendit
1688 701 1743 723 au-

917 737 976 764 tem
993 734 1071 774 quod
1089 734 1135 765 lex
1159 735 1312 766 neminem
1341 735 1511 775 perfecerit,
1527 736 1581 768 sed
1608 736 1744 768 umbram

918 777 1045 809 habebat
1058 778 1225 809 futurorum
1249 779 1408 811 bonorum.
1437 781 1507 812 512
1521 780 1582 812 Nec
1598 780 1745 822 requievit

918 822 1043 863 populus
1057 823 1208 862 Judaicus,
1226 824 1278 854 sed
1294 825 1494 857 communiter
1507 825 1648 857 omnibus
1658 825 1745 857 nobis

887 867 1038 916 Brelictus
1073 871 1118 916 est
1151 867 1216 898 dies
1238 867 1358 916 quietis.
1388 870 1533 916 l’rzeterea
1561 869 1746 916 demonstrat

920 911 1007 942 etiam
1035 912 1113 953 quod
1142 913 1326 944 sacerdotale
1357 914 1557 946 ministerium
1585 914 1621 946 ab
1645 915 1745 946 Aaron

919 956 1091 987 translatum
1120 957 1159 989 sit
1187 957 1218 988 in
1247 957 1395 989 Christum
1417 969 1424 989 :
1450 959 1536 999 cujus
1562 959 1656 998 ﬁgura
1685 963 1748 990 erat

919 1000 1153 1039 Melchisedech,
1168 1002 1218 1042 qui
1235 1011 1294 1033 non
1314 1002 1510 1034 descenderat
1525 1013 1561 1034 ex
1574 1003 1656 1034 Levi.
1673 1003 1746 1036 Fide

919 1054 1038 1085 quoque
1048 1046 1223 1084 justiﬁcatos
1238 1046 1328 1078 fuisse
1344 1051 1442 1088 patres
1468 1047 1625 1087 signiﬁcat.
1643 1052 1747 1079 etnon

921 1097 955 1119 ex
971 1089 1111 1129 operibus
1123 1090 1205 1129 legis.
1224 1090 1338 1122 Deinde
1363 1091 1415 1122 ubi
1430 1093 1485 1123 hos
1497 1092 1585 1123 etiam
1601 1092 1638 1123 ad
1650 1092 1746 1123 bonos

921 1137 1018 1160 mores
1033 1130 1202 1161 exhortatus
1213 1135 1268 1168 est,
1285 1135 1313 1162 et
1324 1132 1544 1163 commendavit
1555 1132 1744 1163 tolerantiam

919 1173 1053 1212 ipsorum
1066 1179 1186 1215 propter
1194 1174 1357 1213 Christum,
1370 1176 1525 1217 suasitque
1535 1182 1568 1207 ut
1576 1176 1747 1208 senioribus

919 1217 1072 1250 deferrent
1083 1219 1238 1258 honorem,
1256 1220 1408 1251 concludit
1420 1221 1589 1262 epistolam.

1125 1352 1238 1384 ALIUD
1259 1351 1534 1386 ABGUMENTUM.

959 1395 1088 1432 Epistola
1101 1396 1137 1427 ad
1162 1396 1302 1429 Hebraaos
1326 1398 1444 1429 videtur
1460 1399 1582 1440 quidem
1600 1407 1660 1430 non
1675 1408 1744 1430 esse

918 1439 1010 1478 Pauli,
1028 1444 1089 1471 tum
1103 1446 1225 1482 propter
1239 1442 1390 1474 scribendi
1403 1439 1576 1481 dictionem,
1592 1447 1653 1474 tum
1664 1443 1744 1484 quod

919 1495 1004 1516 suum
1034 1495 1094 1516 non
1122 1487 1280 1526 prazﬁxerit
1309 1497 1430 1528 nomen,
1447 1488 1698 1529 quemadmodum
1713 1488 1745 1518 in

919 1529 1033 1560 caeteris
1046 1530 1184 1561 omnibus
1199 1531 1360 1572 Epistolis:
1379 1535 1439 1563 tum
1451 1532 1531 1574 quod
1542 1532 1631 1564 dicat:
1647 1532 1746 1569 «Quo-

58 1577 191 1612 λήσαντες
218 1580 362 1620 σωτηρίας,
384 1582 402 1616 ἤ
431 1591 470 1612 τις
497 1579 584 1619 ἀρχὴν
605 1577 720 1606 λαϐοῦσα
741 1577 876 1606 λαλεῖσθαι

959 1574 1008 1605 )do
1025 1574 1199 1614 elfugiemus
1223 1576 1273 1617 qui
1289 1580 1398 1608 tantam
1412 1577 1597 1616 negleximus
1608 1576 1744 1617 salutem,

57 1623 110 1651 ὑπὸ
125 1628 172 1652 τοῦ
189 1625 280 1664 Κυρίου
302 1624 343 1652 διὰ
372 1626 424 1652 τῶν
447 1623 614 1653 ἀκουσάντων
648 1624 684 1655 εἰς
713 1623 784 1660 ἡμᾶς
819 1620 879 1650 ἐϐε-

57 1665 174 1704 ϐαιώθη,
211 1673 495 1709 συνεπιμαρτυροῦντος
516 1671 561 1696 τοῦ
593 1671 658 1696 Θεοῦ
694 1668 814 1705 σημείοις
838 1667 881 1694 καὶ

57 1712 162 1752 τέρασι.
182 1725 194 1742 ι
209 1719 259 1744 T05
286 1714 335 1751 μὲν
349 1714 393 1742 οὖν
418 1712 552 1753 ἠλλάχθαι
579 1712 625 1740 τὸν
650 1714 810 1753 χαρακτῆρα
831 1713 880 1744 τῆς

57 1755 234 1794 Ἐπιστολῆς,
251 1758 348 1798 φανερά
377 1758 394 1791 ἡ
416 1751 510 1789 αἰτίας
529 1758 595 1796 Πρὸς
630 1757 680 1796 γάρ
702 1751 834 1795 Ἐϐραίους
847 1759 882 1793 τῇ

57 1805 132 1841 σφῶν
161 1801 290 1839 διαλέκτῳ
318 1808 462 1843 γραφεῖσα,
500 1801 607 1840 ὕστερον
641 1802 881 1840 μεθερμηνευθῆναι

57 1845 176 1885 λέγεται,
194 1847 230 1879 ὡς
261 1846 308 1884 μέν
336 1857 404 1878 τινες
426 1847 476 1874 ὕπὸ
511 1849 611 1885 Δουκᾶ,
642 1845 678 1877 ὡς
706 1843 733 1872 δὲ
749 1845 773 1872 oi
788 1844 882 1873 πολλοὶ

59 1891 112 1919 ὑπὸ
148 1891 314 1929 Κλήμεντος.
340 1892 437 1921 Τούτου
457 1892 508 1931 γὰρ
545 1891 589 1918 καὶ
616 1890 693 1925 σώζει
714 1890 759 1917 τὸν
794 1900 880 1928 χαρα-

58 1947 157 1974 κτηρα.
175 1941 226 1966 Τοῦ
239 1935 266 1964 δὲ
281 1937 320 1974 μὴ
347 1936 504 1976 προγράφειν
519 1936 567 1969 τὴν
579 1933 739 1966 Ἐπιστολὴν
753 1937 879 1970 τοῦνομα,

60 1980 149 2008 αἴτιον
164 1981 181 2015 ἡ
206 1980 357 2012 ἀκολουθία.
389 1979 550 2011 ’Λπόστολος
586 1979 636 2018 γὰρ
667 1977 747 2006 ἐθνῶν
761 1977 882 2016 ὑπῆρχεν

62 2027 77 2053 ὸ
106 2025 221 2066 Παῦλος,
251 2024 311 2054 ἀλλ’
347 2025 408 2065 οὒχὶ
435 2024 576 2062 Ἰουδαίων,
608 2023 664 2051 imi
690 2021 775 2066 δεζιᾷς
802 2020 882 2049 ἔδωκε

60 2073 100 2106 τῷ
115 2070 205 2109 Πέτρῳ
217 2071 260 2098 καὶ
282 2077 340 2102 τοϊς
368 2069 526 2100 ἀποστόλοις
563 2066 712 2102 κοινωνίας,
742 2065 789 2094 ἵνα
805 2066 882 2097 αὑτὸς

62 2115 112 2152 μὲν
128 2115 173 2142 σὺν
190 2113 307 2154 Βαρνάϐᾳ
328 2115 364 2146 εἰς
391 2114 424 2142 τὰ
448 2113 514 2155 ἔθνε,
544 2114 568 2141 οἱ
595 2111 622 2140 δὲ
650 2110 709 2150 περὶ
721 2109 883 2155 τδννΠέτρον

62 2160 98 2191 εἰς
120 2160 170 2192 τὴν
187 2160 359 2199 περιτουμήν.
379 2154 490 2192 Ἐπειδὴ
510 2157 537 2186 δὲ
564 2156 687 2185 κοινωνία
708 2155 738 2182 τὸ
752 2154 881 2194 κὲρυγμα,

63 2205 107 2231 καὶ
121 2203 319 2243 κατηχηθένττς
353 2204 477 2242 ὑπῆρχον
497 2203 521 2230 0i
535 2201 561 2234 ’ἐξ
582 2199 712 2230 Ἷωδαίων
747 2199 784 2230 ὡς
811 2198 881 2226 ἀπο-
894 2218 916 2243 D

64 2259 174 2276 στασιαν
198 2247 312 2276 διδάσκει
363 2247 478 2283 Παῦλος,
528 2247 635 2277 εἰκότως
684 2247 730 2272 τοῦ
758 2243 882 2282 γνωρίσαι

64 2292 144 2331 χάριν
169 2303 219 2325 την
254 2292 417 2332 συμφωνίαν,
454 2286 582 2330 Ἑϐραίοις
618 2286 785 2332 ἔπιες-τέλλει.⁸
813 2286 883 2326 Γρά-

63 2327 146 2376 viz-ova:
175 2334 202 2363 δὲ.
314 2327 439 2373 τούτους,
465 2334 622 2374 προγράφειν
664 2327 824 2360 ’Λπόστολον
849 2334 884 2376 μου

61 2374 149 2418 θέμις.
170 2374 345 2420 Μαρτυρεκαι
365 2379 393 2408 δὲ
408 2381 451 2408 καὶ
471 2380 498 2408 ἐν
533 2385 591 2411 τοῖς
621 2377 680 2411 ἑξῆς
702 2377 720 2411 ἡ
737 2374 883 2420 Ἐπιστολῆ

922 1628 987 1659 qna:
998 1624 1114 1659 sumpto
1133 1619 1274 1659 loquendi
1289 1621 1373 1652 initio
1384 1631 1401 1652 a
1415 1621 1555 1662 Domino,
1570 1621 1608 1652 ab
1633 1621 1681 1652 his
1695 1620 1746 1661 qui

921 1663 1077 1694 audierant
1091 1664 1121 1694 in
1151 1674 1205 1696 nos
1229 1666 1404 1697 conﬁrmata
1431 1666 1496 1703 fuit,
1514 1669 1670 1697 attestante
1684 1664 1746 1697 Deo

922 1708 1014 1746 signis
1029 1712 1057 1739 et
1086 1709 1228 1750 prodigiis
1244 1709 1279 1742 ‘.’
1295 1723 1308 1738 ι
1327 1710 1362 1741 Et
1381 1710 1502 1751 quidem
1530 1710 1688 1742 manifesta
1703 1713 1748 1741 est

923 1761 1010 1783 causa
1025 1762 1078 1784 cur
1093 1754 1183 1794 stylus
1208 1754 1297 1786 fuerit
1319 1755 1504 1786 immutatus.
1531 1756 1606 1787 Nam
1631 1755 1670 1786 ad
1685 1755 1747 1785 He-

923 1797 1018 1828 braeos
1032 1797 1152 1839 scripta,
1168 1799 1262 1839 patria
1283 1799 1415 1840 ipsorum
1434 1799 1547 1840 lingua,
1559 1799 1747 1840 postmodum

922 1850 1006 1872 versa
1022 1842 1140 1879 dicitur,
1153 1846 1185 1874 ut
1203 1844 1325 1884 quidam
1340 1844 1475 1875 sentiunt
1499 1853 1516 1874 a
1530 1844 1621 1882 Luca,
1633 1846 1666 1874 ut
1681 1842 1748 1883 ple-

923 1886 1024 1926 risque
1050 1891 1148 1918 autem
1177 1888 1294 1919 videtur
1318 1897 1336 1919 a
1360 1888 1513 1920 Clemente
1529 1897 1536 1919 :
1554 1887 1643 1928 hujus
1668 1886 1748 1918 enim

924 1930 1123 1962 characterem
1141 1932 1229 1962 etiam
1244 1937 1351 1963 servat.
1379 1933 1463 1970 Quod
1479 1936 1578 1964 autem
1591 1941 1677 1963 suum
1692 1940 1750 1961 no-

925 1984 993 2005 men
1005 1985 1062 2006 non
1074 1976 1231 2016 praeﬁxerit
1241 1976 1381 2017 Epistolas
1391 1977 1422 2008 in
1437 1978 1529 2008 causa
1543 1980 1589 2008 est
1603 1976 1676 2007 ordo
1690 1974 1747 2006 rei.

925 2018 1079 2059 Siquidem
1095 2021 1204 2052 Paulus
1227 2021 1360 2061 gentium
1387 2023 1539 2062 apostolus
1554 2024 1628 2061 erat,
1645 2023 1674 2050 et
1689 2029 1750 2050 non

924 2063 1106 2096 Judzeorum.
1122 2064 1194 2095 Nam
1217 2065 1368 2097 societatis
1391 2066 1511 2096 dextras
1523 2065 1646 2096 dederat
1660 2065 1749 2095 Petro

925 2107 1099 2148 cmterisque
1113 2109 1266 2149 apostolis,
1295 2113 1326 2141 ut
1350 2110 1415 2151 ipse
1438 2119 1505 2141 cum
1523 2108 1657 2141 Barnaba
1672 2107 1751 2139 inter

925 2156 1038 2192 gentes,
1057 2154 1160 2184 Petrus
1189 2163 1260 2186 vero
1285 2164 1352 2185 cum
1379 2155 1504 2196 reliquis
1519 2152 1749 2185 circumcisione

926 2197 1117 2236 fungerentur
1131 2198 1340 2238 apostolatum.
1349 2199 1491 2235 Quoniam
1503 2202 1601 2230 autem
1622 2196 1750 2228 societas

925 2245 989 2272 erat
1000 2241 1030 2272 in
1043 2242 1261 2283 praedicatione,
1283 2247 1312 2274 et
1335 2244 1429 2274 Judwi
1445 2243 1604 2275 audierant
1620 2241 1744 2274 Paulum

925 2285 1138 2317 discessionem
1149 2287 1257 2318 docere
1266 2287 1364 2329 aliquo
1376 2288 1464 2320 modo
1473 2298 1490 2319 a
1501 2289 1577 2328 lege,
1588 2286 1696 2318 merito
1711 2285 1748 2316 ad

924 2329 1066 2361 Hebraeos
1081 2331 1186 2362 scribit
1212 2331 1386 2373 Epistolam,
1410 2337 1442 2364 ut
1467 2333 1603 2364 ostendat
1618 2339 1748 2362 consen-

925 2383 989 2405 sum
1007 2375 1226 2415 praedicationis
1244 2386 1251 2408 :
1268 2386 1336 2408 cum
1351 2380 1450 2408 autem
1467 2377 1503 2408 ad
1519 2385 1572 2408 eos
1587 2375 1746 2412 scriberet,

62 2419 220 2465 ὗπάρχουσα
248 2423 352 2453 Παύλου
372 2428 410 2462 τῷ
424 2424 542 2464 γράφειν,
566 2422 606 2451 ὅτι
634 2423 750 2453 καὶτοῖς
778 2419 876 2465 δεσμοις

959 2419 1093 2465 nsultum
1110 2430 1168 2451 non
1185 2425 1248 2451 erat
1262 2425 1294 2451 ut
1308 2430 1342 2452 se
1356 2421 1387 2452 in
1402 2421 1485 2452 initio
1498 2420 1613 2465 diceret
1626 2419 1750 2459 Aposto-

64 2463 340 2506 μωνσυνεπαθήσατε.
359 2480 372 2496 ι
391 2463 486 2498 Καὶνὲκν
510 2471 556 2496 τοῦ
584 2466 682 2506 λέγειν,
698 2464 876 2504 Περισσότεροπ

959 2472 998 2495 m.
1015 2463 1151 2495 Testatur
1174 2468 1272 2495 autem
1299 2465 1330 2495 in
1344 2465 1537 2506 sequentibus
1552 2464 1617 2505 ipsa
1630 2472 1749 2504 quoque

65 2513 172 2553 εὔχεσθε
186 2514 233 2541 ’ἱνα
247 2513 343 2553 τάχιον
378 2513 586 2542 ἀποκατασταθῶ
606 2512 669 2549 ὑμῖν
686 2520 700 2539 ι
731 2509 776 2537 καὶ
789 2508 828 2553 ὲκ,
839 2511 876 2536 τοῐ

959 2508 1056 2540 )istola
1066 2510 1136 2539 5ιὸ
1147 2508 1227 2550 quod
1237 2509 1318 2540 Pauli
1332 2509 1420 2550 sit,ex
1428 2519 1463 2541 eo
1471 2509 1549 2550 quod
1560 2508 1642 2540 dicit:
1652 2507 1748 2538 Etiam

65 2547 151 2597 λέγειν
169 2579 177 2586 .
211 2567 223 2585 ε
239 2547 383 2586 Furii-imre
397 2558 443 2585 τὸν
454 2556 566 2597 ἀδελφὸν
586 2547 660 2594 ὑμῶν
676 2554 803 2591 Τιμόθεον
820 2552 876 2581 ἀπο

959 2553 1130 2590 llictionum,
1156 2547 1223 2594 qua:
1237 2562 1272 2584 ex
1295 2547 1420 2585 vinculis
1449 2547 1525 2585 meis
1548 2553 1747 2597 contigerunt,

65 2595 217 2639 λελυμένον,
235 2600 292 2639 μεθ’
303 2602 343 2639 0'3,
360 2602 404 2631 ἐὰν
418 2602 513 2641 τάχιον
525 2595 653 2640 η’έρχηται,
667 2599 767 2636 ὄψομαι
782 2598 876 2635 ὖμᾶς,ι

959 2598 1084 2638 ιιιιίοίρθε
1098 2597 1206 2628 fuistis.
1223 2597 1259 2628 Et
1269 2607 1335 2629 cum
1347 2598 1439 2630 dicit:
1453 2610 1464 2627 ι
1482 2597 1573 2638 Magis
1585 2595 1750 2641 precemini

65 2646 153 2679 Οἶιδεὶς
177 2646 226 2686 γὰρ
251 2646 282 2673 ἃν
310 2647 388 2684 οἶμαι
423 2640 550 2674 ἀπέλυσεν
587 2645 622 2676 εἷς
647 2642 777 2671 διακονίαν
791 2641 876 2686 ,Τιμόι

959 2651 983 2673 ιο
998 2642 1127 2674 celerius
1137 2642 1277 2673 restituar
1291 2642 1374 2673 vobis
1387 2654 1394 2682 ;
1415 2655 1426 2672 ι
1446 2647 1590 2684 praeterea
1602 2650 1669 2672 cum
1685 2640 1746 2671 ait:

63 2693 132 2731 θεον,
157 2691 180 2718 εἷ
206 2691 244 2728 μὴ
267 2689 380 2723 Παῦλος.
405 2691 454 2718 Καὶ
478 2694 570 2719 τοῦτον
595 2688 692 2728 τάχιον
720 2685 876 2726 τιρινγπδοπιιιιῦν1

959 2687 1032 2717 ἰοὶιὶε
1040 2687 1157 2718 fratrem
1166 2690 1298 2717 nostrum
1306 2686 1494 2719 Timotheum
1500 2730 1503 2731 ν
1509 2686 1748 2731 dimissu_m,cum

63 2736 110 2770 τήι
123 2729 189 2764 ίόίαν
210 2737 315 2772 αὐτοῖς,
337 2735 374 2767 ὡς
402 2733 459 2766 ἔθος
487 2732 626 2773 πολλαχοῦ
660 2732 705 2760 σὺν
721 2731 791 2768 αὐτῷ
812 2740 876 2769 παρ-

959 2731 1023 2769 l0,Si
1032 2731 1159 2762 celerius
1166 2731 1403 2770 venerit,videbo
1409 2730 1588 2764 vosaNemo
1595 2729 1749 2770 enimprte-

103 2824 113 2846 ¹
130 2822 225 2856 Hebr.
241 2831 276 2861 ιι,
289 2822 322 2854 5.
