1936 3080
185 157 244 193 983

741 166 931 198 (ΕΟΗΜΕΝῙ
935 166 946 197 Ι
968 167 1115 199 TRICG/E
1138 165 1307 199 EPISCOPI

1808 165 1869 197 284

184 227 350 275 appellatur
363 229 400 261 ad
415 230 630 275 ostendendum
647 239 799 269 egressum
809 240 844 262 ex
852 233 937 262 Patre
947 241 1000 263 ve-

1091 234 1148 274 ιρξιν
1175 234 1260 268 ξδικὴν
1292 234 1541 275 ὲμφιλοχωροῡσαν.
1572 233 1660 266 Οὕτως
1692 235 1705 262 ὁ
1735 233 1760 261 ἐν
1783 233 1869 272 ἁγίοις

186 271 240 302 luti
255 273 474 313 quodammodo
489 274 525 306 ad
541 275 698 315 exteriora,
720 284 817 316 neque
833 275 893 306 ullo
916 277 1004 308 modo

186 321 351 357 separatum
367 328 383 349 a
399 327 526 357 persona
539 319 620 350 unde
637 324 692 357 est,
709 329 806 361 neque
821 320 941 352 omnino
955 321 1002 352 di-

187 361 342 400 minutum,
356 363 408 394 sed
420 363 625 395 demittentem
642 373 709 395 sese
726 369 756 395 ut
777 364 913 396 subesset
927 369 957 396 et
973 366 1004 396 in

185 414 238 450 sua
251 407 416 438 substantia
430 407 650 439 immoraretur.
660 409 701 438 Ita
712 408 802 439 habet
818 409 903 440 divus
913 409 1004 450 Cyril-

185 449 231 480 lus
241 449 316 481 libro
327 451 430 491 quinto
439 452 483 483 De
495 451 807 492 Trinitate.Splendor
813 449 1005 485 consubstan-

187 493 337 526 tialitatem
352 499 381 527 et
395 496 587 527 coernitatem
612 497 771 537 signiﬁcat,
794 498 849 529 hoc
873 502 934 536 est,
956 499 1004 530 ln—

185 546 248 582 gem
257 537 302 582 de
316 538 544 580 luce.Expressa
554 540 649 580 imago
660 541 721 573 sive
736 541 897 573 similitudo
904 542 1006 582 gloriae

184 580 278 627 [’atris
289 587 336 614 est
351 584 456 616 Filius.
481 585 553 616 Nam
579 586 686 616 similis
711 592 740 617 et
765 580 973 627 inseparabilis
989 597 1006 619 a

185 624 270 657 Patre
283 631 327 658 est
345 628 449 666 Filius,
467 633 496 660 et
511 629 602 661 veluti
625 639 681 661 una
705 631 796 669 ﬁgura
822 624 852 661 in
880 631 1004 663 diversis

1047 279 1174 319 Κύριλλος
1202 281 1229 307 ἓν
1265 278 1358 318 βιϐλίῳ
1385 278 1499 316 πέμπτῳ
1527 278 1588 318 Περί
1617 277 1738 318 Τριάδος.
1771 276 1871 306 Ἀπαύ-

1046 335 1146 362 γασμα,
1169 324 1199 351 τὸ
1230 324 1368 361 ὁμοούσιον
1396 325 1440 352 καὶ
1466 323 1598 353 συναίδιον
1628 322 1718 360 δηλοῖ,
1736 325 1794 351 οἷον
1815 325 1872 362 φῶς

1046 367 1075 396 ἐκ
1089 368 1187 407 φωτός.
1206 369 1358 407 Χαρακτὴρ,
1374 370 1433 396 οἷον
1455 367 1578 405 ὁμοίωμα
1604 370 1653 401 τῆς
1682 366 1759 400 δόξης
1781 367 1795 394 ὸ
1811 366 1872 396 ι’ίὸς

1045 416 1091 440 τοῦ
1107 412 1220 451 Πατρός,
1250 407 1366 450 ’Ὀμοιος
1395 413 1445 452 γὰρ
1473 413 1516 440 καὶ
1545 411 1747 452 ἆπαραλλακτος
1769 412 1783 439 ὁ
1810 411 1873 442 Υἱὸς

1044 459 1090 484 τοῦ
1105 457 1218 496 Πατρὸς,
1234 458 1277 485 καὶ
1292 459 1351 486 οῖον
1366 459 1407 489 εἷς
1429 456 1567 497 χαρακτὴρ
1596 457 1622 484 ἐν
1651 455 1784 496 διαφόροις
1799 455 1872 483 ὑπο-

1047 500 1165 530 στάσεσι.
1184 511 1195 528 ι
1219 501 1310 540 Φέρων
1325 512 1353 529 τε
1367 501 1400 529 τὰ
1414 502 1511 531 πάντα.
1540 512 1554 528 ι
1581 503 1645 530 Οἷον
1665 501 1698 528 τὰ
1712 500 1812 539 ἀόρατα
1826 499 1874 527 καὶ

1045 545 1078 585 τὰ
1113 545 1193 585 ὁρατὰ
1228 545 1255 573 ἐν
1283 549 1320 583 τῷ
1349 546 1446 585 ῥήματι
1475 545 1621 585 περιφέρων
1655 545 1700 573 καὶ
1725 543 1872 583 κυϐερνῶν.

1048 584 1133 627 Ῥῆμα
1155 588 1182 617 δὲ
1211 589 1284 627 εἶπε,
1315 589 1414 623 δεικνὺς
1433 590 1518 618 πάντα
1548 588 1662 620 εὔκόλως
1691 588 1768 617 αὗτὸν
1796 588 1874 626 ἄγειν

1046 644 1089 662 και
1111 645 1209 674 φερειν.

187 671 334 718 personis.
356 685 369 718 (ι
385 673 554 705 Moderatur
569 674 678 706 omnia.
699 687 710 704 ι
729 675 790 706 Hoc
806 679 849 706 est
864 675 989 707 visibilia
1004 680 1033 708 et
1046 671 1203 708 invisibilia
1226 677 1315 709 verbo
1332 677 1546 709 circumferens
1562 681 1590 709 et
1604 676 1781 718 gubernans.
1796 676 1878 708 Dixit

184 718 284 746 autem
301 716 412 756 Verbo,
430 719 588 750 ostendens
603 720 680 760 quod
698 719 783 751 facile
795 725 900 751 cuncta
916 721 1004 751 ducat
1020 725 1049 752 et
1061 722 1146 754 ferat.

225 760 315 796 1.3-4.
322 761 576 803 Persemetipsum
585 765 770 804 purgatione
775 766 860 802 facta
868 769 1008 805 peccato-

185 814 254 836 rum
269 809 455 844 nostrorum,
477 809 616 839 consedit
637 809 671 839 in
686 808 812 840 dextero
827 811 961 848 majestz‘s
976 811 1008 841 in

185 850 328 886 excelsis;
341 854 424 882 tanto
432 853 629 891 praestantior
639 852 741 891 factus
756 853 882 893 angelis,
892 858 1008 893 quanto

185 894 309 925 excelsis
312 903 380 934 prie
386 895 645 928 illisharedz‘tart'o
646 897 718 936 jure
725 901 831 928 nactus
838 901 880 928 est
886 907 1007 930 nomen.

225 984 355 1014 Locutus
366 983 404 1015 de
420 984 499 1014 nudo
515 984 570 1015 Dei
583 984 693 1021 Verbo,
715 985 795 1016 venit
818 985 854 1016 ad
870 985 1006 1017 incarna-

185 1027 310 1069 tionem,
327 1037 366 1060 ne
381 1028 418 1060 ob
437 1038 540 1061 eorum
554 1039 619 1069 quae
628 1029 706 1060 dicta
717 1034 784 1060 sunt
795 1030 1005 1062 sublimitatem

184 1071 391 1104 obruerentur.
415 1075 470 1104 Per
490 1073 632 1114 seipsum,
655 1074 757 1114 inqait.
784 1075 842 1105 hoc
864 1078 920 1112 est,
948 1085 1006 1105 non

182 1116 272 1147 alium
290 1117 371 1149 misit
387 1118 569 1158 ministrum,
585 1118 637 1149 sed
654 1128 706 1158 per
721 1118 851 1158 seipsum
867 1123 1007 1159 operatus

183 1165 228 1191 est
241 1163 446 1202 purgationem
455 1172 520 1203 ,per
533 1172 650 1194 crucem
664 1167 692 1193 et
703 1167 827 1193 mortem
839 1173 1005 1198 suam_cum

184 1215 238 1236 nos
253 1216 269 1237 a
284 1207 414 1247 peccatis
441 1207 472 1238 in
495 1207 669 1246 baptismate
685 1207 853 1238 liberasset.
876 1220 889 1235 «
914 1208 1006 1247 Maja-

183 1251 301 1289 statis,»
320 1252 376 1282 hoc
392 1256 446 1289 est,
466 1252 570 1283 Patris.
591 1251 679 1282 Facta
704 1252 783 1282 enim
810 1252 937 1292 primum
956 1262 1005 1283 re-

183 1295 326 1327 missione
341 1300 542 1336 peccatorum,
559 1305 626 1327 cum
642 1305 732 1327 carne
752 1305 806 1327 sua
827 1297 962 1327 consedit
976 1297 1007 1328 in

183 1339 304 1370 dextera
323 1340 387 1372 Dei.
408 1353 420 1369 α
434 1340 465 1372 In
479 1341 615 1372 excelsis.
629 1353 641 1368 ι
658 1340 754 1380 Super
768 1350 883 1381 omnes,
897 1340 1004 1382 inquit,

183 1384 327 1424 ascendit,
341 1385 377 1415 ad
394 1385 491 1425 ipsum
509 1389 664 1426 paternum
678 1384 900 1415 thronumHaec
909 1389 1006 1415 autem

184 1428 520 1461 consubstantialitatem
537 1429 715 1469 signiﬁcant.
728 1441 741 1456 α
759 1429 852 1459 Tanto
866 1434 1006 1469 praestan-

184 1472 243 1503 tior
258 1473 350 1504 factus
364 1475 486 1514 angelis.
510 1487 519 1501 ι
541 1474 583 1504 De
601 1473 822 1513 dispensatione
837 1473 893 1513 ipsi
907 1483 1006 1504 sermo

184 1521 240 1548 est.
252 1517 324 1548 Nam
337 1519 505 1558 caroipsius
517 1519 591 1549 facta
606 1521 670 1548 est:
687 1518 764 1549 Dens
780 1517 859 1548 enim
874 1517 1005 1550 Verbum

1093 779 1106 794 α
1125 766 1165 795 Δι’
1194 768 1285 797 ἑαυτοῦ
1313 769 1474 807 καθαρισμὸν
1499 768 1678 805 ποιησάμενος
1706 770 1759 795 τῶν
1787 767 1878 806 ἁμαρ-

1049 813 1112 840 τιῶν
1140 813 1228 849 ἡμῶν,
1259 812 1374 841 ἐκαθισεν
1405 812 1432 840 ἐν
1477 811 1547 848 δεξιᾷ
1589 814 1638 845 τῆς
1679 811 1875 850 μεγαλωσύνης

1050 855 1076 884 ἐν
1091 855 1220 894 ὑψηλοῖς,
1243 857 1360 894 τοσούτῳ
1373 857 1499 896 κρείττων
1514 856 1655 895 γενόμενος
1670 859 1723 884 τῶν
1737 855 1874 894 ἀγγέλων,

1050 899 1104 936 ὅτῳ
1156 899 1345 940 διαφορώτερον
1393 899 1456 940 παρ’
1503 900 1596 932 αὖτοὺς
1638 898 1874 939 κεκληρονόμηκεν

1022 950 1038 975 Β
1050 944 1142 982 ὄνομα.
1164 956 1176 973 ν

1089 989 1208 1028 Εἷρηκιϋς
1231 990 1289 1028 περὶ
1319 993 1418 1028 γυμνοῦ
1438 994 1485 1018 τοῦ
1514 991 1579 1017 Θεοῦ
1600 988 1692 1028 λόγου¹
1722 988 1800 1022 ἦλθεν
1837 989 1875 1019 εἰς

1049 1034 1096 1067 τὴν
1120 1033 1327 1073 ἐνανθρώπησιν,
1350 1033 1396 1062 ἵνα
1425 1033 1464 1071 μὴ
1492 1037 1530 1071 τῷ
1557 1033 1616 1071 ὕψει
1644 1036 1697 1062 τῶν
1725 1032 1877 1072 εἰρημένων

1048 1077 1226 1116 ἰλιγγιάσωσι,
1246 1078 1286 1105 Δι’
1315 1079 1417 1118 ἑαυτοῦ,
1450 1079 1526 1118 φησί,
1549 1077 1694 1114 τουτέστιν,
1723 1079 1770 1106 οὒκ
1794 1076 1877 1106 ἄλλον

1049 1122 1152 1159 ἔπεμψε
1180 1120 1361 1159 ὃιακονοῦντα,
1399 1122 1466 1150 ἀλλὰ
1508 1121 1541 1150 δι’
1580 1123 1672 1151 ἐαυτοϊ
1711 1122 1876 1160 καθαρισμὸν

1049 1167 1198 1206 εἰργάσατο,
1223 1166 1264 1194 διὰ
1285 1172 1330 1196 τοῦ
1357 1170 1468 1205 σταυροῦ
1495 1167 1538 1195 καὶ
1567 1170 1613 1195 τοῦ
1640 1167 1752 1195 θανάτου
1780 1166 1873 1202 αὐτοῦ,

1048 1210 1222 1245 ἐλευθερώσας
1238 1213 1289 1239 τῶν
1315 1212 1449 1251 ἁμαρτιῶν
1473 1212 1545 1248 ἡμᾶς
1575 1210 1601 1238 ἐν
1629 1214 1668 1247 τῷ
1695 1210 1872 1248 βαπτίσματι.

1052 1266 1066 1282 α
1089 1255 1142 1289 Τῆς
1165 1254 1368 1295 μεγαλωσύνης,
1393 1265 1408 1284 ι
1440 1257 1509 1291 οἷον,
1546 1260 1596 1285 Τοῦ
1618 1256 1731 1294 Πατρός.
1765 1257 1874 1294 Πρῶτον

1048 1300 1097 1338 γὰρ
1112 1299 1202 1338 ἄφεσιν
1231 1300 1365 1338 ἁμαρτιῶν
1394 1300 1575 1337 ποιησάμενος
1603 1300 1670 1337 μετᾶ
1692 1300 1740 1333 τῆς
1768 1301 1871 1339 σαρκὸς

1049 1346 1127 1372 αὒτοῦ
1141 1343 1259 1371 ἐκάθισεν
1275 1345 1300 1372 ἐν
1316 1343 1385 1380 δεξιᾷ
1413 1348 1459 1372 τοῦ
1474 1344 1550 1373 Θεοῦ.
1580 1353 1593 1373 ε
1622 1343 1667 1372 Ἐν
1694 1342 1824 1381 ὑψηλοῖς,
1859 1355 1873 1371 ι

1048 1387 1154 1416 πάντων
1171 1388 1270 1425 ἐπα-ιω,
1288 1389 1378 1427 φησὶν,
1402 1389 1438 1419 εἰς
1461 1388 1537 1417 αὐτὸν
1558 1388 1602 1416 τὸν
1624 1390 1747 1427 πατρῷον
1769 1388 1874 1426 θρόνον,

1049 1436 1134 1461 Ταῦτα
1151 1432 1177 1459 δὲ
1199 1433 1228 1460 τὸ
1257 1432 1395 1469 ὁμοούσιον
1424 1431 1514 1465 δηλοῖ.
1546 1443 1559 1459 σ
1591 1432 1713 1468 Τοσούτῳ
1747 1432 1876 1471 κρείττων

1048 1476 1189 1515 γενόμενος
1203 1478 1255 1505 τῶν
1271 1476 1402 1515 ἀγγέλων,
1420 1486 1434 1506 )
1455 1477 1516 1516 Περὶ
1530 1479 1579 1509 τῆς
1595 1477 1743 1514 οἰκονομίας
1759 1477 1772 1504 ὁ
1791 1475 1874 1515 λόγος

1047 1520 1129 1558 αὐτῷ,
1167 1516 1197 1549 Ἦ
1227 1522 1276 1560 γὰρ
1302 1520 1363 1560 σάρξ
1399 1523 1476 1550 who}
1512 1521 1627 1560 ἐγένετο.
1658 1516 1686 1549 ’0
1722 1522 1773 1560 γὰρ
1806 1522 1872 1553 Θεὸς

184 1571 242 1592 non
258 1566 302 1593 est
316 1563 437 1601 factum,
455 1564 506 1594 sed
523 1561 764 1603 genitum/Tanto
782 1571 852 1601 ergo
863 1566 1004 1602 prastan-

1091 1576 1132 1604 γος
1159 1567 1188 1595 οὗ
1211 1565 1328 1605 γέγονεν,
1359 1564 1426 1594 ἀλλὰ
1463 1565 1629 1604 γεγέννηται.
1667 1566 1790 1602 Τοσούτῳ
1828 1566 1872 1594 οὖν

184 1606 242 1637 tior
266 1607 341 1638 facto
369 1612 412 1638 est
430 1617 498 1639 caro
526 1608 591 1647 ejus
613 1607 685 1647 ipsis
709 1606 832 1645 angelis,
863 1610 1005 1647 quantum

184 1651 254 1683 licet
268 1661 302 1682 ex
319 1653 492 1684 excellentia
501 1652 654 1683 nominum
665 1652 919 1690 cognoscn'eAut
927 1651 1004 1691 quod

184 1695 292 1727 dicitur
307 1697 422 1735 Factus,
440 1707 498 1728 non
521 1697 558 1728 de
577 1705 668 1727 carne
691 1694 831 1734 accipias,
850 1704 887 1726 ne
906 1696 1003 1736 ipsum

184 1749 217 1772 ex
241 1742 297 1772 hoc
322 1741 413 1773 dividi
437 1742 610 1772 existimes:
627 1739 679 1770 sed
705 1739 742 1769 de
760 1738 889 1776 Christo,
906 1740 956 1779 qui
973 1739 1003 1770 in

183 1795 241 1816 una
253 1786 402 1827 hyposlasi
417 1787 558 1818 adoratur
570 1785 657 1818 etiam
675 1793 741 1815 cum
757 1792 847 1814 carne
859 1793 921 1815 sua.
932 1783 1003 1814 Nam

183 1829 234 1860 ubi
250 1831 342 1861 semel
358 1831 387 1862 id
404 1831 482 1872 quod
494 1828 724 1870 dispensationis
737 1828 1007 1868 estattigit,absque

183 1875 289 1906 timore
305 1886 370 1916 quae
386 1871 453 1907 sunt
476 1874 599 1906 humilia
623 1873 762 1913 loquitur.
784 1884 795 1900 (ι
812 1871 1006 1903 Hzereditario

176 1921 246 1961 jure
258 1925 360 1952 nactus
376 1924 420 1951 est
443 1929 565 1951 nomen.
587 1931 597 1947 ι
616 1917 745 1949 Verbum
774 1917 866 1953 enim,
884 1926 951 1947 cum
968 1917 1006 1948 ab

181 1965 266 1996 initio
283 1974 392 1996 nomen
410 1965 474 1994 521
499 1964 626 1995 haberet
637 1962 714 2001 Filii,
733 1961 819 1991 etiam
836 1970 902 1991 cum
915 1970 1006 1992 carne

181 2010 252 2041 illud
267 2009 380 2041 habuit.
396 2009 497 2040 Merito
522 2018 592 2047 ergo
608 2007 717 2038 dicitur
733 2005 1006 2046 ereditariojure

182 2059 285 2086 nactus
312 2057 371 2091 est,
408 2058 528 2094 propter
553 2051 804 2083 incarnationem.
830 2049 938 2081 Nactus
963 2054 1007 2081 est

181 2103 278 2129 autem
312 2093 415 2130 vocari
440 2093 575 2129 Christus
604 2096 668 2126 Dici
698 2095 788 2135 igitur
816 2094 853 2125 de
890 2093 1005 2125 Christo

182 2144 260 2184 quod
297 2142 486 2174 haareditario
518 2143 587 2182 jure
626 2145 727 2171 nactus
766 2143 830 2184 est,
859 2138 1006 2184 signiﬁcat

181 2183 248 2219 eum
262 2187 454 2228 acquisivisse
469 2187 541 2219 illud
564 2185 643 2228 quod
669 2185 731 2225 jam
755 2183 825 2214 olim
849 2183 1003 2228 habuerat.

1046 1611 1170 1648 κρείττων
1198 1611 1215 1644 ἡ
1243 1609 1305 1649 σὰρξ
1320 1609 1398 1638 αὒτοῦ
1418 1609 1504 1637 αὖτῶν
1539 1609 1632 1649 γέγονε
1660 1611 1713 1637 τῶν
1734 1608 1870 1648 ἀγγέλων,

1046 1653 1106 1682 ὅσον
1133 1654 1198 1691 ἐστὶ,
1227 1657 1317 1694 φησὶν,
1348 1654 1378 1682 ἐκ
1412 1655 1460 1687 τῆς
1490 1657 1545 1700 ea:
1578 1654 1714 1692 ὀνομάτων
1743 1652 1872 1694 διαφορᾶς

1046 1701 1142 1737 γνῶναι
1167 1698 1436 1738 [OIKOI‘MENIOI‘].
1464 1715 1500 1721 -—
1533 1698 1560 1726 Ἠ
1587 1699 1618 1726 τὸ
1644 1698 1800 1736 Γενόμενος,
1826 1700 1874 1728 οὐκ

1047 1742 1088 1770 ἐπὶ
1103 1744 1198 1781 σαρκὸς
1212 1741 1345 1782 ἐκλάϐοις,
1372 1742 1418 1771 ἵνα
1445 1743 1483 1780 μὴ
1512 1742 1623 1782 διαιρεῖν
1645 1744 1784 1783 νομισθῇς,
1810 1741 1872 1771 ἀλλ’

1047 1787 1088 1815 ἐπὶ
1109 1787 1155 1815 τοῦ
1180 1791 1291 1827 Χριστοῦ
1325 1788 1371 1815 τοὺ
1401 1787 1427 1815 ἐν
1458 1790 1506 1825 μιᾷ
1529 1787 1670 1816 ὑποστάσει
1705 1798 1872 1827 προσκυνου-

1047 1831 1138 1871 μένου,
1154 1832 1198 1858 καὶ
1221 1832 1288 1869 μετὰ
1312 1834 1360 1864 τῆς
1384 1832 1478 1871 σαρκὸς
1501 1832 1589 1860 αὐτοῦ.
1622 1826 1714 1863 ι’Λιιτειξ
1743 1832 1793 1870 γὰρ
1823 1834 1873 1865 τῆς

1048 1876 1195 1913 οἰκονομίας
1232 1875 1433 1913 ἐπιλαϐόμενος,
1461 1875 1543 1908 ἀδεῶς
1571 1875 1604 1903 τὰ
1625 1875 1736 1903 ταπεινὰ
1762 1875 1873 1915 φθέγγε-

1148 1932 1159 1946 «
1193 1919 1430 1960 Κεκληρονόμηκεν
1472 1920 1566 1957 ὄνομα.
1597 1929 1611 1949 ι
1656 1920 1691 1947 Τὸ
1714 1920 1763 1959 γὰρ
1792 1921 1871 1956 Υἱὸς,

1049 1964 1132 2002 ὄνομα
1153 1964 1225 2004 ἔχων
1246 1965 1293 1993 ἀπ’
1313 1965 1401 2005 ἀρχῆς
1430 1966 1444 1993 ὁ
1474 1965 1570 2004 Λογὸς,
1600 1965 1643 1992 καὶ
1657 1964 1724 2001 μετὰ
1737 1967 1786 1997 τῆς
1803 1976 1872 2004 σαρ-

1047 2009 1106 2046 κὸς,
1137 2010 1215 2037 αὗτοῦ
1242 2008 1334 2049 ἔσχεν,
1358 2010 1473 2041 Εἰκότως
1502 2009 1546 2037 οὖν
1574 2009 1616 2045 τὸ,
1654 2007 1873 2047 Ἐκληρονόμησε

1048 2059 1148 2092 κεῖται,
1177 2054 1213 2084 ὡς
1242 2052 1284 2081 διὰ
1311 2054 1360 2087 τὴν
1402 2053 1609 2092 ἐνανθρώπησιν,
1654 2051 1873 2091 Ἐκληρονόμησε

1047 1931 1100 1947 ται.

1048 2097 1087 2134 δὲ,
1109 2098 1140 2125 τὸ
1161 2096 1281 2137 λέγεσθαι
1309 2099 1431 2135 Χριστός.
1460 2096 1610 2132 Ἐκτήσατο
1639 2096 1694 2134 οὖν,
1717 2096 1731 2124 ὃ
1759 2097 1803 2124 καὶ
1818 2098 1873 2125 πά-

1047 2141 1090 2170 λαι
1106 2142 1198 2181 εἶχεν.
1223 2136 1347 2174 “Avium.
1379 2138 1410 2170 Ἠ
1425 2141 1589 2181 κληρονομία
1617 2141 1710 2180 κυρίως
1725 2143 1778 2168 τῶν
1793 2152 1874 2180 προσ-

1047 2187 1165 2220 ηκόντων
1207 2186 1317 2226 γίνεται,
1361 2185 1421 2214 ἀλλ’
1463 2188 1492 2216 οὗ
1532 2190 1586 2214 τῶν
1635 2184 1871 2224 ἠλλοτριωμένων.

180 2233 253 2264 Alio
267 2227 366 2264 modo.
383 2232 547 2264 Haereditas
569 2240 673 2262 eorum
697 2233 726 2275 et
751 2237 817 2268 quae
830 2229 900 2275 jure
912 2227 1003 2258 obve-

1091 2230 1278 2271 ,ληρονόμησεν
1308 2231 1362 2269 οὖν,
1400 2231 1464 2271 ὅπερ
1492 2231 1589 2260 ἄνωθεν
1625 2230 1685 2265 ἐνῆν
1715 2234 1753 2275 τῷ
1780 2231 1872 2270 Λόγῳ,

180 2277 276 2315 ninnt,
291 2282 390 2309 etnon
405 2287 471 2318 quae
485 2276 584 2308 aliena
603 2278 683 2306 sunt.
705 2272 806 2318 Itaque
823 2272 900 2318 quod
920 2282 936 2303 e
951 2281 1004 2303 su-

181 2321 282 2362 peanis
298 2321 396 2354 Verbo
415 2316 627 2358 conveniebat,
650 2319 679 2350 id
702 2317 819 2348 inferne
843 2316 1003 2362 deductum

179 2360 296 2406 accepit
320 2375 373 2407 per
398 2366 497 2407 ipsum
519 2365 609 2397 etiam
637 2365 788 2402 assumpta
811 2369 890 2391 caro.
921 2360 1005 2407 Quod

179 2405 277 2442 autem
293 2405 337 2442 est
351 2405 448 2442 illud?
469 2410 575 2448 Filius,
600 2409 695 2455 Deum
719 2407 926 2455 universorum
945 2405 1006 2455 nqui

180 2458 268 2488 Pater
281 2460 326 2487 est
335 2455 429 2496 ipsius
438 2464 558 2496 quoque
572 2453 671 2486 carnis
687 2450 847 2487 est.dicere
857 2450 953 2482 Genui
965 2454 1003 2481 te.

179 2502 262 2539 Quod
271 2495 372 2534 autem
387 2502 427 2533 ait
441 2495 569 2539 :CHodie,
587 2510 646 2531 non
669 2497 812 2538 temporis
830 2495 1007 2536 significati-

179 2556 247 2578 vum
262 2550 319 2584 est,
335 2547 389 2578 sed
406 2546 483 2587 quod
508 2554 659 2586 nunquam
681 2546 837 2584 separatus
851 2541 906 2587 fuit
920 2540 1008 2572 Pater

179 2592 338 2632 alegitima
353 2586 498 2632 paternali
517 2589 692 2622 habitudine
716 2596 802 2629 quam
830 2586 920 2632 habet
934 2594 1007 2626 erga

179 2630 298 2668 Filium.
314 2630 362 2667 Αο-
371 2636 396 2667 si
412 2636 527 2667 diceret
543 2643 551 2667 :
571 2634 696 2674 Semper
719 2633 776 2664 hoc
792 2630 879 2662 modo
895 2639 965 2670 erga
979 2634 1006 2661 te

178 2682 301 2712 allectus
315 2689 381 2712 sum
398 2691 405 2711 :
418 2688 478 2712 non
489 2679 573 2721 quasi
589 2677 750 2710 accesserit
771 2677 935 2721 generatio,
951 2675 1004 2721 sed

178 2725 257 2767 quod
273 2720 571 2766 perseveretsemper
579 2727 608 2755 et
615 2723 765 2755 continum
778 2720 917 2752 sortiatur
925 2720 1006 2762 prin-

178 2769 301 2811 cipium,
315 2769 491 2811 nullumque
506 2769 608 2800 ﬁnem.
626 2767 789 2800 Considera
804 2773 877 2811 vero
894 2774 1004 2811 nequo

178 2810 268 2847 modo
284 2815 323 2847 ita
338 2810 591 2855 potius’adaptet,
617 2817 647 2844 ut
668 2812 755 2843 ambo
778 2810 899 2853 quidem
927 2810 1006 2841 dicta

180 2858 241 2892 sint
254 2859 293 2892 de
307 2859 437 2900 Christo,
454 2858 590 2900 et,Filius
601 2866 686 2890 meus
701 2865 734 2889 es
746 2859 824 2895 tu,et
836 2855 906 2896 Ego,
916 2855 1006 2888 hodie

1046 2280 1123 2304 τοῦτο
1152 2276 1309 2316 κατενεχθὲν
1337 2275 1369 2304 δι’
1399 2276 1490 2316 αιδτοῦ,
1532 2276 1575 2304 καὶ
1609 2276 1626 2309 ἡ
1665 2274 1868 2314 προσληφθεῖσα

1047 2319 1120 2360 σάρξ.
1145 2321 1174 2350 Τί
1188 2319 1215 2348 δέ
1229 2321 1284 2348 ἐστι
1299 2325 1375 2350 τοῦτο
1394 2330 1401 2361 ;
1430 2321 1466 2350 Τὸ
1488 2321 1560 2357 Υἱὸς,
1583 2320 1614 2348 τὸ
1628 2319 1749 2358 λέγεσθαι
1762 2320 1807 2347 τὸν
1822 2322 1875 2347 τῶν

1048 2364 1117 2393 ὅλων
1133 2365 1197 2393 Θεὸν
1223 2364 1327 2405 Πατέρα
1342 2365 1436 2400 αὖτῆς,
1464 2365 1495 2393 τὸ
1521 2364 1671 2403 Γεγέννηκά
1701 2374 1742 2393 σε.
1774 2364 1811 2392 Τὸ
1837 2363 1877 2403 δὲ,

1048 2410 1183 2448 Σήμερον,
1198 2410 1228 2438 οὗ
1240 2410 1336 2450 χρόνου
1352 2410 1511 2447 δηλωτικὸν,
1540 2409 1609 2437 ἀλλὰ
1636 2413 1682 2437 τοῦ
1711 2407 1780 2446 μηδέ
1809 2418 1876 2437 ποτε

1048 2453 1200 2483 διεσπᾶσθαι
1229 2456 1274 2482 τὸν
1311 2454 1414 2494 Πατέρα
1441 2457 1490 2488 τῆς
1518 2454 1695 2493 γνησιότητος
1730 2455 1779 2486 τῆς
1810 2453 1877 2492 πρὸς

1049 2500 1094 2527 τὸν
1117 2499 1187 2528 Υἱόν.
1219 2501 1284 2528 Οἵον
1308 2498 1374 2540 Ἀεὶ,
1397 2500 1488 2540 φησὶν,
1522 2498 1603 2531 οὕτως
1617 2498 1683 2537 πρὸς
1696 2496 1725 2525 τὲ
1740 2495 1876 2534 διάκειμαι

1049 2546 1100 2583 οὐχ
1115 2544 1152 2575 ὡς
1168 2543 1350 2583 παρελθούσης
1365 2546 1414 2579 τῆς
1437 2544 1598 2584 γεννήσεως,
1621 2540 1681 2570 ἀλλ’
1706 2542 1743 2572 ὡς
1769 2540 1875 2574 ἐνεστη-

1049 2588 1121 2620 κυίας
1149 2587 1290 2621 διαπαντὸς
1313 2589 1357 2617 καὶ
1383 2588 1441 2618 καθ’
1476 2588 1593 2621 ἑκάστην
1621 2586 1722 2627 ἀρχὴν,
1751 2585 1811 2613 ἀλλ’
1848 2587 1876 2614 οἶ)

1047 2632 1123 2665 τέλος
1139 2631 1336 2670 λαμϐανούσης,
1365 2634 1465 2662 Σκόπει
1487 2632 1525 2670 δὲ,
1551 2633 1589 2670 μή
1617 2641 1683 2660 ποτε
1698 2629 1800 2669 μᾶλλον
1831 2629 1874 2658 οὖ-

1046 2689 1098 2710 τως
1114 2677 1228 2718 ἀρμόζῃ,
1260 2677 1341 2718 ἄμφω
1368 2678 1415 2716 μὲν
1438 2679 1555 2718 εἰρῆσθαι
1577 2677 1620 2705 επὶ
1641 2679 1687 2704 τοῦ
1703 2675 1828 2715 Χριστοῦ,
1844 2674 1872 2702 τό

1046 2732 1074 2750 τε
1090 2721 1149 2754 Υἱός
1165 2733 1216 2759 μου
1238 2722 1265 2750 εἶ
1286 2723 1328 2760 σὺ,
1354 2723 1397 2752 καὶ
1424 2723 1466 2761 τὸ,
1490 2721 1562 2761 Ἐγὼ
1587 2721 1704 2760 σήμερον
1726 2718 1872 2759 γεγέννηκά

1047 2778 1087 2796 σε.
1118 2764 1202 2795 Ἀλλὰ
1227 2767 1257 2795 τὸ
1280 2767 1341 2808 μὲν,
1372 2767 1432 2800 Υἱός
1454 2778 1505 2805 μου
1527 2766 1567 2804 εἴ,
1596 2766 1662 2794 καθὸ
1690 2763 1770 2803 λόγος
1787 2771 1795 2779 ⁸
1826 2763 1874 2808 τὴν

1047 2810 1132 2839 ἀΐδιον
1155 2811 1204 2850 γὰρ
1228 2810 1270 2840 διὰ
1298 2815 1345 2841 τοῦ
1371 2812 1416 2849 Εἴ,
1441 2811 1564 2852 γέννησιν
1591 2809 1714 2848 σημαίνει
1733 2816 1740 2824 ’
1775 2809 1806 2837 τὸ
1833 2807 1869 2845 δὲ,

1048 2857 1170 2895 Σήμερον
1185 2855 1334 2896 γεγέννηκά
1357 2867 1399 2898 σε,
1428 2857 1492 2886 καθὸ
1518 2854 1592 2896 σαρξ,
1622 2854 1670 2888 τὴν
1705 2853 1754 2894 γὰρ
1790 2852 1872 2893 πρόσ-
