1936 3080
168 96 224 132 291
729 96 936 135 CECUMENII
957 98 1105 131 TRIGC/E
1125 98 1291 131 EPISGOPI
1798 90 1860 125 292

171 164 301 195 cundum
327 162 559 195 incarnationem
592 167 761 201 sumuntur,
792 171 910 206 oportet
938 176 985 198 nos

1069 169 1240 207 ινθρωπησιν,
1281 165 1322 195 δεῖ
1357 167 1429 204 ἡμᾶς
1467 165 1659 206 περισσοτέρως
1701 163 1860 203 προσέχειν,

170 208 374 241 vehementius
391 208 553 239 attendere.
570 207 627 238 Aut
641 207 709 239 dicit
723 210 908 241 utattendam
922 211 985 251 legi.

1069 222 1110 251 sp,
1129 212 1220 251 φησὶν,
1236 212 1272 242 ὡς
1294 211 1472 251 προσείχομεν
1493 214 1532 248 τῷ
1562 211 1646 249 νόμῳ.
1680 221 1692 237 ι
1720 209 1764 243 Μή
1793 217 1860 235 ποτε

174 265 188 284 ι
203 254 247 285 Ne
274 253 391 294 quando
421 253 610 293 perﬂuamus.
629 262 643 281 ›
659 251 720 283 Hoc
737 257 793 290 est,
821 256 985 287 excidamu:

1070 256 1229 295 ραρῤυῶμεν.
1251 267 1263 283 ι»
1291 255 1441 293 Τουτέστιν,
1471 255 1626 293 ἐκπέσωμεν
1654 259 1700 283 τοῦ
1727 252 1861 287 καθήκον-

170 299 208 330 ab
221 299 346 329 honesto
358 301 387 329 et
401 296 476 347 aAvia
492 305 555 336 quasl
566 296 647 327 ducit
657 296 838 347 ad‘salutem.
854 300 926 336 «Qui
939 310 985 340 per

1069 311 1086 337 ς,
1115 301 1158 328 καὶ
1185 303 1234 334 τῆς
1255 301 1299 328 ἰπὶ
1327 300 1458 347 σωτηρίαν
1488 299 1559 330 ὁδοῦ.
1586 312 1599 327 ι
1617 295 1646 328 ι0
1675 298 1708 326 δι’
1735 296 1861 347 ἀγγέλων

170 343 291 383 angelos
306 343 404 373 d.ctus
417 341 509 372 fuerat
524 349 633 372 sermo.
653 353 666 368 ιι
683 342 744 372 Aut
760 343 797 374 de
811 343 875 383 lege
893 344 990 385 loqui-

170 392 216 419 tur
231 387 308 428 quod
329 395 382 427 per
397 386 517 424 angelos
537 385 603 415 data
623 385 671 426 sit,
684 386 762 417 sicut
772 388 859 418 etiam
875 388 947 419 dicit
959 389 989 419 in

169 432 299 473 Epistola
324 431 360 462 ad
391 429 507 461 Galatas
524 438 530 459 :
551 441 564 457 ι
581 428 722 461 Οιάἱηιιῑει
753 441 806 471 per
820 433 953 471 angelos,
973 446 986 461 ιι

168 478 231 508 sive
245 475 469 510 administrata;
487 478 537 504 aut
550 475 587 505 de
604 475 648 505 his
663 485 729 515 quas
743 477 809 506 aliis
828 477 908 508 dicta
922 483 991 508 sunt

167 521 204 553 ab
219 520 331 560 angelis
343 529 349 550 :
360 518 608 560 quemadmodum
621 519 658 550 de
670 519 876 562 Sodomitis“,
889 532 988 562 quom-

167 565 328 597 admodum
335 563 372 594 de
381 563 497 604 planctu
506 562 535 592 in
544 562 620 593 libro
630 563 901 606 Judicum,quando
910 567 990 598 venit

167 610 290 648 angelus
307 607 423 640 Domini
434 608 470 638 ad
487 608 647 645 lsraelitas,
664 613 693 639 et
708 609 870 649 objurgavit
885 620 988 642 eorum

168 654 433 694 transgressionem
444 652 852 693 ‘5.0p0rtuit,inquit,omnes
860 655 912 686 has
922 665 992 695 gen-

169 704 211 730 tes
219 707 235 729 e
245 697 345 729 medio
353 697 522 734 tollere,vos
528 701 626 727 autem
634 697 744 728 foedera
753 708 870 739 quoque
879 699 990 731 fecistis

167 753 233 774 cum
249 743 308 774 illis
325 751 332 773 :
351 746 507 782 propterea
524 751 583 772 non
599 741 750 782 disperdet
761 744 904 774 Dominus
914 754 989 784 gen-

168 793 211 820 tes
225 797 291 829 quaa
301 786 450 818 derelictae
462 790 540 818 sunt.
553 786 606 817 His
616 787 735 823 auditis,
747 788 988 827 planxeruntuno

165 833 264 864 animo
281 841 386 863 omnes
403 840 409 862 :
426 830 506 876 unde
522 835 551 861 et
576 831 660 876 locus
671 831 807 862 Planctus
820 832 916 864 dictus
930 839 988 864 est.
1001 852 1019 876 Β

166 877 249 914 Quod
266 881 376 913 autem,
405 875 456 915 ait,
488 875 658 914 hujusmodi
685 881 729 906 est
746 885 752 906 t
770 877 841 906 528
862 877 893 908 Si
908 877 988 907 enim

165 931 231 963 quae
245 922 283 952 ab
298 920 411 959 angelis
427 919 567 960 praadicta
589 924 659 951 sunt
682 920 854 952 acciderunt
870 926 899 952 et
913 921 988 952 elle-

165 970 246 997 ctum
261 965 365 996 sortita
380 969 460 1001 sunt,
477 968 586 1004 quanto
603 964 699 1004 magis
710 966 883 1005 contingent
896 975 962 1006 quae
973 976 991 996 a

164 1010 240 1042 Filio
259 1009 312 1040 Dei
328 1009 468 1049 praedicta
487 1013 555 1038 sunt
572 1017 579 1040 Ξ
612 1008 695 1037 ἕδικον
726 1010 940 1048 μισθαποδοσίαν⁷
958 1011 989 1041 id

165 1060 221 1093 est,
233 1055 344 1095 justam
360 1053 589 1084 retributionem
605 1063 639 1084 ac
654 1054 678 1084 si
702 1054 781 1085 dicat
798 1065 805 1086 :
820 1055 850 1086 Si
871 1065 906 1086 ea
921 1064 989 1086 con-

167 1100 296 1139 tigerunt
305 1107 371 1139 qua:
384 1097 421 1128 ab
436 1097 549 1136 angelis
559 1098 588 1127 in
600 1097 701 1128 Veteri
713 1098 901 1130 Testamento
911 1099 991 1130 dicta

165 1144 292 1184 fuerant,
323 1151 486 1183 omnesque
524 1146 758 1181 transgressores
786 1143 881 1183 puniti
907 1148 986 1184 sunt,

163 1198 251 1228 quam
267 1187 414 1218 habemus
433 1196 486 1217 nos
505 1189 620 1218 veniam
638 1197 703 1218 cum
721 1187 788 1218 illos
805 1188 923 1228 punitos
936 1197 986 1219 re-

162 1233 307 1273 spicimus
318 1241 352 1262 ac
368 1231 555 1270 negligimus.
574 1244 586 1259 ι(
599 1231 629 1263 Si
645 1236 754 1262 tantam
771 1232 989 1271 ncglexerimus

163 1277 301 1308 salutem.
323 1289 336 1304 ι
353 1275 425 1312 Quae
453 1285 512 1306 non
537 1281 624 1306 terrae
648 1276 726 1307 bona
742 1276 887 1316 promittit
911 1277 988 1308 sicut

164 1322 253 1352 Vetus
262 1320 500 1357 Testamentum,
517 1320 568 1350 sed
580 1329 704 1360 regnum
717 1321 857 1351 caelorum
870 1330 904 1352 ac
914 1321 985 1351 ado-

1030 343 1151 377 λαληθεῖς
1166 344 1256 383 λόγος.
1282 356 1294 373 ι
1331 340 1358 373 Ἠ
1386 345 1504 383 περὶτοῦ
1519 345 1610 382 νόμου,
1638 343 1730 383 φησὶν,
1753 340 1797 369 ὅτι
1820 340 1856 368 δι’

1031 388 1150 428 ἀγγέλων
1172 388 1259 426 ἐδόθη,
1285 390 1321 421 ὡς
1349 390 1393 418 καὶ
1414 389 1441 417 ἐν
1472 393 1507 428 τῇ
1535 390 1600 428 πρὸς
1626 387 1747 418 Γαλάτας
1775 385 1857 426 φησὶ,

1034 442 1049 462 (
1073 434 1209 472 Διαταγεὶς
1238 433 1271 461 δι’
1300 433 1431 472 ἀγγέλων,
1457 446 1469 463 ι
1503 433 1584 472 ἤγουν
1618 431 1781 464 διακονηθείς
1798 439 1806 446 ·
1838 428 1858 462 ἢ

1030 478 1168 516 περὶτῶν
1198 476 1240 505 ὑπ’
1272 477 1392 516 ἀγγέλων
1416 477 1507 510 ἄλλοις
1536 476 1716 512 λαληθέντων,
1745 475 1782 506 ὡς
1813 473 1860 501 ἐπὶ

1030 525 1083 549 τῶν
1112 520 1274 559 Σοδομιτῶν,
1310 522 1346 554 ὡς
1382 522 1424 550 ἐπὶ
1458 526 1504 550 τοῦ
1539 521 1708 558 κλαυθμῶνος
1738 519 1765 547 ἐν
1793 524 1858 548 τοῖς

1032 570 1153 604 Κριταϊς,
1177 565 1219 593 ὅτε
1248 565 1326 600 ἦλθεν
1346 565 1458 605 ἅγγελος
1482 566 1574 606 Κυρίου
1595 567 1660 605 πρὸς
1687 565 1747 596 τοὺς
1764 562 1858 601 Ἰσρα-

1030 609 1122 642 ηλίτας
1157 611 1200 638 καὶ
1235 609 1344 650 ἤλεγξεν
1369 612 1454 639 αὐτῶν
1488 611 1538 644 τὴν
1572 610 1747 649 παρανομίαν,
1789 607 1859 635 Δέον

1030 655 1091 692 γὰρ,
1108 655 1184 693 φησὶ,
1212 655 1310 687 πάντας
1338 654 1468 695 ἐφανίσαι,
1489 655 1567 693 ὑμεῖς
1596 653 1624 682 δὲ
1656 654 1699 681 καὶ
1724 652 1859 686 συνθήκας

1031 697 1115 726 ἔθεσθε
1136 700 1200 738 πρὸς
1236 700 1338 732 αὺτούς.
1380 701 1428 728 Διὰ
1449 705 1526 729 τοῦτο
1555 700 1602 728 οὒκ
1629 698 1804 737 ἒξολοθρεύσει
1844 697 1860 724 ὁ

1030 744 1095 774 Θεὸς
1137 744 1169 771 τὰ
1210 743 1415 782 ὑπολειπόμενα,
1448 743 1520 778 ἔθνη,
1565 747 1651 772 Ταῦτα
1694 742 1860 772 ἀκούσαντες

1030 787 1157 816 ἔκλαυσαν
1177 780 1368 826 νὸμοθυμαὸἆν.
1402 780 1471 818 ’ὅθεν
1500 790 1545 817 καὶ
1567 788 1707 826 κλαυθμὼν
1729 788 1742 815 ὁ
1771 787 1859 818 τόπος

1030 831 1141 866 ἐκλήθη.
1170 825 1201 861 "0
1229 832 1256 860 δὲ
1285 832 1355 872 λέγει
1377 834 1493 862 τοιοῦτόν
1523 833 1592 862 ἐστιν
1610 843 1617 850 ⁸
1650 833 1678 861 Εἰ
1699 833 1759 872 γορ,
1775 832 1857 871 φησὶ,

1030 876 1062 903 τὰ
1083 875 1126 904 ὐπ’
1156 876 1276 915 ἀγγέλων
1302 877 1450 911 λαληθέντα
1476 876 1552 911 ἐξέϐη
1591 878 1635 906 καὶ
1662 877 1743 916 πέρας
1775 876 1856 916 ἔσχε,

1029 921 1104 957 πόσῳ
1127 920 1229 959 μᾶλλον
1304 923 1374 962 παρὰ
1402 928 1448 952 τοῦ
1471 924 1531 950 Υἱοῦ
1552 927 1598 952 τοῦ
1628 925 1694 951 Θεο)
1706 921 1859 954 λαληθέντα

1030 964 1169 1000 ἐκϐήσεται
1198 975 1206 1005 ς
1265 958 1382 1006 νΕνδικον
1445 965 1572 1006 (δικαίαν)
1635 964 1847 1004 μισθαποδοσίαν
1853 990 1860 996 .

1030 1009 1179 1047 Τουτέστιν,
1196 1009 1322 1048 ἀμοιϐήν.
1345 1003 1377 1040 “Ο
1402 1010 1429 1039 δὲ
1452 1011 1535 1051 λέγει,
1565 1011 1684 1040 τοιοῦτόν
1701 1010 1773 1038 ἐστιν
1790 1019 1798 1027 θ
1829 1011 1861 1037 Εἰ

1030 1054 1062 1081 τὰ
1095 1055 1165 1094 παρὰ
1197 1054 1316 1093 ἀγγέλων
1341 1054 1488 1089 λαληθέντα
1520 1055 1548 1083 ὲν
1576 1059 1610 1094 τῇ
1634 1055 1737 1090 Παλαιᾷ
1764 1053 1857 1094 ἐξέϐη,

1029 1099 1073 1126 καὶ
1104 1099 1128 1126 οἱ
1155 1099 1354 1138 ἁμαρτήσαντες
1384 1100 1480 1133 πάντες
1516 1099 1663 1138 ἀπέλαϐον,
1692 1100 1769 1128 ποίαν
1798 1098 1858 1131 ἔξο-

1030 1153 1078 1180 μεν
1103 1143 1262 1181 συγγνώμην
1283 1144 1364 1180 ἡμεῖς
1393 1144 1506 1177 ἐκείνους
1535 1143 1720 1176 ἀπολαϐόντας
1741 1145 1858 1183 ὁρῶντες

1029 1186 1073 1213 καὶ
1094 1185 1272 1227 ἀμελοῦντες,
1301 1198 1314 1215 ι
1342 1187 1511 1222 Τηλικαύτης
1532 1188 1716 1226 ἀμελήσαντες
1759 1199 1856 1220 σωτη-

1029 1231 1095 1269 ρίας.
1117 1242 1128 1259 ι
1151 1231 1186 1259 Οὖ
1201 1232 1232 1259 τὰ
1254 1231 1338 1271 ἀγαθὰ
1366 1234 1414 1266 τῆς
1442 1235 1493 1272 γῆς
1522 1232 1768 1272 ἐπαγγελλομένης,
1800 1243 1856 1260 κα-

1028 1277 1079 1309 θὼς
1106 1278 1123 1311 ἡ
1158 1277 1271 1315 Παλαιὰ,
1299 1278 1367 1307 ἀλλὰ.
1393 1279 1527 1317 βασιλείαν
1545 1280 1661 1319 ονῦρανῶν
1681 1280 1725 1307 καὶ
1764 1280 1856 1308 υἱοθε-

1027 1321 1096 1348 σίαν·
1119 1322 1255 1362 Σωτηρίας
1277 1321 1304 1351 δέ
1324 1335 1401 1363 φησι,
1430 1326 1479 1357 τῆς
1508 1323 1560 1352 ἀπὸ
1574 1327 1686 1364 Χριστοῦ
1700 1323 1856 1363 δειχθείσης

162 1366 294 1406 ptionem
309 1365 339 1395 in
352 1364 571 1395 ﬁlios.Salutem
584 1368 682 1395 autem
691 1365 763 1395 dicit
771 1374 837 1405 qua}
846 1374 862 1396 a
869 1365 985 1396 Christo

1069 1390 1071 1395 .
1096 1369 1299 1410 φανεροώείσης,
1336 1370 1466 1408 τουτέστι,
1489 1373 1537 1404 τῆς
1559 1371 1595 1402 εἷς
1617 1371 1694 1398 αὐτὸν
1724 1371 1854 1402 πίστεως.

163 1412 363 1442 demonstrata
377 1415 421 1441 est
437 1415 465 1440 et
493 1410 692 1447 manifestata,
710 1411 766 1441 hoc
781 1415 837 1451 est,
851 1411 939 1441 ﬁdem
956 1411 985 1441 in

1069 1413 1130 1446 ύτην
1152 1412 1180 1440 δὲ
1207 1414 1269 1442 εἷπε
1291 1415 1433 1454 σωτηρίαν,
1463 1414 1562 1446 δεικνὺς
1585 1415 1618 1443 τὰ
1639 1415 1666 1443 ὲν
1694 1418 1728 1453 τῇ
1747 1414 1857 1451 Παλαιᾷ

162 1456 270 1496 ipsum.
287 1455 370 1486 Hanc
384 1459 483 1486 autem
496 1455 568 1485 dixit
592 1455 730 1492 salutem,
747 1457 908 1486 ostendens
923 1465 985 1496 quae

1090 1456 1170 1489 οὕτως
1191 1457 1253 1486 ἄιτα
1277 1459 1405 1499 σωτήρια.
1437 1471 1450 1487 α
1482 1459 1625 1488 ιλαλεῖσθαι
1662 1459 1703 1487 διὰ
1724 1462 1771 1488 τοῦ
1796 1465 1856 1488 Κυ-

162 1488 193 1532 ih
217 1500 309 1531 veteri
322 1501 387 1538 lege
402 1503 487 1531 erant
502 1508 562 1530 non
577 1499 668 1544 fuisse
683 1488 833 1531 salutaria.
862 1512 872 1528 ι
891 1488 985 1530 Ευέιι-

1164 1488 1168 1489 ,
1344 1488 1356 1499 ,,
1399 1488 1405 1490 .

1069 1513 1094 1531 υ.
1115 1513 1127 1529 ι
1153 1501 1221 1530 Εἶτα
1246 1501 1356 1532 δείκνυσι
1379 1505 1409 1532 τὸ
1435 1503 1586 1536 ἀξιόπιστον
1617 1504 1711 1537 αὐτῆς.
1743 1505 1780 1532 Οὔ
1801 1505 1856 1544 γάρ

162 1547 221 1576 rari
239 1555 292 1586 per
307 1545 404 1586 ipsum
422 1545 592 1576 Dominum.
610 1557 620 1573 ν
639 1543 775 1576 Ostendit
790 1545 899 1575 deinde
915 1545 987 1576 illud

162 1590 284 1628 dignum
303 1599 369 1621 esse
381 1589 427 1620 cui
440 1589 514 1620 ﬁdes
538 1589 726 1620 adhibeatur.
748 1588 812 1620 Non
825 1589 903 1620 enim
914 1589 987 1620 alius

162 1635 320 1676 quispiam,
339 1634 446 1674 inquit,
463 1634 498 1665 ad
515 1633 545 1664 id
564 1634 698 1664 minister
713 1634 778 1671 fuit,
795 1634 986 1674 quemadmo-

160 1680 230 1710 dum
249 1681 346 1710 Moses
356 1678 385 1709 in
397 1678 500 1715 veteri,
513 1678 567 1709 sed
577 1679 642 1719 ipse
655 1677 802 1710 Christus.
811 1678 871 1709 «Ab
881 1679 926 1709 his
938 1679 987 1719 qui

161 1723 452 1754 audierant.»Delata
462 1723 498 1754 ad
508 1732 562 1754 nos
570 1723 606 1754 ab
618 1723 664 1754 his
674 1723 724 1763 qui
737 1722 904 1761 audierant,
918 1732 986 1753 con-

161 1768 276 1799 ﬁrmata
292 1773 362 1799 sunt
376 1772 404 1798 et
420 1767 544 1799 credita.
571 1767 696 1803 Quinam
708 1772 805 1798 autem
817 1767 922 1798 sunthi
937 1769 985 1808 qui

159 1813 331 1844 audierunt?
344 1812 515 1844 Venerandi
529 1821 601 1843 sane
609 1811 809 1852 discipuli.Ne
820 1812 984 1843 oﬂ‘eutticu-

1028 1556 1068 1577 τις
1102 1545 1200 1585 ἕτερος,
1223 1548 1298 1586 φησὶ,
1328 1546 1485 1581 διηκόνησεν
1515 1548 1580 1586 αὐτῇ
1608 1549 1724 1588 καθάειερ
1753 1549 1855 1583 Μωσῆς

1027 1592 1061 1627 τῇ
1076 1589 1262 1632 Παλαιᾷλᾶλγ
1280 1592 1357 1623 αὑτὸς
1379 1593 1393 1620 ὁ
1410 1592 1533 1632 Χριστός,
1561 1604 1572 1621 ‹
1603 1588 1671 1621 ἰ’πὸ
1693 1594 1745 1621 τῶν
1767 1593 1855 1621 ἀκου-

1028 1635 1140 1666 σάντων,
1161 1646 1173 1663 ι
1192 1630 1256 1663 Ὑπὸ
1283 1639 1336 1664 τῶν
1363 1637 1531 1666 ἀκουσάντων
1553 1638 1590 1669 εἰς
1605 1638 1675 1675 ἡμᾶς
1696 1637 1852 1678 ἐνεχθεῖσα,

1029 1677 1172 1713 ἐϐεϐαιώθη
1187 1680 1231 1707 καὶ
1245 1680 1395 1715 ἐπιστεύθη,
1426 1682 1499 1713 Τίνες
1525 1680 1551 1709 δὲ
1573 1683 1597 1710 οἱ
1618 1677 1776 1714 ἀκούσαντες
1794 1693 1802 1723 ς
1829 1677 1854 1711 οἷ

1027 1723 1159 1752 θεσπέσιοι
1177 1723 1298 1757 δηλονότι
1326 1727 1450 1762 μαθηταί.
1478 1719 1528 1755 ’ἱνα
1549 1725 1576 1754 δὲ
1605 1727 1644 1764 μὴ
1673 1719 1851 1766 σκανδαλίσῃ,

1029 1767 1058 1796 οὗ
1072 1767 1143 1807 λέγει
1165 1769 1208 1796 καὶ
1236 1769 1327 1798 ἑαυτὸν
1355 1769 1498 1804 ἀκηκοέναι
1525 1771 1597 1810 παρὰ
1624 1775 1748 1812 Χριστοῦ,
1764 1772 1852 1800 καίτοι

1029 1811 1151 1845 ἤκουσεν,

159 1857 220 1888 lum
238 1857 368 1898 patiaris,
389 1867 447 1888 non
463 1857 534 1888 dicit
549 1857 679 1897 seipsum
694 1866 812 1897 quoque
826 1857 944 1888 audisse
959 1867 976 1888 a
991 1855 1120 1894 Christo,
1136 1865 1204 1887 cum
1220 1861 1318 1888 tamen
1332 1857 1474 1889 audisset.

199 1901 237 1940 Il,
253 1902 317 1933 4-8.
331 1903 494 1933 Attestante
504 1901 569 1932 Deo
577 1902 671 1941 signis
689 1905 716 1932 et
733 1901 884 1941 prodigiis
894 1902 988 1934 simul

157 1949 318 1987 variisque
331 1947 504 1983 virtutibus,
518 1950 545 1978 et
555 1945 792 1986 Spiritussancti
800 1946 988 1978 distributio-

157 1992 363 2030 nibus,jua:ta
374 1991 470 2031 ipsius
480 1989 677 2022 voluntatem.
695 1990 762 2022 Non
775 1991 855 2022 enim
871 1991 988 2030 angelis

1073 1913 1086 1929 α
1130 1905 1418 1942 Συνεπιμαρτυροῦντος
1451 1904 1497 1931 τοῦ
1544 1907 1610 1933 Θεοῦ
1647 1905 1767 1942 σημείοις
1807 1907 1854 1934 καὶ

1028 1945 1116 1985 τέρασι
1158 1947 1201 1974 καὶ
1241 1947 1372 1980 ποικίλαις
1421 1947 1557 1986 ὂυναμεσι,
1610 1949 1654 1976 καὶ
1695 1950 1853 1988 Πνεύματος

1028 1990 1101 2029 ἁγίου
1142 1997 1282 2030 μερισμοῖς
1324 1992 1391 2020 κατὰ
1432 1993 1481 2026 τὴν
1532 1993 1610 2021 αὺτοῦ
1651 1993 1770 2027 θέλησιν.
1816 1997 1854 2024 Οὐ

157 2035 285 2074 subjecit
304 2035 408 2066 orbem
425 2039 515 2066 terrae
528 2035 679 2075 futurum,
695 2035 732 2066 de
743 2043 800 2074 quo
818 2036 984 2075 loquimur.

1069 2046 1075 2063 ι
1111 2034 1234 2075 ἀγγέλοις
1275 2035 1386 2069 ὑπέταξε
1413 2037 1463 2071 τὴν
1496 2037 1653 2075 οἰκουμένην
1688 2038 1739 2072 τὴν
1779 2038 1850 2077 μὲλ-

163 2079 300 2111 Teslalus
315 2083 358 2111 est
373 2084 473 2111 autem
488 2079 604 2111 alicubi
618 2079 742 2119 quidam
764 2079 864 2111 dicens
881 2091 887 2109 :
905 2080 985 2116 Quid

1069 2090 1132 2119 ισαν,
1175 2080 1234 2119 περὶ
1287 2081 1318 2114 ἧς
1369 2080 1500 2119 λαλοῦμεν
1518 2091 1526 2099 ⁸
1583 2081 1773 2122 διεμαρτύρατο
1822 2082 1850 2111 δέ

157 2127 202 2154 est
216 2123 302 2154 homo
315 2124 395 2164 quod
410 2133 526 2155 mem0r
539 2133 569 2155 es
583 2125 660 2165 eius,
673 2127 725 2155 aut
735 2123 834 2156 Filius
841 2124 983 2166 hominis,

1069 2124 1076 2151 ἱ
1102 2135 1142 2156 τις
1162 2123 1273 2172 Δλέγων,
1304 2125 1334 2172 Τί
1374 2126 1445 2154 ἐστιν
1472 2125 1606 2166 ἅνθρωπος
1639 2126 1678 2155 ὅτι
1708 2129 1850 2167 μιμνήσκῃ

158 2171 305 2213 quoniam
321 2169 429 2200 invisis
443 2169 549 2200 illum?
563 2169 672 2200 Fecisti
682 2178 746 2200 eum
761 2169 921 2209 paululum
939 2171 985 2200 in-

1069 2172 1116 2206 ῖοῦ,
1159 2168 1176 2202 ἣ
1218 2170 1277 2201 Υἱὸς
1319 2169 1454 2209 ἀνθρώπου
1496 2170 1535 2199 ὅτι
1567 2170 1714 2210 ἐπισκέπτῃ
1743 2173 1850 2213 αὐτόν;

157 2212 302 2251 feriarum
314 2213 443 2253 angelis,
455 2214 556 2254 gloria
571 2217 601 2244 et
616 2213 728 2244 honore
742 2215 894 2245 coronasti
903 2223 981 2252 eum,

157 2259 185 2287 et
200 2258 386 2289 constituisti
401 2267 467 2289 eum
478 2267 569 2298 super
585 2266 675 2298 opera
688 2266 835 2289 manuum
847 2262 982 2290 tuarum.

158 2300 268 2332 Omnia
293 2302 444 2342 subjeeisti
472 2302 527 2334 sub
550 2302 677 2343 pedibus
691 2303 766 2342 ejus.
782 2303 819 2334 In
834 2303 889 2334 hoc
903 2303 984 2335 enim

156 2347 237 2384 quod
251 2347 280 2377 ei
295 2347 422 2386 subiecit
435 2348 552 2388 omnia,
568 2346 648 2378 nihil
662 2348 765 2378 amisit
779 2347 827 2378 illi
842 2357 902 2379 non
909 2349 982 2380 sub-

149 2391 378 2429 jectum.Nunc
404 2401 473 2424 vero
501 2392 635 2423 nondum
662 2391 797 2424 videmus
809 2393 922 2433 gomm'u
937 2392 984 2424 illi

157 2443 221 2466 esse
236 2435 379 2475 subjecta.

196 2479 312 2511 Deinde
325 2489 363 2511 ne
378 2481 499 2512 mentiri
514 2481 675 2512 credantur
696 2482 746 2522 qui
762 2491 778 2513 a
793 2481 911 2513 Christo
925 2491 982 2513 au-

156 2523 286 2563 dierunt,
304 2530 334 2557 et
347 2526 405 2557 alia
423 2536 476 2567 pro
494 2526 561 2557 aliis
573 2526 674 2558 dicant
691 2536 698 2557 :
715 2537 773 2558 non
786 2527 891 2568 inquit.
907 2528 982 2559 Nam

157 2572 187 2600 et
198 2568 261 2609 ipse
277 2569 355 2601 Deus
370 2580 428 2601 uua
451 2580 518 2602 cum
533 2571 578 2602 eis
606 2571 809 2602 testimonium
845 2571 982 2612 perhibet

156 2614 273 2645 veritati
289 2624 342 2655 per
354 2615 438 2655 signa
453 2620 482 2646 et
507 2615 654 2656 prodigia,
682 2616 838 2657 variasque
859 2616 983 2647 virtutes

158 2667 231 2699 quas
247 2668 300 2700 per
315 2669 366 2691 eos
382 2665 534 2701 operatur.
552 2660 606 2691 «Et
629 2660 752 2701 spiritus
770 2663 863 2692 sancti
880 2660 984 2692 distri-

1027 2208 1197 2245 Ἠλάττωσας
1231 2214 1309 2242 αὺτὸν
1337 2208 1421 2255 έραχύ
1454 2226 1479 2243 τι
1522 2214 1584 2254 παρ’
1613 2208 1753 2256 ἀγγέλους,
1785 2208 1848 2256 δόξῇ

1026 2258 1069 2285 καὶ
1109 2260 1174 2296 τιμῇ
1215 2257 1395 2298 ἐστεφάνωσας
1446 2260 1535 2298 αὐτὸν,
1589 2260 1675 2291 πάντα
1717 2260 1849 2294 ὑπέταξας

1025 2302 1149 2330 ὑποκάτω
1183 2305 1237 2330 τῶν
1270 2302 1357 2331 ποδῶν
1391 2306 1481 2335 αὖτοῠ.
1511 2304 1555 2333 Ἐν
1585 2305 1636 2345 γὰρ
1656 2309 1695 2343 τῷ
1721 2306 1849 2339 ὑποτάξαι

1024 2347 1095 2384 αὐτῷ
1139 2347 1172 2374 τὰ
1219 2347 1316 2383 πάντα,
1352 2347 1425 2377 οὐδὲν
1469 2349 1570 2389 ἀφῆκεν
1612 2350 1683 2387 αὐτῷ
1718 2350 1850 2379 ἀνυπότα-

1023 2402 1098 2422 κτον.
1122 2396 1174 2420 Νῦν
1195 2390 1223 2418 δὲ
1251 2390 1324 2419 οὔπω
1357 2393 1460 2432 ὁρῶμεν
1490 2395 1561 2430 αὒτῷ
1590 2394 1622 2421 τὰ
1650 2394 1737 2423 πάντα
1778 2396 1848 2423 ὑπο-

1024 2435 1185 2475 τεταγμένα.

1066 2481 1134 2509 Εἶτα
1150 2481 1212 2508 ὡσεὶ
1239 2479 1377 2518 ψεύδονται
1406 2482 1429 2509 οἱ
1456 2481 1614 2515 ἀκούσαντες
1629 2483 1702 2522 παρὰ
1718 2487 1844 2523 Χριστοῦ,

1024 2526 1066 2553 καὶ
1087 2524 1155 2553 ἄλλα
1178 2523 1235 2553 ἀντ’
1259 2524 1346 2553 ἄλλων
1367 2524 1498 2566 λέγουσιν,
1521 2526 1557 2555 Οὔ
1581 2538 1660 2567 φησιν
1677 2536 1684 2543 ·
1715 2530 1760 2557 καὶ
1796 2531 1847 2569 γὰρ

1024 2570 1066 2598 καὶ
1087 2570 1164 2602 αὐτὸς
1180 2570 1194 2597 ὁ
1209 2570 1273 2602 Θεὸς
1295 2576 1422 2609 μαρτυρεῖ
1449 2572 1540 2603 αὐτοῖς
1567 2571 1704 2611 ἀλήθειαν,
1727 2572 1770 2601 διὰ
1798 2585 1848 2608 ση-

1024 2616 1103 2653 μείων
1117 2615 1161 2642 καὶ
1189 2625 1304 2654 τερατων
1325 2615 1368 2642 καὶ
1390 2614 1518 2643 ποικίλων
1545 2615 1679 2654 δυνάμεων
1707 2620 1746 2646 ὧν
1770 2618 1846 2659 ἐνερ-

1023 2668 1068 2701 γεῖ
1082 2661 1114 2690 δι’
1130 2661 1226 2692 αὐτῶν.
1253 2670 1264 2688 α
1297 2660 1345 2690 Καὶ
1366 2659 1518 2698 Πνεύματος
1545 2661 1619 2701 ἁγίου
1645 2670 1801 2702 μερισμοῖς,
1831 2675 1846 2692 ι

197 2739 225 2764 ‘3
240 2739 334 2772 Galat.
351 2749 395 2779 tu,
413 2741 461 2772 19.
479 2741 508 2766 19
523 2740 598 2774 Gen.
612 2750 673 2780 .ux,
691 2742 704 2772 1
724 2751 808 2783 seqq.
826 2741 854 2767 ‘5
866 2740 964 2773 Judic.
982 2751 985 2773 1

1069 2751 1133 2783 teqq
1141 2766 1146 2772 .
