1936 3080
1825 77 1887 110 296

1363 147 1438 181 δόξαν
1486 147 1632 188 ἅγαγόντα,
1674 147 1720 176 τδν
1761 146 1886 186 ἀρχηγὸν

1488 192 1529 220 διὰ
1578 192 1744 230 παθημάτων
1793 190 1884 219 τελει-

196 83 255 119 295
751 83 958 118 CECUMENII
980 80 1128 115 TRICCIE
1147 81 1316 114 EPISGOPI

191 163 248 194 per
262 162 349 194 quem
361 156 433 186 sunt
447 154 564 194 omnia,
579 157 613 184 ut
626 153 730 185 multis
737 153 816 193 ﬁliis
841 153 874 184 in
885 152 955 192 glor

545 164 564 194 ι,
579 157 613 184 ut
626 153 730 185 multis
737 153 816 193 ﬁliis
841 153 874 184 in
885 152 1017 192 gloriam
1027 149 1121 181 Αλούς
1162 149 1231 181 υἱοὺς
1273 149 1309 180 εἷς

192 199 342 237 adductis,
359 201 513 230 auctorem
523 198 633 230 sulutis
642 197 762 230 illorum
775 207 831 238 per
842 198 956 237 a/ﬂictit

674 198 762 229 forum
775 207 831 238 per
842 198 1021 237 a/ﬂictiones
1060 196 1109 228 τῆς
1161 195 1292 233 σωτῆριας
1343 195 1438 230 αὐτῶν,

189 243 356 283 perfectum
372 243 523 274 redderet.

413 243 523 274 dderet.
1060 250 1137 270 ωσαι,
1167 250 1177 267 ι

233 278 408 324 Paululum,
421 287 459 318 ob
476 287 506 318 id
519 287 592 318 dicit
606 287 683 328 quod
703 287 798 318 tribus
813 287 917 318 diebus
929 287 995 317 fuer

1121 283 1167 323 αρὺ
1182 281 1210 310 δέ
1230 293 1308 322 φησι,
1336 281 1378 310 διὰ
1396 282 1436 319 τὸ,
1466 281 1540 321 τρεῖς
1567 280 1669 320 ἡμέρας
1704 280 1731 308 ἔν
1752 282 1791 317 τῷ
1820 278 1883 315 ᾅδη,

191 331 268 372 apud
284 331 408 363 inferos.
429 343 441 360 ιι
461 333 585 372 Propter
613 324 776 362 cruciatum
793 331 907 363 mortis.
925 343 939 359 υ

1121 329 1186 357 σθαι.
1213 338 1226 355 σ
1245 327 1294 354 Διὰ
1321 327 1352 354 τὸ
1372 325 1484 363 πάθημα
1512 329 1556 353 τοῦ
1577 325 1698 354 θανάτου.
1724 336 1739 352 ι
1770 324 1885 359 Πάθημα

191 368 312 407 cendo:
344 368 528 406 Cruciatum-
547 375 662 413 mortis,
692 385 790 406 veram
820 376 955 406 manifest

1123 385 1168 402 του
1189 374 1281 413 εἰπὼν,
1304 372 1350 400 τὸν
1375 370 1462 405 ἇληθῆ
1489 371 1599 411 ἐνέφηνε
1628 371 1751 401 θάνατον.
1778 381 1789 398 ι
1818 368 1886 404 Δόξᾳ

192 424 330 451 mortem.
351 431 362 449 ι
377 419 478 452 Gloria
493 424 522 451 et
536 420 649 450 honore
658 424 842 452 coronatum.
858 432 870 448 ιι
887 419 956 451 Glor

1126 420 1192 455 τιμῆ
1227 415 1455 456 ἐστεφανωμένον.
1488 427 1500 444 ι
1534 415 1616 448 Δόξαν
1644 416 1688 443 καὶ
1715 414 1810 454 τιμὴν,
1840 414 1886 440 τὸν

192 468 222 495 et
237 464 381 495 honorem
413 468 499 495 vocat
527 472 660 496 crucem.
686 465 791 504 Neque
807 465 886 494 enim
902 468 956 494 tam

1120 463 1168 501 ιρὸν
1196 461 1286 491 καλεῖ,
1309 461 1345 490 Οὐ
1364 461 1414 500 γὰρ
1448 460 1530 492 οὕτως
1560 460 1630 493 ἄξιον
1660 462 1707 488 τοῦ
1743 462 1809 487 Θεοῦ
1839 458 1884 485 καὶ

191 508 251 539 Deo
271 507 393 548 dignum
411 511 472 538 erat
483 511 602 548 tamque
615 507 775 546 gloriosum
789 508 895 539 fecisse
909 507 1017 538 coelum

192 557 221 583 et
238 556 346 583 terram
364 561 398 583 ac
414 553 566 583 hominem
584 562 787 593 supernasque
796 553 928 587 virtutes,
941 552 1019 582 sicut

193 598 273 637 quod
291 600 412 637 propter
440 606 493 627 nos
521 597 660 637 dignatus
684 597 771 628 fuerit
794 595 939 636 cruciﬁgi.
956 595 1018 626 Hoc

1058 505 1222 546 ὑπερένόοξον
1237 507 1268 534 τὸ
1294 508 1405 539 ποιῆσαι
1433 505 1541 544 οὗρανὸν
1562 505 1606 533 καὶ
1634 507 1686 543 γῆν
1707 503 1751 532 καὶ
1779 502 1884 542 ἅλθρω-

1058 561 1108 578 πον
1128 550 1172 578 καὶ
1200 551 1247 581 τὰς
1273 550 1328 578 ἄνω
1353 549 1485 587 δυνάμεις,
1527 550 1565 580 ὡς
1603 550 1634 577 τὸ
1660 546 1822 580 καταξιῶσαι
1851 544 1885 573 δι’

1058 595 1130 632 ἡμᾶς
1149 596 1339 634 σταυρωθῆναι.
1356 593 1438 623 Τοῦτο
1462 592 1489 621 δέ
1517 603 1582 633 φησι
1604 593 1648 620 καὶ
1675 592 1768 624 αὐτοὺς
1798 601 1886 629 παρα-

191 636 377 672 autem’dicit
387 640 478 671 etiam
503 643 582 681 ipsos
605 641 773 679 consolans,
789 650 823 672 ac
838 641 863 671 si
879 640 955 671 dicet

1119 641 1231 679 ›ύμενος.
1249 641 1278 669 Ei
1305 640 1355 680 γὰρ
1376 650 1459 668 ταυτα
1487 638 1520 666 δι’
1541 639 1608 676 ὑμᾶς
1636 640 1650 667 ὁ
1676 638 1787 679 Χριστὸς
1817 636 1883 665 ὑπέ-

192 685 224 717 Si
236 685 370 718 Christus
383 685 433 716 illa
440 690 562 726 propter
574 696 623 716 vos
635 686 786 724 sustinuit,
795 685 865 726 quid
876 685 956 715 miru:

1121 695 1144 724 ε,
1173 685 1197 712 τί
1227 684 1308 726 μέγα.
1333 685 1354 712 εἰ
1380 684 1424 712 καὶ
1457 684 1533 721 ὑμεῖς
1562 682 1596 711 δι’
1625 684 1702 711 αὺτὸν
1737 681 1883 720 ὑπομένετε

192 734 221 761 et
235 739 285 761 vos
301 734 421 771 propter
436 724 534 770 ipsum
551 730 725 762 aiﬂictiones
740 724 933 761 sustineatis?
951 742 956 756 ι

1120 729 1219 766 ασμούς
1234 737 1243 767 ;
1270 740 1284 756 α
1302 724 1401 760 ’Ὅπως
1423 728 1513 768 χάριτι
1530 731 1608 759 Θεοῦ.
1634 739 1646 756 ι
1671 728 1751 768 χάρις
1766 727 1820 766 γὰρ
1834 727 1882 759 τῆς

192 784 246 815 per
258 775 382 814 gratiam
397 774 461 806 Dei.
481 786 492 803 ι
511 774 577 805 Fuit
590 784 717 815 namque
732 778 842 805 sanctae
865 773 956 804 Trinil

1120 784 1131 806 ς
1161 773 1280 813 Τριάδος,
1317 775 1347 801 τὸ
1375 775 1470 802 παθεῖν
1495 773 1540 801 τὸν
1571 772 1641 804 Υἱόν,
1672 775 1709 802 Οὐ
1735 771 1786 812 γὰρ
1816 771 1883 799 κατὰ

191 819 285 859 gratia
297 819 376 860 quod
389 822 540 859 pateretur
547 819 650 850 Filius.
663 818 766 859 Neque
778 818 857 849 enim
870 827 906 848 ex
917 818 953 848 de

1116 817 1166 852 λὴν
1194 819 1208 846 ὁ
1236 817 1327 857 Πατὴρ
1349 818 1394 846 τὸν
1423 818 1482 845 Υἱὸν
1507 816 1613 857 ἔδωκεν,
1637 816 1655 851 ἢ
1678 817 1691 845 ὁ
1721 816 1782 848 Υἱὸς
1797 825 1880 844 κατε-

191 863 273 895 dedit
287 863 375 894 Pater
390 863 510 904 Filium,
519 867 568 894 aut
578 863 670 894 Fiiius
679 864 820 903 suseepit,
830 866 878 893 aut
889 861 955 902 Spir

1115 873 1159 902 το,
1189 862 1207 896 ἢ
1238 863 1269 890 τὸ
1291 865 1397 900 Πνεῦμα
1417 861 1576 902 συνέργησεν
1600 862 1636 892 εἰς
1663 862 1709 889 τὸν
1751 861 1879 899 Σταυρὸν,

188 912 308 939 sanctus
336 912 511 948 cooperatus
535 912 581 938 est
596 908 634 938 ad
651 907 830 948 passionem.
848 907 899 937 sed
916 915 952 937 on

1114 907 1222 935 ἱπάντο.
1234 907 1324 947 χάριτι
1353 906 1457 946 γέγονε,
1486 905 1579 938 Καλῶς
1609 905 1636 934 δὲ
1665 906 1704 943 τὸ,
1737 905 1878 938 Γεύσηται.

188 953 316 991 gratiose
330 952 405 982 facta
432 956 511 983 sunt.
544 951 638 983 Recte
667 955 765 982 autem
782 951 847 982 ait:
866 950 952 982 Gusta

1115 952 1161 991 γὰρ
1183 951 1300 989 ἰνέμεινε
1327 955 1365 988 τῷ
1393 951 1507 988 θανάτῳ,
1521 950 1589 979 ἀλλὰ
1604 951 1685 988 μόνον
1712 951 1792 979 αὐτοῦ
1818 949 1879 988 τρό-

187 996 289 1038 Neque
300 997 380 1028 enim
389 996 420 1027 in
429 1000 523 1027 morte
533 996 705 1036 permansit,
723 995 774 1026 sed
790 995 885 1036 ipsam
903 999 1013 1026 tantum

187 1040 405 1082 quodammodo
419 1041 594 1079 degustavit.
614 1057 649 1063 —
665 1040 828 1071 Sciendum
849 1049 918 1071 vero
934 1039 1013 1080 quod

189 1085 355 1117 Nestoriani
382 1085 549 1116 adulteram
577 1084 759 1124 Scripturam
790 1089 818 1115 et
833 1085 873 1115 ita
886 1084 1011 1124 legunt:

188 1135 219 1161 ut
234 1132 318 1171 χωρὶς
333 1134 411 1170 Θεοῦ,
435 1130 464 1159 id
488 1133 543 1166 est,
556 1129 621 1159 sine
645 1131 705 1160 Deo
722 1138 774 1168 pro
789 1130 860 1160 529
874 1129 1013 1160 universo

188 1174 260 1205 orbe
282 1177 414 1214 gustaret
437 1178 576 1211 mortem,
607 1174 661 1204 hoc
679 1177 734 1210 est,
751 1178 922 1205 astruenles
934 1172 1011 1214 quod

185 1218 433 1250 inhabitationem
450 1216 553 1248 habuit
574 1217 709 1249 Christus
722 1217 814 1249 Verbi
824 1218 895 1258 Dei;
909 1221 939 1248 et
953 1227 1013 1248 non

1055 1006 1105 1023 πον
1127 997 1186 1024 τινὰ
1214 995 1389 1034 ἀπεγεύσατο,
1420 1012 1459 1018 -
1489 994 1760 1034 [ΟΙΚΟΥΜΕΝΙΟΥ],
1784 993 1880 1022 ’ἰστέον

1056 1038 1084 1067 δὲ
1112 1039 1152 1068 ὅτι
1181 1041 1204 1068 οἱ
1229 1041 1397 1080 Νεστοριανοὶ
1418 1044 1595 1079 παραποιοῦσι
1618 1040 1668 1072 τὴν
1689 1038 1809 1079 Γραφῆν,
1838 1038 1881 1065 καὶ

1055 1083 1137 1116 οὕτως
1159 1084 1391 1124 ἀναγινώσκουσιν,
1421 1083 1494 1115 ὅπως
1523 1084 1605 1124 χωρὶς
1628 1087 1694 1112 Θεοῦ
1722 1083 1789 1123 ὑπὲρ
1815 1093 1879 1112 παν-

1054 1129 1099 1160 τὸς
1127 1129 1253 1168 γεύσηται
1287 1129 1411 1168 θανάτου,
1446 1132 1523 1157 τοῦτο
1559 1128 1813 1165 κατασκευάζοντες,
1841 1126 1878 1154 ὅτι

1055 1173 1185 1206 ἐνοίκησιν
1201 1173 1280 1213 ἔσχεν
1297 1174 1311 1201 ὸ
1328 1175 1451 1213 Χριστὸς,
1467 1174 1541 1213 φασὶ,
1563 1177 1609 1202 τοῦ
1638 1173 1704 1201 Θεοῦ
1735 1173 1824 1212 Λόγου
1838 1171 1879 1200 καὶ

1055 1219 1107 1258 οὐχ
1127 1217 1232 1258 ἕνωσιν,
1247 1218 1287 1246 ὅτι
1315 1218 1498 1258 σταυρουμένῳ
1518 1217 1590 1255 αὖτῷ
1618 1218 1648 1246 οὖ
1675 1219 1757 1252 συνῆν
1779 1218 1797 1251 ἦ
1819 1216 1877 1244 θεό-

186 1263 338 1302 unionem,
358 1262 425 1302 quia
441 1271 500 1292 non
515 1266 578 1292 erat
593 1271 651 1292 una
668 1270 735 1292 cum
747 1271 782 1293 eo
794 1262 844 1302 qui
858 1262 950 1293 crucit

1114 1262 1245 1301 ,Εἴρηται
1269 1263 1331 1302 γὰρ,
1361 1263 1436 1302 φασὶ,
1466 1263 1551 1302 Χωρὶς
1579 1265 1645 1290 Θεοῦ
1673 1262 1802 1301 γεύσηται
1836 1262 1878 1289 θα-

185 1307 273 1338 batur
295 1307 443 1338 divinitas.
471 1305 624 1346 Siquidem
649 1306 761 1337 dictum
789 1310 844 1344 est,
861 1306 949 1347 ἱιιῳιίι

1112 1318 1143 1338 μυ,
1188 1305 1263 1334 Ἀλλ’
1304 1305 1353 1346 ὅρα
1393 1308 1449 1338 πῶς
1492 1305 1625 1346 ὁρθόδοξός
1667 1318 1707 1338 τις
1736 1305 1876 1345 ἀπεκρίθη.

185 1351 257 1383 Sine
272 1351 332 1382 Deo
349 1354 479 1390 gustaret
507 1355 645 1382 mortem.
675 1351 734 1381 Sed
763 1350 830 1381 vide
846 1360 904 1391 quo
921 1359 949 1380 m

1114 1362 1161 1379 τον
1198 1351 1259 1389 μὲν,
1295 1351 1385 1391 χάριτι
1407 1354 1473 1379 Θεοῦ
1498 1357 1598 1382 κεῖται,
1622 1350 1696 1383 Πλὴν
1725 1351 1748 1378 εί
1762 1351 1808 1379 χαὶ
1824 1347 1878 1378 καθ’

185 1395 304 1436 quidam
320 1394 500 1426 orthodoxus
525 1394 724 1435 responderit.
743 1394 873 1425 Primum
889 1395 949 1435 quin

1113 1407 1121 1428 ;
1163 1396 1246 1435 χωρὶς
1287 1395 1363 1435 Θεοῦ,
1406 1395 1524 1435 εἴρηται,
1568 1394 1650 1426 οὕτως
1670 1394 1781 1423 δεκτέον
1802 1394 1877 1424 αὐτό.

187 1441 314 1482 positum
331 1445 385 1480 est,
400 1441 489 1480 χάριτι
502 1445 578 1477 Θεοῦ,
592 1440 648 1471 hoc
661 1444 716 1478 est,
728 1441 820 1480 gratia
829 1441 874 1471 vel
886 1449 951 1480 per;

1122 1441 1206 1480 χωρὶς
1228 1444 1274 1469 τοῦ
1302 1440 1368 1468 Θεοῦ
1395 1439 1459 1480 ὑπὲρ
1486 1440 1592 1468 πάντων
1619 1442 1673 1468 τῶν
1701 1438 1791 1468 ἄλλων
1812 1439 1876 1467 ἀπέ-

186 1487 256 1516 tiam
272 1484 326 1517 Dei
343 1493 350 1516 :
365 1488 495 1515 attamen
525 1484 614 1515 etiam
629 1484 654 1515 si
669 1488 702 1515 ut
716 1494 770 1516 vos
799 1485 885 1515 vultis
901 1485 948 1516 dic

1110 1495 1128 1511 :v
1143 1485 1157 1512 ὃ
1172 1484 1294 1523 Χριστός.
1321 1485 1370 1513 Καὶ
1398 1485 1448 1524 γὰρ
1469 1485 1499 1513 οὒ
1526 1485 1607 1522 μόνον
1627 1484 1692 1524 ὑπὲρ
1721 1484 1874 1524 ἀνθρώπων,

186 1529 224 1560 sit
238 1531 321 1570 χωρὶς
337 1533 413 1566 Θεοῦ,
425 1528 456 1559 id
478 1532 533 1567 est,
561 1528 627 1560 sine
644 1527 717 1569 Deo,
734 1529 774 1559 ita
789 1529 844 1559 hoc
858 1529 950 1570 accipi

1112 1530 1123 1557 ἱ
1157 1529 1201 1557 καὶ
1233 1529 1298 1568 ὑπὲρ
1328 1530 1380 1558 τῶν
1409 1528 1464 1560 ἅνω
1491 1528 1625 1567 δυνάμεων
1650 1528 1793 1569 ἀπέθανεν,
1835 1528 1876 1556 ἵνα

187 1575 257 1604 dum
272 1581 317 1605 est
333 1573 411 1614 quod
428 1573 494 1604 siue
506 1574 568 1604 Deo
580 1577 629 1604 aut
641 1577 764 1614 excepto
776 1573 837 1604 Deo
853 1582 905 1614 pro
918 1582 951 1604 on

1112 1574 1166 1612 τιτὸ
1182 1573 1339 1614 μεσότοιχον
1355 1578 1401 1603 τοῦ
1428 1577 1548 1614 φραγμοῦ
1563 1574 1607 1602 καὶ
1636 1573 1723 1613 ἐνώσῃ
1744 1574 1781 1602 τὰ
1807 1574 1876 1614 κάτω

187 1619 243 1650 bus
257 1619 324 1650 aliis
343 1613 485 1649 mortuus
511 1617 550 1648 sit
577 1617 722 1649 Christus.
749 1618 868 1650 Etenim
883 1628 943 1649 non

1111 1630 1113 1634 λ
1129 1617 1194 1649 ἅνω.
1218 1618 1307 1654 Τούτῳ
1321 1617 1413 1656 ὅμοιον
1429 1613 1459 1646 τὸ
1473 1617 1594 1658 ἀλλαχοῦ
1622 1618 1774 1658 εἰρημένον.
1793 1613 1875 1647 1Ὀτιιιν

186 1664 257 1694 solis
272 1662 456 1700 hominibus,
485 1662 537 1693 sed
564 1667 594 1693 et
622 1672 674 1703 pro
698 1663 836 1704 supernis
858 1663 950 1694 virtuti

1110 1662 1162 1701 ἴπῃ
1179 1662 1219 1690 ὅτι
1247 1663 1335 1693 πάντα
1361 1663 1546 1703 ὑποτέτακται,
1570 1662 1693 1696 δηλονότι
1721 1662 1799 1696 ἐκτὸς
1833 1665 1874 1691 τοῦ

186 1712 320 1740 mortuus
333 1712 389 1745 est,
402 1711 433 1738 ut
444 1706 635 1738 interstitium
658 1707 795 1738 maceria;
817 1707 962 1745 diruerat,
979 1717 1014 1739 ac

1053 1707 1230 1740 ὑποτάξαντος
1246 1708 1318 1745 αὖκῷ
1331 1707 1365 1735 τὰ
1379 1707 1475 1738 πάντα,

185 1753 285 1784 uniret
297 1751 440 1782 inferiora
453 1751 602 1792 superuis.
619 1752 648 1777 48
666 1751 740 1782 Huic
756 1756 785 1783 et
799 1751 898 1783 simile
913 1753 993 1793 quod
1007 1752 1080 1785 alibi
1094 1751 1205 1783 dictum
1221 1755 1277 1792 est,
1302 1751 1384 1792 atqui
1406 1760 1473 1783 cum
1500 1751 1580 1783 dicat
1589 1750 1670 1793 quod
1686 1751 1788 1782 omnia
1802 1751 1873 1783 sub-

181 1798 261 1838 jeeta
276 1801 356 1835 sunt,
374 1796 469 1836 palam
486 1800 530 1827 est
546 1796 755 1836 excipiendum
772 1805 839 1827 eum
857 1797 908 1837 qui
923 1797 1051 1838 subjecit
1066 1796 1238 1838 ipsiromnia
1252 1796 1292 1828 ‘9.

188 1843 263 1874 «Pro
280 1841 417 1872 universo
433 1840 505 1871 orbe
518 1844 649 1880 gustaret
665 1845 792 1872 mortem
810 1854 823 1869 »
839 1841 1010 1882 Quanquam

186 1887 267 1918 enim
279 1895 338 1917 non
352 1894 457 1916 omnes
468 1885 543 1916 salvi
552 1885 621 1917 facti
632 1885 692 1916 sint
705 1885 742 1916 ob
758 1895 842 1917 suam
853 1886 1013 1918 increduli-

185 1935 274 1962 tatem
293 1941 300 1961 :
317 1930 383 1971 ipse
396 1934 496 1960 tamen
510 1929 589 1970 quod
613 1939 701 1961 suum
732 1934 795 1961 erat
809 1930 846 1962 ad
862 1940 967 1962 omnes
982 1937 1013 1962 et

186 1985 238 2016 pro
254 1975 393 2007 omnibus
407 1974 491 2006 fecit.
507 1973 655 2006 «Decebat
666 1974 745 2005 enim
757 1984 856 2007 eum.)
870 1975 1010 2014 Decebat,

183 2020 291 2061 inquit,
309 2019 403 2051 Deum
421 2023 449 2049 et
458 2018 575 2050 Patrem
589 2022 709 2059 propter
719 2028 807 2059 quem
819 2024 888 2050 sunt
898 2019 1009 2058 omnia,

1097 1852 1109 1870 ι
1128 1837 1209 1881 Ὑπὲρ
1237 1841 1334 1872 παντὸς
1356 1841 1482 1881 γεύσηται
1503 1841 1626 1872 θανάτου.
1659 1852 1671 1870 υ
1701 1841 1732 1870 Εἰ
1753 1842 1806 1881 γὰρ
1834 1842 1874 1869 καὶ

1054 1886 1093 1924 μὴ
1128 1886 1225 1918 πάντες
1269 1885 1406 1919 ἐσώθησαν
1439 1885 1481 1914 διὰ
1513 1886 1564 1920 τὴν
1606 1885 1703 1914 οἰκείαν
1738 1885 1872 1925 ἀπιστίαν,
1923 1885 1924 1929 1

1053 1931 1130 1963 αὐτὸς
1153 1930 1201 1968 μέν
1215 1941 1256 1958 τοι
1277 1931 1432 1976 τὸνοίκεῖον
1457 1930 1499 1958 ἐπὶ
1520 1931 1621 1962 πάντας
1642 1931 1687 1976 καὶ
1711 1931 1779 1970 ὑπὲρ
1807 1931 1873 1960 πάν-

1052 1986 1100 2008 τας
1115 1975 1250 2009 ἐποίησεν.
1278 1985 1290 2004 ιι
1314 1969 1430 2015 μΕπρεπε
1446 1975 1495 2015 γὰρ
1523 1976 1605 2013 αὐτῷ.
1623 1987 1638 2003 ι
1668 1969 1793 2014 "Expers:
1814 1976 1872 2015 γὰρ,

1052 2021 1128 2061 φησὶ,
1150 2023 1188 2057 τῷ
1215 2023 1273 2058 Θεῷ
1293 2021 1339 2048 καὶ
1359 2021 1451 2060 Πατρὶ,
1484 2019 1518 2048 δι’
1547 2021 1576 2048 ὃν
1611 2021 1643 2050 τὰ
1664 2020 1763 2058 πάντα,
1801 2021 1874 2052 αὐτὸς
1923 2030 1924 2058 1

183 2065 249 2106 ipse
266 2073 338 2095 vero
351 2064 485 2094 omnium
502 2067 546 2094 est
563 2063 755 2104 principium.
775 2075 789 2091 α
802 2063 838 2094 Ει
853 2073 906 2104 per
921 2074 947 2104 qi

1106 2066 1204 2094 πάντων
1220 2064 1316 2098 αἴτιος.
1337 2075 1349 2093 ι
1367 2065 1416 2094 Καὶ
1438 2063 1471 2092 δι’
1494 2065 1524 2093 οὗ
1544 2065 1576 2094 τὰ
1601 2065 1699 2096 πάντα,
1730 2076 1742 2094 ι
1770 2066 1800 2094 Εἰ
1826 2065 1870 2104 γὰρ

184 2113 254 2140 sunt
267 2108 379 2140 omnia.
397 2120 411 2136 ι
424 2106 498 2139 Nam
510 2107 535 2138 si
543 2107 631 2138 etiam
642 2116 696 2148 per
714 2108 810 2149 ipsum
822 2112 890 2139 sunt
899 2107 1010 2146 omnia,

184 2155 272 2185 Pater
287 2156 331 2184 est
342 2152 393 2194 qui
407 2152 508 2183 omnia
519 2152 641 2193 creavit,
654 2152 705 2193 qui
714 2153 885 2184 Creatorem
894 2153 1008 2193 genuit.

186 2210 199 2227 ιι
219 2197 255 2228 Ει
270 2206 323 2238 per
338 2206 427 2238 quem
443 2201 513 2228 sunt
526 2196 640 2229 omnia.
657 2209 672 2225 ι
685 2197 744 2228 Per
759 2206 859 2237 quem,
872 2197 910 2228 de
922 2198 1009 2229 Patre

184 2242 314 2283 positum
331 2245 386 2273 est.
407 2253 419 2270 ι
436 2241 538 2273 Multis
548 2241 628 2273 ﬁliis.
647 2253 658 2270 ι
673 2241 767 2273 Filius
781 2242 839 2273 hoe
849 2242 914 2272 loco
924 2247 1009 2273 vocat

186 2287 334 2319 homines.
346 2285 433 2324 Eum,
444 2285 552 2326 inquit,
562 2285 613 2326 qui
624 2285 760 2316 homiues
770 2285 801 2316 in
811 2285 1010 2326 gloriamUni-

183 2330 275 2371 geniti
285 2339 338 2371 per
345 2330 456 2362 donum
462 2330 631 2370 adoptionis
639 2329 1010 2368 introduxuisset,decebat

184 2380 215 2407 ut
225 2380 378 2407 auctorem
390 2375 492 2406 salutis
503 2375 610 2405 horum
630 2375 772 2412 ﬁliorum,
785 2375 842 2406 hoc
853 2379 907 2416 est,
920 2374 1007 2407 Chri-

182 2425 274 2461 stum,
286 2429 340 2461 per
351 2419 530 2451 afﬂictiones
545 2419 707 2460 perfectum
723 2419 874 2457 redderet,
886 2420 943 2451 hoc
951 2425 1007 2461 est,

183 2473 237 2506 per
251 2473 371 2496 crucem
387 2463 552 2504 perfectum
561 2464 779 2495 demonstraret
789 2473 823 2495 ac
833 2463 1006 2504 gloriosum.

181 2509 298 2542 Dictum
317 2513 364 2540 est
378 2512 477 2539 autem
495 2516 502 2540 :
535 2508 713 2549 Perfectum,
740 2513 878 2549 tanquam
900 2508 937 2539 ad
953 2518 1008 2540 nos

181 2554 344 2595 loquendo,
357 2554 407 2595 qui
419 2553 516 2594 ipsum
526 2554 658 2594 perfecte
676 2553 786 2584 bonum
800 2563 835 2586 ac
845 2554 1007 2585 humanum

179 2599 437 2641 depaehendimus
452 2607 506 2639 per
519 2608 651 2637 crucem,
664 2608 731 2630 cum
743 2599 807 2639 ipsc
817 2608 936 2640 semper
946 2609 1009 2630 om-

181 2644 253 2676 nino
263 2644 511 2685 perfectusesset,
525 2652 703 2685 semperque
715 2643 843 2675 maxime
849 2643 1006 2684 gloriosus.

219 2725 249 2751 18
261 2724 370 2766 Ephes.
387 2731 420 2764 ll,
441 2725 488 2758 14.
502 2725 531 2750 ⁴9
547 2727 561 2756 1
579 2725 647 2757 Cor.
661 2733 709 2763 xv,
722 2724 773 2757 28.

1052 2110 1097 2138 καὶ
1117 2108 1150 2138 δι’
1166 2110 1196 2137 οὗ
1209 2110 1242 2139 τὰ
1256 2110 1352 2147 πάντα,
1381 2110 1396 2137 ὀ
1425 2110 1517 2149 Πατήρ
1538 2109 1609 2138 ἐστιν
1633 2110 1648 2137 ὁ
1662 2110 1696 2138 τὰ
1709 2110 1799 2139 πάντα
1826 2109 1870 2143 δη-

1052 2154 1228 2194 μιουργήσας,
1243 2155 1257 2182 ὁ
1285 2154 1330 2182 τὸν
1360 2154 1526 2193 Δημιουργὸν
1547 2154 1726 2193 γεγεννηκώς.
1745 2165 1761 2182 σ
1777 2155 1826 2183 Καὶ
1840 2152 1872 2181 δι’

1051 2199 1081 2227 οὗ
1094 2199 1127 2228 τὰ
1147 2198 1244 2229 πάντα.
1262 2209 1277 2226 ι
1294 2199 1330 2228 Τὸ
1351 2197 1385 2226 δι’
1411 2198 1452 2234 οὗ,
1481 2197 1524 2227 ἐπὶ
1546 2203 1592 2228 τοῦ
1618 2199 1721 2239 Πατρὸς
1742 2199 1871 2237 κείμενον,

1052 2253 1064 2271 ι
1089 2241 1207 2276 Πολλοὺς
1235 2243 1304 2275 υἱοὺς
1328 2254 1343 2271 ι
1373 2241 1482 2271 ἐνταῦθα
1509 2243 1569 2275 τοὺς
1596 2243 1746 2283 ἀνθρώπους
1783 2242 1869 2272 καλεῖ.

1050 2287 1100 2316 Τὸν
1116 2288 1302 2327 εἰσαγαγόντα,
1324 2287 1415 2328 φησὶν,
1437 2286 1465 2315 ἐν
1493 2290 1527 2326 τῇ
1553 2291 1599 2316 τοῦ
1628 2291 1793 2327 Μονογενοῦς
1813 2287 1870 2324 δόξῃ

1049 2332 1109 2364 τοὺς
1131 2332 1280 2372 ἀνθρώπους
1308 2335 1341 2366 τῆ
1363 2333 1412 2366 τῆς
1441 2332 1568 2365 ὒὶοθεσίας
1603 2332 1699 2373 δωρεᾷ,
1714 2333 1761 2362 τὸν
1782 2333 1870 2373 ἀρχη-

1049 2376 1097 2416 γδν
1124 2377 1172 2411 τῆς
1200 2377 1332 2417 σωτηρίας
1355 2377 1456 2406 τούτων
1484 2380 1537 2406 τῶν
1564 2378 1638 2418 υἱῶν,
1667 2377 1799 2418 τουτέστι,
1828 2377 1869 2405 τὸν

1050 2422 1173 2462 Χριστὸν,
1209 2420 1251 2451 διὰ
1278 2422 1443 2460 παθημάτων
1476 2421 1627 2462 τελειῶσαι,
1670 2423 1729 2450 οἷον
1758 2422 1800 2451 διὰ
1827 2425 1869 2450 τοῦ

1049 2469 1160 2505 σταυροῦ
1173 2465 1275 2494 τέλειον
1289 2465 1426 2499 ἀποδεῖξαι
1442 2467 1486 2495 καὶ
1512 2465 1624 2499 ἔνδοξον.
1649 2467 1684 2495 Τὸ
1714 2466 1742 2494 δὲ
1770 2465 1866 2494 τέλειον

1048 2510 1086 2543 ὡς
1099 2512 1165 2550 πρὸς
1186 2510 1259 2549 ἢμᾶς
1287 2510 1393 2551 εἴρηται
1421 2512 1482 2544 τοὺς
1503 2510 1610 2544 τελείως
1633 2512 1711 2540 αὐτὸν
1741 2510 1866 2544 κατειλη-

1049 2554 1130 2594 φότας
1165 2555 1262 2594 ἀγαθὸν
1300 2556 1345 2584 καὶ
1380 2554 1562 2597 φιλάνθρωπον
1592 2555 1634 2584 διὰ
1666 2559 1712 2584 τοῦ
1748 2558 1862 2595 σταυροῦ,

1048 2598 1105 2641 ista!
1132 2599 1172 2628 ἀεὶ
1199 2600 1276 2632 αὐτὸς
1297 2599 1452 2632 παν-τέλειος
1480 2601 1525 2638 ἧν,
1553 2601 1596 2629 καὶ
1624 2600 1664 2628 ἀεὶ
1691 2599 1863 2641 ὕει-τερένδοξος.

1050 2638 1123 2684 Ηορα
1143 2643 1171 2673 δὲ
1198 2644 1248 2678 τὴν
1276 2643 1400 2684 διαφορὰν
1414 2648 1468 2674 τῶν
1480 2646 1552 2676 υἱῶν.
1584 2641 1612 2674 ι0
1629 2645 1677 2683 μὲν
1692 2638 1747 2684 γὰρ
1763 2645 1864 2684 γνήσιος
