1936 3080
234 116 293 148 299

795 120 1000 154 OEGUMENII
1021 119 1170 152 TRICG/E
1188 120 1355 153 EPISCOPI

1857 120 1902 154 300

233 185 300 216 nis:
317 185 374 229 hoc
389 188 445 229 est,
471 183 501 214 in
524 184 667 223 sanguine
692 194 795 216 sumus
812 190 841 217 et
856 196 958 223 carne,
984 186 1033 217 eti

1107 187 1242 226 τουτέστιν,
1265 187 1292 216 ἐν
1306 188 1401 226 αἵματί
1423 188 1502 226 ἐσμεν
1530 188 1577 217 καὶ
1599 189 1687 229 σαρκὶ⁷
1708 189 1752 217 καὶ
1780 187 1806 215 ὲν
1831 189 1899 228 φθαρ-

233 228 475 268 corruptibilibus
499 229 684 269 terrenisque
710 231 895 270 corporibus.
921 230 1003 262 Hanc
1017 230 1055 261 ob

231 283 352 304 causam
369 273 554 312 unigenitum
571 273 625 304 Dei
642 273 782 312 Verbum,
796 284 862 305 cum
877 276 959 314 juxta
973 279 1055 306 natu-

230 328 294 349 ram
310 318 367 348 vita
384 321 473 357 esset,
490 317 639 357 particeps
654 318 746 350 factus
764 323 808 350 est
824 319 930 349 horum
941 328 947 350 :
959 329 1014 350 nec
1025 319 1054 349 id

232 363 396 394 secundum
412 361 502 392 alium
520 361 652 398 modum,
670 362 719 392 sed
737 363 936 402 pariformiter
952 363 1054 394 nobis-

232 417 312 438 cum.
333 417 344 435 ι
362 406 399 438 Ut
417 415 469 446 per
485 409 622 437 mortem.
643 419 654 435 ιι
682 406 795 438 Deinde
813 408 900 438 etiam
918 410 1054 438 incarna-

233 452 323 482 tionis
339 459 456 482 causam
469 450 551 486 dicit,
566 454 597 480 ut
609 450 790 489 aboleretur,
810 452 1055 492 inquit,diabolus

233 497 284 538 qui
299 495 403 526 mortis
418 494 509 525 robur
535 494 672 531 habebat,
691 495 861 526 aboleretur
882 501 980 527 autem
1003 506 1055 536 per

233 540 526 578 mortem.Tanquam
543 539 658 570 diceret
673 550 678 569 :
693 538 715 571 Ο
732 541 785 571 Dei
800 541 987 580 sapientiam!
1000 541 1055 572 Per

234 589 360 616 mortem
377 583 480 614 habuit
495 583 630 614 diabolus
644 583 806 624 robur,per
818 589 944 615 mortem
957 585 1055 615 abole-

234 629 402 661 bitur.Nam
418 628 465 658 his
480 628 570 658 armis
581 627 721 658 adversus
733 638 800 659 eum
817 639 886 660 usus
903 635 945 660 est
957 630 1054 661 Cliris~

232 679 290 712 tus,
318 673 426 714 quibus
451 673 515 712 ipse
551 676 654 711 potens
680 673 745 704 fuit.
774 673 926 709 Quomodo
956 679 1052 705 autem

232 719 402 751 dominatur
419 717 526 747 morti?
541 717 615 752 Quia
630 717 793 748 dominium
808 718 920 748 habens
935 719 964 748 in
982 728 1052 757 pec-

230 763 341 795 catum“
357 772 392 793 ex
417 771 473 801 quo
503 761 640 800 procedit
666 771 756 798 mors,
776 763 862 792 etiam
887 762 1055 793 dominatur

231 808 331 845 morti,
349 816 416 837 cum
433 805 525 836 robur
540 806 643 835 mortis
660 805 698 835 sit
713 810 877 845 peccatum.
897 806 951 841 Qui
966 806 1055 846 igitur

1097 238 1155 263 τοῖς
1176 233 1220 260 καὶ
1241 233 1346 271 γηίνοις
1377 233 1495 270 σώμασι.
1525 234 1627 267 Ταύτης
1655 233 1731 261 ἕνεκα
1759 234 1806 266 τῆς
1832 233 1899 263 αἰτίας

1097 276 1111 303 ὁ
1127 276 1273 314 μονογενὴς
1287 280 1332 304 τοῦ
1348 280 1412 305 Θεοῦ
1448 277 1532 316 Λόγος
1559 277 1616 312 ζωὴ
1645 277 1714 305 κατὰ
1741 277 1817 316 φύσιν
1830 275 1900 314 ὑπάρ-

1097 331 1155 357 γων
1176 320 1292 361 μετέσχε
1306 324 1357 349 τῶν
1373 321 1469 358 αὐτῶν¹
1499 322 1544 349 καὶ
1569 323 1598 349 οὐ
1620 321 1676 349 καθ’
1705 320 1792 360 ἕτερον
1808 320 1900 360 τρόπον,

1096 363 1165 392 ἀλλὰ
1186 365 1378 404 παραπλησίως
1393 366 1471 403 ἡμῖν.
1506 377 1520 393 α
1538 361 1600 394 ιἸνα
1628 364 1670 393 διὰ
1696 370 1742 394 τοῦ
1763 365 1874 404 θανάτου.
1888 373 1900 392 )

1098 408 1167 436 Εἶτα
1181 402 1230 436 καὶ.
1245 411 1294 443 τῆς
1309 408 1531 448 ἐνανθρωπήσεως
1546 409 1618 448 λέγει
1647 409 1697 443 τὴν
1728 409 1820 438 αἰτίαν.
1837 402 1900 446 ιἸνι,

1097 453 1171 491 φησὶ,
1196 455 1350 492 καταργηθῇ
1365 454 1379 480 ὁ
1394 455 1424 481 τὸ
1438 454 1533 492 κράτος
1550 453 1621 493 ἔχων
1657 456 1703 482 τοῦ
1728 453 1836 481 θανάτου
1848 451 1901 479 διά-

1096 494 1173 527 ϐολος
1197 504 1204 511 ⁸
1218 499 1372 536 καταργηθῇ
1394 496 1421 525 δὲ
1435 497 1477 525 διὰ
1491 501 1536 526 τοῦ
1551 498 1673 537 θανάτου,
1699 498 1735 529 ὡς
1757 498 1780 524 εἰ
1806 497 1874 524 εἶπεν
1894 504 1899 509 ”

1106 546 1142 567 Liv
1158 541 1247 580 σοφίας
1264 544 1328 570 Θεοῦ
1345 541 1351 570 l
1371 542 1419 569 Δια
1441 545 1488 570 τοῦ
1510 542 1621 570 θανάτου
1642 541 1707 581 ἔσχε
1736 541 1765 569 τό
1797 541 1902 580 φάτοςδ

1095 583 1227 624 διάϐολος,
1254 584 1296 612 διὰ
1330 589 1377 613 τοῦ
1403 587 1514 614 θανάτου
1543 585 1761 620 καταλυθήσεται,
1802 583 1831 625 ᾯ
1862 585 1901 623 γὰρ

1096 629 1207 668 ἴσχυσεν
1223 628 1308 666 ὅπλῳ,
1326 630 1409 667 τούτῳ
1424 629 1484 658 κατ’
1503 631 1583 660 αὒσοῦ
1606 632 1619 658 ὁ
1641 631 1752 670 Χριστὸς
1769 630 1900 669 ἐχρήσατο.

1097 676 1155 705 Πῶς
1176 673 1202 700 δὲ
1218 673 1295 713 ἄρχει
1311 678 1356 702 τοῦ
1377 675 1512 714 θανάτου;
1541 670 1606 703 υΟτι
1640 677 1690 708 τῆς
1719 675 1843 714 ἁμαρτίας
1863 673 1902 711 ἅρ-

1095 728 1153 756 χων
1176 717 1202 750 ἐξ
1222 718 1253 751 ἧς
1269 719 1283 746 ὁ
1297 719 1418 758 θάνατος,
1433 720 1476 746 καὶ
1495 722 1541 747 τοῦ
1571 719 1681 747 θανάτου
1719 718 1810 758 ἄρχει,
1828 717 1902 756 ’ἤγουν

1095 762 1188 800 κράτος
1209 762 1319 790 θανάτου
1334 763 1350 796 ἡ
1367 763 1491 802 ἁμαρτία.
1518 758 1616 803 “Eme
1640 763 1684 792 οὖν
1705 765 1756 797 τὴν
1784 762 1899 802 ἅμαρτίαν

1095 807 1138 833 καὶ
1167 807 1272 844 εὖρετὴς
1298 808 1379 840 αὐτῆς
1407 807 1547 847 ὑπάρχων,
1583 809 1614 835 τὸ
1641 808 1736 847 κράτος
1785 807 1840 845 ἔχει
1865 809 1903 833 τοῦ

231 857 388 893 peccatum
411 850 510 886 habet,
536 849 691 890 ipsiusque
719 850 855 880 inventor
879 855 933 887 est,
964 851 1033 881 robu

1107 850 1216 890 ίανάτου⁷
1234 849 1358 890 (εἴπομεν
1372 852 1422 890 γὰρ
1519 845 1664 891 ἁμαρτίαν.
1684 852 1755 880 εἶναι
1784 853 1813 879 τὸ
1846 850 1901 888 κρά-

229 897 318 928 habet
332 895 449 926 mortis.
467 894 600 924 Diximus
618 894 697 924 enim
714 899 867 934 peccatum
882 894 974 925 robur
989 905 1053 926 esse

231 942 345 978 mortis,
366 945 396 971 ut
411 941 448 970 sit
467 939 522 970 iste
538 947 643 969 sensus
661 948 666 968 :
686 940 743 969 Per
758 939 905 978 propriam
929 943 1051 970 mortem

230 986 360 1017 abolevit
375 983 526 1014 diabolum
543 983 701 1013 habentem
716 983 881 1022 subjectum
908 983 964 1014 sibi
980 993 1050 1023 pec-

232 1036 339 1070 catum,
357 1029 436 1069 quod
455 1031 499 1058 est
518 1027 656 1057 fortitudo
679 1036 712 1057 ac
736 1026 828 1058 robur
850 1027 952 1058 mortis
969 1036 977 1058 :
995 1028 1052 1058 nisi

232 1075 310 1107 enim
329 1076 383 1105 hoc
399 1076 596 1112 expugnasset
608 1071 858 1108 hominem,mors
867 1081 1050 1112 nequaquam

229 1121 371 1151 intrasset
384 1118 414 1148 in
431 1116 585 1147 mundum.
598 1133 637 1137 —
652 1127 664 1143 «
682 1115 855 1156 Quicunque
878 1122 957 1147 metu
969 1127 1051 1148 mor-

230 1165 279 1195 tis.
298 1175 311 1194 )
329 1163 515 1201 Priusquam,
543 1159 649 1200 inquit,
679 1160 849 1191 aboleretur
878 1170 968 1198 mors,
999 1171 1052 1202 per

229 1213 319 1241 totam
345 1208 433 1238 vitam
459 1205 595 1236 homines
620 1204 730 1235 obnoxi
752 1209 837 1236 erant
860 1215 894 1236 ac
923 1206 1050 1246 subjecti

231 1253 332 1284 timori
357 1249 531 1283 servitutis:
553 1248 695 1279 timebant
723 1249 803 1280 enim
831 1254 955 1281 mortem
983 1260 1049 1290 quae

235 1298 366 1329 nondum
383 1294 493 1326 abolita
507 1297 570 1324 erat
585 1302 591 1324 :
611 1297 640 1324 et
659 1293 732 1324 nihil
747 1294 931 1324 saecularium
949 1293 1049 1334 volup-

230 1347 322 1374 tatum
347 1340 496 1371 delectare
525 1341 637 1378 poterat
662 1338 810 1375 cordatos,
836 1338 925 1378 idque
942 1338 1047 1370 timore

226 1385 377 1422 mortis,in
393 1383 515 1414 modum
530 1382 660 1413 crudelis
674 1392 708 1412 ac
717 1382 785 1413 saevi
798 1383 1047 1414 dominiiustante

229 1440 349 1471 semper
364 1439 397 1460 ac
414 1432 582 1460 exterrente
597 1437 647 1458 eos
662 1428 712 1467 qui
728 1433 810 1458 erant
824 1428 854 1458 in
871 1427 1046 1459 terra.«0b-

226 1476 306 1507 noxii
331 1478 415 1506 erant
435 1473 579 1505 servituti.
599 1485 611 1500 »
630 1471 786 1502 Timebant
809 1472 946 1503 homines
963 1482 1045 1503 mor-

1095 905 1138 925 τος
1152 900 1197 923 τοῦ
1210 895 1342 930 θανάτου.)
1377 895 1422 923 ἵνα
1449 895 1531 928 οὕτως
1561 895 1607 930 εἴη
1627 905 1634 913 ⁸
1674 897 1723 924 Διὰ
1750 900 1796 925 τοῦ
1821 894 1902 922 οἰκείου

1094 939 1204 966 θανάτου
1240 940 1394 978 κατήργησε
1423 940 1472 973 τὴν
1500 940 1627 979 ἁμαρτίαν
1642 940 1797 980 ὑποχείριον
1818 938 1902 978 ’ἔχοντα

1094 984 1138 1010 τὸν
1172 982 1303 1021 διάϐολον,
1333 983 1391 1017 ἥτις
1418 985 1488 1013 εστὶν
1515 986 1590 1024 ἰσχὺς
1631 987 1726 1023 κρατὸς
1762 985 1807 1012 τοὺ
1833 983 1901 1011 θανά-

1093 1040 1149 1059 του,
1168 1030 1195 1057 Εἰ
1210 1030 1260 1068 γὰρ
1282 1030 1320 1067 μὴ
1353 1030 1419 1063 αὕτη
1445 1031 1588 1070 κατίσχυσε
1616 1036 1660 1060 τοῦ
1695 1031 1839 1068 ἀνθρώπουί
1866 1029 1904 1056 οὒκ

1093 1072 1124 1100 ἂν
1139 1074 1152 1100 ὁ
1168 1073 1276 1105 θάνατος
1292 1073 1410 1108 εἰσῆλθεν
1426 1075 1462 1106 εὶς
1476 1075 1522 1103 τὸν
1537 1076 1648 1113 κόσμον,
1669 1092 1708 1097 -
1722 1087 1733 1103 ι
1751 1071 1831 1104 ιὈσιιι
1841 1072 1902 1114 φόϐῳ

1091 1118 1213 1146 θανάτου.
1234 1127 1247 1146 )
1265 1117 1377 1158 [ΦΩΤ.]
1406 1120 1481 1158 Πρὶν.
1497 1120 1572 1159 φησὶ,
1616 1122 1771 1159 καταργηθῇ
1806 1121 1819 1147 ὁ
1832 1119 1902 1146 θάνα-

1092 1173 1122 1189 ,ο
1174 1161 1204 1173 n1
1229 1161 1258 1189 *ιλ
1334 1166 1346 1171 ~
1379 1166 1390 1171 ηε
1491 1162 1504 1173 ν
1650 1164 1663 1172 v
1781 1164 1793 1175 τ
1866 1174 1871 1178 ,
1895 1163 1899 1180 ι

1097 1181 1105 1189 .
1123 1173 1148 1198 ς,
1171 1172 1194 1189 οι
1227 1173 1241 1189 ο
1260 1173 1290 1191 ου
1303 1173 1348 1191 του
1361 1166 1408 1201 ζῃν
1436 1164 1459 1191 οἱ
1488 1165 1619 1203 ανθρωποι
1647 1176 1741 1204 ανοχοι
1778 1175 1853 1202 τισιν,
1867 1173 1900 1190 κα.

1090 1206 1225 1234 ὑπέκειντο
1249 1205 1322 1244 φόϐῳ
1359 1206 1487 1240 δουλείας.
1511 1207 1690 1237 Ἐδεδοικεσαν
1704 1210 1754 1248 γὰρ
1781 1209 1826 1236 τὸν
1840 1205 1900 1236 οὔπω

1090 1250 1287 1289 καταργηθέντα
1316 1252 1438 1283 θάνατον.
1476 1253 1525 1282 Καὶ
1563 1253 1646 1291 οὐδὲν,
1677 1254 1752 1292 φησὶ,
1776 1253 1835 1284 τοὺς
1860 1251 1899 1289 ἆρ-

1089 1295 1210 1334 τίφρονας
1226 1294 1307 1335 ἴσχυε
1332 1296 1426 1335 τέρψαι
1455 1297 1507 1325 τῶν
1539 1302 1585 1327 τοῦ
1611 1298 1667 1336 βίου
1701 1301 1832 1336 τερπνῶν,
1865 1298 1901 1323 τοῦ

1089 1337 1130 1366 διὰ
1163 1340 1208 1366 τὸν
1249 1341 1359 1368 θάνατον
1394 1340 1485 1380 φόϐου,
1517 1340 1592 1374 δίκην
1621 1342 1695 1379 ὠμοῦ
1720 1342 1766 1370 καὶ
1793 1341 1900 1374 ἀπηνοῦς

1088 1381 1228 1425 δεσπότου,
1263 1384 1436 1424 ἐφιστὰμενου
1471 1386 1516 1414 καὶ
1557 1384 1732 1425 ὰκφοϐοὖντος
1785 1385 1843 1416 τοὺς
1868 1383 1903 1412 ἰπὶ

1087 1429 1149 1465 γῆς.
1169 1439 1182 1454 α
1209 1423 1324 1467 ’Ἔνοχοι
1339 1430 1407 1462 ἦσαν
1421 1427 1548 1462 δουλείας,
1574 1441 1585 1458 ι
1598 1423 1786 1458 ἽἚδεόοίκεσαν
1815 1430 1837 1458 0!
1857 1428 1897 1456 ἄν·

1087 1472 1187 1509 θρωποι
1211 1474 1256 1500 τὸν
1286 1473 1407 1511 θάνατον,
1443 1475 1480 1505 ὡς
1522 1473 1613 1514 ἔνοχοι
1639 1475 1713 1506 ὀντες
1740 1477 1792 1508 τῆς
1820 1474 1900 1502 τούτου

225 1524 336 1557 tem,ut
350 1520 400 1560 qui
416 1518 534 1549 obnoxii
549 1521 632 1548 erant
647 1517 780 1548 servituti
795 1517 898 1556 ipsius.
915 1517 1031 1549 Servitu

1107 1515 1215 1547 πυλείας,
1247 1516 1354 1544 Δουλεία
1390 1515 1417 1544 δὲ
1459 1523 1505 1547 τοῦ
1546 1513 1656 1548 Θανάτου
1704 1520 1734 1546 τὸ
1773 1518 1898 1557 ἐνέχεσθαι

226 1569 324 1595 autem
337 1564 440 1595 mortis
455 1566 511 1599 est,
529 1562 655 1592 detineri
665 1571 699 1591 ac
710 1562 874 1601 subjectum
893 1571 957 1591 esse
974 1571 1045 1601 pec-

225 1614 304 1641 cato.
323 1608 476 1640 Fortitudo
489 1607 567 1637 enim
581 1612 609 1636 et
620 1606 740 1636 aculeus
758 1606 863 1636 mortis
878 1610 923 1636 est
938 1615 1044 1645 pecca-

223 1657 374 1686 tum.Cum
392 1654 471 1684 enim
487 1652 621 1681 Christus
645 1660 697 1680 sua
721 1656 816 1680 morte
835 1650 962 1680 abolevit
977 1660 1042 1681 eum

222 1701 273 1738 qui
291 1699 395 1729 mortis
411 1697 502 1728 robur
518 1695 656 1731 habebat,
673 1696 728 1725 hoc
745 1698 799 1734 est,
818 1694 978 1734 diabolum,
995 1697 1042 1725 in-

220 1749 372 1775 ventorem
387 1752 421 1773 ac
436 1745 588 1772 auctorem
615 1739 738 1779 peccati,
762 1739 868 1769 merito
893 1739 1042 1770 imbecille

221 1789 346 1820 eﬂicitur
362 1791 514 1827 peccatum
535 1795 541 1815 :
557 1785 626 1814 552
651 1785 756 1814 merito
774 1783 889 1813 liberati
910 1793 1012 1815 sumus
1026 1794 1042 1815 a

220 1834 344 1864 sevitute
365 1841 422 1872 que
439 1835 500 1861 erat
516 1839 550 1860 ex
571 1828 780 1860 iuvalescentia
804 1828 918 1867 ipsius:
937 1829 1040 1859 meritn

217 1878 304 1909 liberi
317 1877 414 1908 ell'ecti
430 1884 531 1905 sumus
546 1884 562 1903 a
575 1874 682 1904 timore
698 1873 747 1912 qui
762 1882 796 1902 ex
814 1878 909 1904 morte
935 1882 1040 1912 proce-

218 1923 318 1954 debat.
332 1922 427 1961 Atque
438 1920 467 1950 id
482 1919 510 1949 in
529 1919 601 1958 ipsis
617 1926 733 1957 quoque
746 1917 888 1956 operibus
900 1918 1042 1957 contingit

217 1967 401 2007 perspicere.
427 1965 500 1995 Nam
518 1962 567 2003 qui
585 1966 669 1992 antea
683 1966 820 2000 tanquam
838 1961 997 1992 maximum
1013 1966 1041 1992 et

214 2005 384 2041 inevitabile
398 2009 506 2039 malum
521 2006 664 2037 timebant
676 2015 709 2036 ac
719 2005 887 2036 devilabant
899 2010 1038 2042 mortem,

215 2055 251 2086 ad
265 2056 358 2095 ipsam
385 2063 463 2084 nunc
488 2051 649 2091 gaudentis
673 2050 829 2085 accedunt.
849 2055 986 2090 tanquam
1003 2051 1039 2081 ad

216 2094 348 2130 melioris
374 2099 439 2128 vitm
462 2096 657 2128 mutationem
684 2099 713 2125 et
740 2094 904 2131 exordium,
922 2096 1038 2134 quando

214 2153 266 2184 pro
299 2143 416 2174 Christo
442 2142 592 2182 ipsiusque
623 2139 737 2184 legibus
759 2148 776 2169 a
799 2139 1038 2184 persecutoribus

211 2183 377 2219 inducitur.
395 2189 441 2219 An
460 2196 518 2217 non
545 2195 616 2225 ergo
642 2183 797 2214 manifeste
824 2183 958 2213 liberavit
984 2193 1037 2214 nos

213 2233 345 2264 Salvator
360 2242 376 2263 a
392 2232 500 2262 timore
525 2229 628 2260 mortis
654 2238 688 2259 ac
709 2227 852 2258 servitute
881 2236 946 2267 qua;
967 2228 1036 2259 inde

211 2277 412 2318 procedebat?

251 2322 285 2352 II.
298 2322 399 2352 16-18.
412 2322 481 2352 Non
493 2321 574 2351 enim
586 2318 720 2350 videlicet
734 2316 857 2356 angelos
871 2316 1037 2356 apprehen-

209 2367 319 2405 dit,sed
334 2375 436 2397 semen
457 2365 588 2396 Abraha:
604 2362 815 2403 apprehendit.
835 2361 918 2392 Unde
932 2362 1037 2393 debuit

205 2421 261 2452 per
275 2412 377 2442 omnia
394 2410 548 2450 fratribus
561 2409 674 2439 similis
689 2407 787 2443 reddi,
813 2410 844 2452 ut
861 2406 1037 2438 misericors

207 2450 281 2487 esset
294 2457 394 2496 ﬁdelis
408 2455 546 2495 pontifex:
564 2455 597 2484 in
628 2454 675 2483 his
691 2461 757 2492 qua:
771 2451 810 2482 ad
825 2450 922 2496 Demn
931 2452 1036 2496 forem

206 2502 340 2541 agenda,
365 2501 405 2531 mi
428 2499 614 2539 cupiendum
637 2501 758 2537 peccata
773 2496 887 2535 populi.
906 2495 985 2525 Nam
1000 2505 1038 2526 ex

205 2546 262 2576 hoc
273 2545 354 2585 quod
365 2545 424 2584 ipsi
439 2544 563 2581 contigit
583 2546 730 2573 tentatum
747 2549 821 2577 esse,
844 2543 937 2579 potest
951 2543 979 2570 et
994 2542 1033 2570 iis

205 2591 258 2629 qui
275 2593 434 2621 tentantur
446 2595 640 2619 succurrere.

247 2647 258 2662 (ι
279 2634 337 2666 Sed
355 2643 457 2664 semen
474 2632 601 2664 Abrahae
622 2629 830 2670 apprehendit.
848 2641 858 2656 ι
878 2629 951 2660 Cum
966 2628 1006 2659 ait
1023 2639 1029 2659 :

1088 1560 1130 1587 καὶ
1157 1561 1311 1589 ὑποκεῖσθαι
1341 1564 1374 1599 τῇ
1403 1562 1526 1599 ἁμαρτίᾳ,
1557 1562 1646 1602 ’ἰσχὺς
1676 1563 1726 1602 γὰρ
1776 1563 1822 1591 καὶ
1847 1561 1899 1589 κέν-

1086 1615 1146 1642 τρον
1174 1609 1221 1633 τοῦ
1250 1606 1361 1634 θανάτου
1393 1607 1410 1640 ἡ
1445 1607 1568 1646 ἁμαρτία.
1602 1608 1674 1635 Ἐπεὶ
1710 1607 1756 1636 οὖν
1793 1609 1807 1635 δ
1843 1609 1899 1645 x9"

1086 1659 1147 1680 στος
1170 1648 1211 1677 διὰ
1226 1650 1346 1687 θανάτου,
1384 1652 1537 1691 κατήργησε
1565 1653 1610 1679 τὸν
1638 1653 1668 1679 τὸ
1700 1652 1797 1690 κράτος
1832 1650 1898 1690 ἕχον-

1085 1703 1117 1720 τα
1130 1698 1175 1722 τοῦ
1195 1694 1316 1730 θανάτου,
1333 1694 1462 1732 τουτέστι,
1491 1697 1536 1724 τὸν
1566 1695 1699 1734 διάϐολον,
1726 1696 1774 1724 τόν
1805 1695 1897 1734 εὖρετήι

1083 1738 1127 1765 καὶ
1148 1738 1268 1778 ἀρχηγὸν
1290 1741 1338 1772 τῆς
1367 1740 1507 1778 ἁμαρτίας,
1535 1741 1643 1772 εἰκότως
1665 1741 1777 1775 ἀσθενὴς
1806 1742 1899 1779 γίνετιν

1083 1782 1100 1814 ἡ
1116 1783 1255 1821 ἁμαρτίαν
1297 1784 1403 1815 εἰκότως
1440 1784 1636 1824 ἀπηλλάγημεν
1665 1788 1714 1819 τῆς
1758 1786 1827 1814 κατὰ
1860 1784 1900 1815 τὴν

1083 1825 1249 1865 ἐπικράτειαν
1279 1828 1360 1860 αὐτῆς
1389 1827 1505 1861 δουλείας
1519 1839 1526 1846 ο
1559 1830 1667 1862 εἰκότως
1704 1829 1898 1868 ἠλευθερώμεθι

1083 1875 1129 1900 τοῦ
1143 1872 1209 1899 κατὰ
1223 1872 1268 1899 τὸν
1295 1872 1404 1900 Θάνατον
1429 1872 1520 1913 φόϐου,
1555 1874 1603 1902 Καὶ
1632 1874 1687 1902 ἔστι
1722 1877 1803 1902 τοῦτο
1819 1874 1860 1902 καὶ
1879 1871 1899 1898 ἐν

1083 1917 1172 1946 αὐτοῖς
1187 1922 1245 1947 τοῖς
1275 1915 1361 1955 ἔργοις
1390 1918 1479 1958 σαφῶς
1515 1917 1643 1950 κατιδεῖν,
1662 1920 1691 1947 Οἱ
1719 1919 1771 1958 γὰρ
1798 1919 1856 1958 πρὶν
1870 1918 1898 1946 ὡς

1081 1959 1205 1998 μέγιστον
1246 1961 1328 1988 κακὸν
1367 1963 1410 1990 καὶ
1448 1961 1644 2002 ἀνυπέρϐλητον
1684 1961 1844 2002 φοϐούμενοί
1877 1971 1899 1988 τε

1081 2013 1124 2031 κιαι
1153 2003 1361 2043 ἀποτρεπόμενοι
1389 2006 1433 2033 τὸν
1482 2007 1602 2044 θάνατον,
1633 2010 1676 2035 νῦν
1705 2007 1742 2039 ὡς
1773 2007 1899 2045 βελτίονος

1081 2049 1136 2086 βιου
1163 2048 1308 2087 μεταϐολὸν
1326 2051 1370 2078 καὶ
1397 2052 1546 2090 προοίμιον,
1572 2053 1709 2092 χαίροντες
1745 2054 1814 2092 πρὸς
1830 2053 1901 2080 αὐτὸν

1081 2097 1225 2134 χωροῦσιν,
1248 2094 1309 2122 ὅταν
1337 2096 1400 2134 ὑπὲρ
1435 2100 1548 2136 Χριστοῦ
1574 2098 1618 2125 καὶ
1643 2101 1696 2125 τῶν
1722 2098 1804 2126 αὑτοῦ
1819 2098 1899 2134 νόμων

1080 2139 1150 2176 παρὰ
1174 2141 1226 2166 τῶν
1255 2137 1402 2167 διωκόντων
1431 2140 1575 2180 ἐπάγηται.
1607 2139 1671 2181 Ἆρα
1698 2143 1728 2170 οὐ
1750 2144 1898 2182 περιφανῶς

1080 2181 1228 2216 ἀπήλλαξεν
1243 2184 1313 2220 ἡμᾶς
1330 2185 1344 2212 ὸ
1358 2185 1452 2225 Σωτῆρ
1467 2189 1511 2213 τοῦ
1539 2185 1607 2214 κατᾶ
1621 2186 1666 2214 τὸν
1682 2187 1796 2215 θάνατον
1811 2181 1897 2225 φόϐου,

1078 2227 1121 2254 καὶ
1136 2229 1186 2260 τῆς
1199 2226 1299 2256 ἐκεῖθεν
1314 2227 1430 2260 δουλείας
1447 2239 1456 2269 ς

1122 2325 1136 2345 α
1166 2316 1201 2344 Οὔ
1230 2317 1280 2356 γὰρ
1306 2315 1389 2352 δήπου
1426 2318 1547 2358 ἀγγέλων
1584 2318 1808 2358 ἐπιλαμϐάνεται.
1838 2318 1899 2347 ἀλλά

1078 2360 1228 2400 σπέρματος
1257 2360 1377 2400 Ἀϐραὰμ
1425 2362 1641 2401 ἐπιλαμϐάνεται.
1695 2360 1781 2393 “Οθεν
1820 2365 1898 2404 ὤφει-

1077 2404 1107 2432 λε
1121 2405 1188 2433 κατὰ
1203 2405 1288 2433 πάντα
1302 2413 1361 2434 τοῖς
1376 2405 1500 2446 ἀδελφοῖς
1516 2408 1690 2446 ὁμοιωθῆναι,
1713 2408 1761 2437 ἵνα
1779 2409 1897 2447 ἐλεήμων

1077 2449 1185 2488 γένηται
1200 2451 1243 2477 καὶ
1257 2451 1350 2482 πιστὸς
1365 2451 1502 2490 ἀρχιερεὺς
1536 2453 1568 2480 τὰ
1603 2454 1668 2492 πρὸς
1695 2454 1740 2481 τὸν
1772 2455 1848 2492 Θεὸν,
1866 2453 1897 2482 εἰς

1076 2494 1106 2520 τὸ
1135 2492 1284 2521 ἱλάσκεσθαι
1312 2495 1356 2527 τὰς
1382 2495 1509 2534 ἁμαρτίας
1537 2501 1582 2525 τοῦ
1619 2495 1695 2527 λαοῦ.
1724 2497 1772 2526 Ἐν
1802 2500 1826 2535 ᾠ
1852 2497 1896 2536 γὰρ

1076 2537 1202 2566 πέπονθεν
1218 2539 1293 2571 αὐτὸς
1303 2540 1460 2578 πειρασθεὶς,
1478 2539 1583 2568 δύναται
1611 2548 1671 2574 τοῖς
1695 2542 1895 2582 πειραζομένοις

1072 2583 1213 2620 βοηθῆσαι.
1241 2593 1253 2610 ιι

1116 2639 1129 2654 α
1147 2626 1230 2657 Ἀλλὰ
1241 2628 1390 2668 σπέρματος
1422 2628 1541 2669 Ἀϐραὰμ
1575 2629 1799 2669 ἐπιλαμϐάνεται.
1827 2643 1839 2660 ι
1865 2631 1896 2660 Τὸ

203 2678 422 2719 Apprehendit,
440 2677 588 2717 signiﬁcat
602 2675 681 2716 quod
694 2684 747 2704 nes
758 2673 879 2714 quidem
895 2673 1032 2719 homines

1107 2671 1300 2719 πιλαμϐάνεται
1315 2672 1406 2711 δηλοῖ,
1423 2673 1463 2702 ὅτι
1477 2675 1559 2712 ἡμεῖς
1574 2675 1623 2713 μὲν
1652 2677 1730 2705 αὐτὸν
1751 2675 1896 2716 ἐφεύγομεν

202 2715 301 2764 ipsum
321 2715 519 2763 fugiebamus,
537 2715 670 2752 Christus
690 2728 759 2750 vero
785 2717 1029 2764 persequebatur,

1112 2715 1252 2756 ἅνθρωποι,
1269 2719 1282 2745 ὁ
1305 2716 1332 2745 δὲ
1361 2719 1470 2757 Χριστὸς
1497 2718 1598 2758 ἐδίωκε,
1628 2721 1672 2749 καὶ
1693 2719 1800 2749 διώκων
1817 2721 1895 2761 ἔφθα-

203 2762 233 2800 έι
248 2762 457 2810 persequendo
472 2767 577 2806 attigit,
594 2775 627 2797 ac
655 2765 803 2802 attingens
820 2762 1029 2803 apprehendit.

1127 2762 1171 2789 καὶ
1207 2763 1305 2801 φθάσας
1344 2762 1498 2794 ἐπελάϐετο.
1547 2766 1600 2794 Οὐκ
1642 2764 1763 2804 ἀγγέλων
1795 2766 1894 2806 φύσεως
