1936 3080
205 150 264 183 303
763 146 970 183 (ECUMENII
991 146 1138 178 TRICCIE
1157 145 1324 178 EPISCOPI
1827 142 1881 176 304

204 219 267 242 cem
285 210 480 249 confessionis
506 213 618 240 nostra
636 208 788 240 Christum
804 209 929 242 Iesum:
945 221 968 252 q'

1151 214 1294 253 ὁμολογίας
1330 215 1405 252 ἡμῶν
1461 214 1562 248 Ἰησοῦν
1612 214 1734 254 Χριστὸν,
1791 212 1880 240 πιστὸν

202 254 299 295 ﬁdelis
311 255 351 286 sit
364 257 392 284 ei
406 254 459 294 qui
467 254 565 294 ipsum
581 254 918 294 fecit,quemadmodum
928 257 966 288 illi

1116 270 1126 286 ιι
1161 263 1199 296 τῷ
1227 270 1367 292 ποιησαντι
1395 259 1472 287 αὑτὸν
1499 260 1536 291 ὡς
1571 259 1614 287 καὶ
1643 261 1741 292 Μωσῆς
1776 257 1804 285 ἐν
1830 256 1880 293 ὅλῳ

200 300 306 330 intota
320 298 407 329 domo
422 307 488 342 sua.
518 298 613 328 Tanto
634 306 767 337 namque
787 299 901 338 majore
924 300 964 340 gli

1131 302 1199 340 οἴκῳ
1227 303 1316 332 αὐτοῦ.
1358 303 1479 334 Πλείονος
1515 303 1564 342 γὰρ
1600 302 1678 336 δόξης
1710 302 1783 333 οὗτος
1813 301 1882 340 παρὰ

201 351 295 383 quam
309 342 404 387 Moses
415 341 465 373 hic
479 342 591 387 dignus
602 345 645 373 est
659 341 790 378 habitus,
805 348 919 382 quanto
934 353 965 375 m

1120 349 1164 380 τῆν
1192 347 1312 387 ἠξίωται,
1342 346 1402 375 καθ’
1431 346 1494 375 ὅσον
1521 341 1630 375 πλείονα
1650 346 1732 384 τιμὴν
1754 345 1814 386 ἔχει
1841 355 1884 373 τσο

200 395 265 417 rem
290 386 381 417 habet
401 387 549 417 honorem
575 386 603 417 ts
623 388 676 425 qui
701 388 874 418 construxit
903 388 964 419 dom

764 388 874 418 struxit
903 388 1024 419 domum
1066 391 1142 419 οἴκου
1163 393 1177 420 ὁ
1192 392 1390 423 κατασκευάσας
1405 391 1496 420 αὐτόν.
1516 402 1528 420 ι

201 440 293 471 quam
308 433 375 471 ipsa
391 431 509 462 domus.

244 475 276 507 Si
297 475 387 515 igitur
412 475 571 515 participes
598 484 632 506 ac
656 476 729 506 socii
765 477 835 507 estis
863 478 1008 509 vocationi

1118 479 1135 507 Εἰ
1150 479 1195 507 οὖν
1221 479 1333 519 μέτοχοι
1369 480 1413 508 καὶ
1440 481 1561 508 κοινωνοί
1596 479 1654 508 ἔστε
1687 481 1737 512 τῆς
1765 477 1882 512 κλήσεως

203 520 343 557 cmlestis,
368 528 432 559 quae
455 519 496 550 ibi
517 522 585 550 sunt
609 520 750 559 quaerite.
777 521 914 561 nullaque
943 531 967 552 Vt

1130 523 1293 563 ἐπουρανίου,
1317 525 1350 552 τὰ
1381 524 1438 552 ἐκεῖ
1472 527 1589 560 ζητεῖτε,
1625 524 1668 552 καὶ
1696 526 1749 551 τῶν
1778 522 1883 550 ἐνταῦθα

200 565 275 595 ratio
287 564 437 595 siteorum
454 572 518 603 quae
539 563 586 594 hic
599 567 676 594 sunt.
694 576 707 591 «
721 564 896 604 Apostolum
907 570 935 597 et
948 576 964 606 p

1118 579 1143 599 ας
1165 568 1228 605 ὑμῖν
1250 567 1317 596 ἔστω
1339 567 1442 606 μηδείς,
1471 578 1482 595 α
1502 570 1552 597 Τὸν
1568 567 1716 596 ἀπόστολον
1729 568 1774 595 καὶ
1790 567 1882 606 ἀρχιε-

202 609 323 640 tiﬁcem.
344 619 357 638 ι
373 607 427 639 Ubi
439 608 475 638 ad
491 607 741 647 dispensationem
759 610 902 648 pervenit,
925 620 966 641 οιι

1120 623 1154 640 η»)
1188 607 1285 640 Ἐλθὼν
1311 613 1347 643 εἰς
1382 613 1432 646 τὴν
1467 612 1626 650 οἰκονομίαν,
1663 612 1767 640 ἅπαντα
1795 611 1884 639 λοιπὸν

201 653 345 693 deinceps
368 652 492 683 humilia
507 652 654 692 intrepide
671 653 829 693 eloquitur.
852 654 965 694 Apostol

1119 656 1146 687 ὗς
1183 657 1216 684 τὰ
1239 658 1350 684 ταπεινὰ
1399 657 1550 696 φθέγγεται.
1588 655 1750 685 Ἀπόστολον
1772 655 1801 683 δὲ
1843 655 1883 682 αὒ-

201 702 298 728 autem
314 697 376 727 sive
392 696 519 736 legatum
533 696 727 740 dicitipsum.
745 697 815 737 quia
826 698 933 729 missus
949 708 964 729 e

1140 711 1216 740 φησι,
1245 700 1310 728 διότι
1339 700 1501 729 ἀπέσταλται
1546 701 1617 739 παρὰ
1644 704 1690 728 τοῦ
1714 700 1816 739 Πατρὸς
1852 700 1883 730 ὡς

201 742 288 773 Patre
309 744 447 780 tanquam
471 741 572 778 homo,
600 739 801 771 Confessionis
832 751 911 779 vero,
943 743 965 773 ﬁt

1119 739 1210 776 >ωπος,
1243 740 1401 784 Ὀμολογίας
1442 743 1480 781 δὲ,
1509 747 1557 778 τῆς
1591 745 1715 776 πίστεως,
1756 753 1769 772 ε
1791 744 1883 771 Πιστὸν

201 796 216 817 ‹
234 786 316 822 Quod
328 786 425 816 ﬁdelis
435 786 483 817 sit.
497 797 508 813 ii
523 785 640 820 Fidem.
657 786 765 826 inquit,
784 787 913 817 servavit
928 786 965 818 be

1117 799 1138 818 ιι.
1157 800 1171 816 ι
1190 789 1328 825 Εὖνοϊκὸν¹
1353 789 1428 829 φησὶ,
1452 790 1538 817 πίστιν
1563 789 1728 827 τετηρηκότσ
1739 791 1778 825 τῷ
1794 787 1881 826 Πατρὶ,

199 830 365 871 placentem
374 830 463 864 Patri.
470 829 609 869 idemque
616 839 681 860 cum
693 840 726 860 eo
735 831 871 861 sensitde
879 841 963 862 serva

1123 833 1153 861 τὸ
1167 834 1230 862 αὐτὸ
1244 836 1371 872 φρονοῦτα
1387 833 1458 870 αὒτῷ
1486 835 1543 870 περὶ
1571 834 1602 861 τὸ
1636 833 1727 869 σώζειν
1750 834 1795 861 τὸν
1811 832 1880 861 λαόν.

200 876 319 916 populo.
339 875 384 915 Ei,
404 875 512 915 inquit,
538 876 587 914 qui
605 875 702 914 ipsum
725 875 793 906 fecit
808 877 964 915 apostolum

1132 877 1272 911 ποιήσαντι
1308 877 1397 913 αὒτὸν,
1420 878 1510 917 φησὶν,
1535 876 1683 905 ἀπόστολον
1717 878 1762 905 καὶ
1797 876 1882 915 ἀρχιε-

201 920 384 961 pontiﬁcem,
401 920 456 950 hoc
474 923 529 955 est,
544 919 620 950 Patri
636 929 702 950 suo.
719 919 798 950 Nihil
814 925 912 951 autem
925 922 961 952 ad

1116 945 1121 958 ,
1151 921 1281 961 τουτέστι,
1310 924 1349 958 τῷ
1383 922 1462 961 Πατρὶ
1491 922 1578 952 αὐτοῦ,
1616 920 1694 950 Οὐδὲν
1723 920 1751 948 δὲ
1778 920 1880 948 ἐνταῦθα

200 964 326 995 randum
341 963 366 993 si
382 963 423 993 ita
436 963 602 1002 loquantur,
620 963 695 993 facta
709 964 770 1003 jam
789 964 883 994 semel
899 964 964 1004 disp

1116 966 1211 1003 μαστὸν
1239 967 1260 993 εἰ
1282 965 1350 994 οὕτω
1373 965 1456 1005 λέγει,
1484 965 1552 998 ἅπαξ
1580 968 1630 999 τῆς
1656 966 1808 1003 οἰκονομίας
1824 965 1880 992 ἐπι-

201 1008 323 1039 sationis
347 1007 507 1038 mentione.
528 1018 540 1034 ιι
558 1007 593 1037 Et
614 1008 665 1047 qui
692 1008 789 1048 ipsum
816 1009 886 1039 fecit
917 1022 928 1038 ι)
948 1009 965 1045 ρ

1115 1012 1221 1047 άμενος.
1246 1022 1260 1038 σ
1277 1014 1321 1047 Τῷ
1342 1011 1483 1045 ποιήσαντι
1505 1010 1594 1039 αὐτόν.
1613 1021 1625 1038 1
1664 1010 1694 1039 Τί
1722 1011 1879 1047 ποιήσαντις

200 1052 293 1084 fecit?
306 1052 478 1092 Apostolum
495 1061 529 1082 ac
545 1053 727 1092 pontificem.
746 1053 807 1083 Hoc
825 1053 889 1084 loco
915 1063 964 1084 nor

1118 1053 1210 1082 στολον
1238 1055 1281 1083 καὶ
1309 1054 1446 1094 ἀρχιερέα.
1476 1053 1602 1082 Ἐνταῦθα
1649 1055 1679 1082 οὒ
1707 1054 1767 1093 περὶ
1798 1053 1879 1084 οὐσίας

200 1097 362 1128 substantia
387 1096 519 1136 loquitur
540 1106 636 1134 neque
665 1097 703 1127 de
731 1097 897 1132 divinitate.
917 1098 964 1128 sed

1115 1099 1153 1138 ·ὶν,
1186 1097 1243 1126 οὐδὲ
1277 1099 1336 1137 περὶ
1363 1099 1499 1135 θεότητος,
1530 1097 1598 1126 ἀλλὰ
1625 1099 1684 1137 περὶ
1727 1097 1879 1135 ἀξιωμάτων

199 1141 390 1182 dignitatibus
407 1141 557 1172 humanis.
577 1153 590 1169 ι
608 1140 863 1177 Quemadmodum
882 1145 961 1174 Mose

1113 1143 1241 1182 ρωπίνων,
1266 1152 1281 1173 (
1300 1139 1345 1174 ῑΩς
1359 1144 1403 1170 καὶ
1419 1143 1516 1176 Μωσῆς
1546 1142 1573 1170 ἐν
1593 1141 1648 1179 ὅλῳ
1682 1146 1720 1179 τῷ
1748 1142 1819 1178 οἴκιρ
1834 1142 1877 1169 αὖ-

199 1190 260 1218 tota
282 1186 372 1217 domo
397 1194 460 1217 sua.
480 1198 493 1214 ι
515 1185 657 1216 Futurum
681 1190 726 1216 est
750 1189 782 1216 ut
809 1187 838 1217 in
865 1196 963 1227 progre

1113 1211 1118 1217 .
1144 1198 1157 1214 ii
1181 1186 1278 1214 Μέλλει
1293 1187 1395 1226 προϊὼν
1409 1187 1453 1214 τὸν
1469 1187 1536 1214 κατὰ
1564 1186 1647 1225 σάρκα
1675 1187 1799 1225 Χριστὸν,
1816 1196 1877 1224 προ-

199 1235 349 1272 praaponat
371 1230 519 1261 Christum
539 1230 632 1261 Mosi:
651 1239 753 1261 verum
770 1231 912 1270 quoniam
939 1232 963 1262 hi

1112 1231 1157 1259 ἰναι
1179 1231 1323 1267 Μωϋσέως,
1339 1230 1398 1259 ἀλλ’
1421 1229 1512 1263 ἐπειδὴ
1529 1231 1550 1257 εἰ
1565 1231 1609 1258 καὶ
1622 1231 1710 1258 πιστοὶ
1729 1230 1800 1263 ἦσαν
1814 1231 1876 1258 οὗτοι

200 1285 273 1316 quos
288 1279 333 1306 est
344 1283 456 1315 sermo,
472 1274 527 1304 etsi
552 1274 655 1305 ﬁdeles
678 1278 773 1312 erant,
801 1275 960 1315 plurimum

1115 1286 1127 1306 ς
1145 1274 1189 1306 οὖς
1209 1276 1223 1303 ὁ
1233 1274 1323 1314 λόγος,
1340 1274 1459 1313 μεγάλας
1474 1275 1512 1302 ἔτι
1527 1273 1602 1306 δόξας
1618 1274 1698 1313 εἶχον
1713 1275 1774 1313 περὶ
1786 1273 1877 1301 Μωσέ-

201 1329 269 1351 men
285 1324 315 1350 et
327 1319 427 1358 gloriae
440 1323 468 1349 et
483 1318 605 1349 honoris
620 1318 717 1349 adhuc
738 1320 810 1349 Mosi
836 1320 965 1350 defereb:

1126 1319 1171 1347 ἵνα
1193 1319 1231 1357 μὴ
1248 1319 1341 1350 εὐθέως
1355 1318 1538 1359 ἀποφράξωσιν
1573 1319 1658 1346 αὐτῶν
1685 1318 1717 1346 τὰ
1745 1318 1814 1355 ὦτα,
1836 1318 1877 1345 οὐκ

198 1373 236 1395 ne
262 1364 396 1404 protinus
420 1371 489 1393 suas
513 1363 687 1393 obturarent
711 1372 808 1401 aures,
836 1373 894 1394 non
924 1368 962 1395 sta

1112 1363 1155 1395 ἕως
1197 1363 1333 1402 προτίθησι
1359 1364 1473 1394 Μωσέως
1500 1364 1545 1391 τὸν
1567 1363 1689 1402 Χριστὸν,
1720 1362 1790 1391 ἀλλὰ
1817 1362 1876 1392 τέως

200 1408 346 1448 prmponit
353 1407 502 1438 Christum
518 1407 659 1444 Mosi,sed
672 1408 790 1438 interim
798 1412 904 1448 aequat,
914 1408 962 1439 dei

1111 1413 1157 1443 νοΐ,
1174 1407 1235 1435 εἶτα
1263 1408 1364 1447 προϊὼν
1393 1408 1556 1446 προτίθησιν.
1579 1407 1662 1435 Οἷκον
1689 1406 1717 1434 δὲ
1742 1409 1823 1436 αὖτοῦ
1836 1407 1875 1433 τὸν

201 1452 231 1482 in
247 1460 406 1492 progressu
423 1450 577 1491 praeponit.
588 1450 676 1481 Suam
692 1455 789 1481 autem
806 1452 925 1483 domum
937 1462 965 1483 vc

1110 1463 1126 1479 ην
1148 1450 1281 1482 ἐκάλεσεν.
1304 1452 1389 1480 Αὐτοῦ
1409 1451 1437 1478 δὲ
1457 1451 1503 1479 τὸν
1530 1450 1593 1478 λαὸν
1608 1451 1670 1478 εἶπε
1685 1455 1731 1480 τοῦ
1753 1451 1874 1486 Μωσέως,

199 1496 393 1542 Avitpopulum
407 1503 414 1525 :
429 1504 517 1535 porro
534 1495 761 1542 populumidixit
772 1496 869 1542 liiosis,
882 1506 960 1536 quon

1111 1506 1127 1523 ιι
1142 1496 1284 1542 προστήκει
1308 1497 1404 1526 αὐτῶν,
1435 1496 1483 1524 Καὶ
1509 1495 1559 1534 γὰρ
1580 1496 1594 1522 ὁ
1623 1495 1699 1542 ΘεόςΙ
1717 1506 1784 1535 φησι
1818 1495 1875 1533 πρὸς

198 1534 272 1581 ipsis
287 1534 441 1580 prefectus
457 1534 616 1570 eratINam
632 1543 661 1570 et
675 1541 756 1570 Deus
775 1540 849 1571 dixit
864 1534 900 1571 ad
926 1550 962 1571 eu

1112 1541 1152 1578 ὸν,
1163 1535 1210 1568 «”Ο
1222 1539 1285 1571 λαός
1298 1550 1344 1567 σου
1358 1539 1485 1578 ἥμαρτεν.
1500 1550 1512 1567 ι
1524 1538 1664 1578 -[ΦΩΤ.]
1674 1534 1738 1571 ιὨς
1747 1540 1793 1567 χαὶ
1805 1542 1876 1566 Μωϋ-

203 1597 213 1613 ι
227 1584 362 1616 Peccavit
373 1584 500 1624 populus
511 1587 579 1614 tuus
589 1583 632 1615 90.
647 1584 967 1620 n—«Quemadmodun

1126 1594 1133 1601 ο
1152 1595 1166 1611 »
1183 1584 1251 1612 ὣστε
1279 1584 1366 1617 μάτην
1386 1582 1606 1623 διαλοιδοροῦνταί
1625 1593 1671 1620 μοι
1690 1584 1757 1622 πρὸς
1776 1584 1843 1618 ὑμᾶς
1857 1584 1876 1610 οἱ

201 1632 310 1667 Moses,
327 1641 341 1657 η
360 1628 468 1668 inquit.
492 1629 612 1659 Frustra
636 1628 724 1666 igitur
744 1638 790 1659 me
805 1629 965 1660 calumnia:

1113 1630 1223 1656 maciam
1244 1639 1278 1667 με
1292 1627 1413 1667 λέγοντες
1443 1628 1496 1655 ἀπὸ
1531 1627 1646 1660 Μωσέως
1674 1626 1817 1665 διδάσκειν,
1839 1628 1877 1655 καὶ

201 1675 280 1715 apud
297 1682 360 1711 vos,
373 1672 423 1713 qui
439 1681 486 1703 me
495 1672 598 1703 dicunt
610 1672 829 1704 defunctionem
845 1683 862 1703 a
876 1675 958 1705 Mose

1116 1673 1217 1704 ςαῦτὸν
1251 1671 1384 1710 δυσμενῶς
1399 1671 1557 1703 διακεῖσθαι,
1585 1670 1740 1705 Λεληθότως
1764 1671 1792 1700 δὲ
1820 1675 1877 1700 τοῦ-

200 1728 279 1756 cere,
293 1722 322 1749 et
336 1726 406 1757 erga
422 1717 520 1757 ipsum
536 1717 658 1748 inimico
674 1717 814 1748 atfectum
831 1727 896 1748 esse
908 1719 964 1749 anii

1118 1718 1161 1746 καὶ
1197 1718 1226 1746 οὗ
1259 1718 1326 1746 κατὰ
1360 1716 1557 1756 προηγούμενον
1585 1715 1662 1754 λόγον
1694 1717 1807 1756 εἰσάγει,
1836 1716 1875 1743 ἵνα

201 1764 264 1795 Ηοο
292 1766 390 1794 autem
416 1762 492 1792 clam
518 1765 546 1791 et
568 1771 626 1791 non
648 1770 682 1792 ex
707 1762 858 1801 proposito
883 1771 961 1792 serm

1113 1761 1162 1790 ,λον
1177 1761 1265 1800 πείσῃ.
1289 1762 1324 1790 Τὸ
1354 1762 1404 1800 γὰρ
1432 1761 1468 1793 εἷς
1497 1759 1642 1799 ἂπολογίᾶν
1668 1760 1877 1799 παρεσκευασμέ-

197 1807 313 1838 inducit
326 1810 358 1837 ut
372 1806 464 1845 magis
480 1807 675 1846 persuadeat:
690 1815 758 1835 nam
775 1806 851 1845 quod
870 1806 905 1837 ad
919 1807 961 1837 dei

1119 1805 1219 1844 μᾶλλον
1248 1805 1376 1835 ὕποπτον.
1396 1816 1410 1832 α
1428 1804 1551 1836 Πλείονος
1573 1805 1622 1844 γὰρ
1651 1803 1728 1838 δόξης
1760 1806 1844 1837 οὗτος.
1864 1816 1874 1831 ι

197 1853 312 1883 sionem
338 1855 471 1891 paratum
497 1855 552 1890 est,
569 1849 733 1889 suspicioni
757 1850 849 1889 magis
875 1850 959 1890 subja

1113 1851 1149 1879 ὼν
1170 1851 1218 1884 τὴν
1253 1851 1319 1889 πρὸς
1348 1851 1447 1882 Μωσῆν
1477 1849 1584 1882 ἰσότητα
1617 1852 1661 1877 τοῦ
1689 1851 1814 1888 Χριστοῦ,
1837 1853 1875 1877 νῦν

202 1908 213 1925 α
231 1895 336 1936 Majori
355 1895 449 1934 gloria
466 1894 515 1924 hic
531 1894 648 1933 dignus.
669 1905 681 1922 ι»
697 1894 768 1925 Cum
785 1894 906 1925 dixisset
920 1904 963 1935 aeq

1161 1895 1209 1928 τὴν
1224 1895 1359 1934 ὑπεροχὴν
1380 1893 1463 1934 λέγει,
1484 1905 1497 1920 α
1514 1892 1635 1925 Πλείονος
1671 1894 1759 1925 οὗτος.
1777 1903 1792 1923 ι
1817 1894 1876 1932 Th;

197 1941 309 1971 litatem
330 1939 440 1970 Christi
462 1939 496 1969 ad
520 1939 645 1975 Mosem,
676 1947 755 1968 nunc
783 1939 922 1978 paulatim
948 1939 961 1969 d

1113 1940 1171 1968 ιατὰ
1199 1939 1282 1978 σάρκα
1316 1939 1453 1976 νοούμενος
1476 1937 1600 1977 Χριστός,
1633 1949 1646 1965 σ
1677 1938 1750 1976 Παρὰ
1783 1940 1877 1970 Μωσῆν

197 1983 418 2016 excellentiam.
449 1995 462 2011 ι(
487 1982 595 2021 Majore
619 1982 679 2013 hic.
703 1995 716 2010 n
746 1982 839 2018 Quis?
860 1982 915 2019 Qui
937 1984 961 2023 ji

1110 1995 1138 2017 ης
1159 1983 1278 2020 ἠξίωται,
1295 1983 1354 2011 καθ’
1381 1982 1453 2019 ὅσον,
1483 1983 1558 2022 φησὶ,
1588 1981 1695 2010 πλείονα
1723 1983 1806 2020 τιμὴν
1821 1981 1874 2022 ἔχει

196 2038 316 2060 carnem
328 2027 502 2067 intelligitur
518 2027 663 2058 Christus.
684 2027 812 2066 «Maiore
825 2027 918 2066 gloria
933 2037 960 2067 qi

1121 2027 1208 2068 οἴκου,
1225 2030 1239 2055 ὁ
1254 2027 1450 2059 κατασκευάσας
1473 2027 1561 2055 αὐτόν.
1588 2037 1600 2055 li
1630 2027 1680 2055 Νὗν
1701 2026 1751 2060 τὴν
1768 2027 1877 2058 ὑστάτην

197 2073 293 2104 Moses
322 2072 371 2103 hic
394 2071 501 2111 dignus
521 2075 566 2101 est
593 2070 722 2107 habitus,
739 2075 848 2110 quanto
876 2072 961 2111 majm

1112 2073 1207 2112 ροχὴν,
1223 2073 1267 2100 καὶ
1295 2071 1345 2105 ὅση
1369 2075 1432 2099 Θεοῦ
1466 2071 1532 2110 πρὸς
1554 2070 1688 2109 ἄνθρωπον
1723 2070 1812 2110 λέγει,
1836 2070 1875 2098 καί

195 2117 284 2148 habet
310 2117 454 2147 honorem
483 2115 508 2145 is
549 2116 599 2154 qui
624 2116 786 2146 construxit
801 2115 921 2145 domum
933 2126 959 2155 ql

1109 2129 1126 2145 ιι
1142 2125 1149 2132 ⁸
1171 2117 1266 2148 Πιστὸς
1282 2116 1329 2154 μὲν
1349 2116 1381 2150 ἦν
1398 2118 1496 2149 Μωσῆς
1518 2115 1582 2153 ὑπὲρ
1607 2115 1693 2143 πάντα
1721 2115 1767 2143 τὸν
1792 2115 1873 2150 οἷκον,

196 2162 261 2202 ipsa
276 2161 394 2192 domus.
412 2173 426 2188 ι
443 2159 610 2190 Extremam
627 2169 704 2189 nunc
724 2159 807 2199 ponit
822 2160 960 2199 praaemin

1111 2162 1189 2197 τέστι,
1206 2162 1251 2189 τὸν
1283 2161 1357 2190 λαόν.
1390 2159 1464 2193 Πλὴν
1487 2160 1531 2188 καὶ
1555 2159 1633 2191 αὐτὸς
1654 2163 1700 2188 τοῦ
1735 2159 1812 2188 οἴκου
1831 2159 1875 2194 ἦν,

197 2196 267 2237 tiam
278 2205 348 2236 555
363 2209 531 2245 quantaque
546 2207 593 2234 est
607 2203 660 2234 Dei
678 2204 713 2234 ad
724 2196 892 2241 hominem,
910 2210 939 2235 et
954 2213 961 2234 ι

1118 2210 1164 2234 τοῦ
1178 2205 1242 2234 λαοῦ
1256 2207 1309 2237 εἷς,
1334 2208 1461 2234 Τοσοῦτον
1491 2204 1535 2232 οὗν
1556 2203 1676 2235 πλείονος
1711 2203 1790 2237 δόξης
1804 2205 1818 2232 ὁ
1830 2213 1875 2232 κα-

196 2251 308 2282 Fidelis
330 2250 450 2291 quidem
474 2252 538 2279 erat
561 2249 657 2279 Moses
672 2257 763 2288 snper
778 2251 867 2278 totam
884 2247 960 2278 domi

1108 2251 1191 2289 σάρκα
1212 2250 1323 2289 Χριστὸς
1338 2248 1409 2287 παρά
1432 2250 1532 2281 Μωσῆν
1546 2247 1679 2285 haunt"
1709 2247 1770 2277 ὅσον
1796 2248 1872 2291 εἰκὸς,

194 2296 225 2326 id
240 2300 295 2330 est,
311 2288 464 2335 populum,
480 2293 544 2333 ipse
560 2297 658 2323 tamen
685 2292 772 2323 etiam
798 2302 832 2323 ex
855 2292 943 2323 domo

1109 2288 1147 2332 ri,
1166 2295 1210 2322 τὸν
1246 2293 1404 2333 δημιουργὸν
1433 2295 1478 2320 τοῦ
1517 2291 1764 2332 δημιουργήματος.
1796 2288 1873 2321 ὀσον

193 2344 222 2371 et
248 2349 325 2371 unus
349 2349 366 2370 e
392 2337 511 2379 populo.
544 2336 637 2368 Tanto
665 2336 757 2375 igitur
781 2337 916 2368 Christus
934 2338 957 2377 ji

1109 2355 1120 2375 ι,
1138 2339 1202 2378 φησὶ
1217 2337 1324 2366 πλείονα
1339 2337 1419 2375 τιμὴν
1434 2336 1493 2376 ἔχει
1519 2341 1565 2366 τοῦ
1593 2336 1670 2364 οἴκου
1684 2337 1699 2365 ὁ
1712 2336 1873 2365 κατασκευά-

195 2394 315 2415 carnem
346 2384 458 2423 majore
486 2381 579 2421 gloria
605 2381 712 2420 dignus
728 2385 773 2411 est
798 2381 915 2412 habitus
930 2392 959 2422 qi

1124 2383 1212 2413 αὐτόν.
1229 2382 1313 2411 Οἶκον
1325 2382 1374 2420 γὰρ
1389 2381 1508 2417 ἐνταῦθα,
1538 2381 1583 2408 τὸν
1606 2379 1671 2408 λαὸν
1699 2382 1746 2409 σὺν
1761 2385 1800 2419 τῷ
1814 2383 1873 2408 Μω-

194 2431 302 2467 Moses,
319 2432 441 2468 quanto,
458 2426 564 2467 inquit.
582 2435 699 2466 aequum
707 2430 750 2456 est
762 2426 930 2457 Creatorem
940 2437 957 2465 p

1120 2427 1204 2467 λέγει,
1219 2425 1311 2459 ἐπειδὴ
1326 2427 1370 2454 καὶ
1385 2427 1497 2464 Μωσῆς,
1518 2425 1560 2456 εἷς
1588 2424 1621 2458 ἧν
1635 2429 1682 2454 τοῦ
1697 2424 1763 2454 λαοῦ
1780 2433 1787 2440 ·
1803 2435 1874 2456 ποιη-

194 2474 303 2505 cellere
333 2477 493 2504 creatum:
511 2481 591 2507 nam,
609 2475 719 2511 quanto
737 2471 894 2510 maiorem,
910 2471 958 2512 ἱππ]

703 2480 719 2500 0
737 2471 894 2510 maiorem,
910 2471 1016 2512 inquit,
1059 2473 1107 2505 τὴς
1128 2471 1155 2500 δὲ
1169 2474 1215 2499 τοῦ
1227 2470 1303 2499 οἴκου
1317 2471 1331 2498 ὁ
1346 2469 1467 2509 Χριστός.

191 2519 282 2550 habet
297 2519 441 2549 honorem
458 2517 483 2547 is
499 2515 550 2556 qui
565 2515 686 2545 domum
701 2515 877 2552 construxit,
908 2526 993 2556 quam
1009 2516 1073 2556 ipsa
1098 2515 1216 2547 domus.
1246 2513 1399 2554 Siquidem
1428 2513 1549 2544 domum
1577 2513 1634 2544 hoc
1658 2513 1724 2545 loco
1738 2513 1874 2554 populum

190 2563 328 2603 appellat,
346 2561 397 2602 qui
412 2570 479 2591 cum
495 2560 575 2591 Mose
591 2563 673 2590 erat:
692 2559 932 2600 quandoquidem
948 2565 977 2591 et
993 2563 1086 2592 Moses
1102 2569 1180 2592 unus
1194 2563 1256 2590 erat
1284 2567 1301 2589 ο
1329 2557 1458 2599 populo:
1488 2561 1654 2589 exstructor
1681 2567 1749 2589 vcro
1774 2559 1875 2589 domus

192 2611 255 2639 erat
270 2607 415 2638 Christus.

230 2651 280 2690 Ill,
290 2652 359 2683 4-6.
372 2651 479 2681 Omnis
490 2650 571 2680 enim
586 2647 692 2679 domus
706 2649 902 2680 constituitur
909 2648 947 2680 ab
959 2650 994 2680 at.

1107 2662 1112 2679 ι
1143 2653 1197 2681 Πᾶς
1225 2649 1274 2688 γὰρ
1301 2647 1378 2679 οἶκος
1405 2647 1625 2682 κατασκευάζεται
1663 2648 1713 2676 ὑπό
1741 2657 1822 2678 τινος.
1847 2640 1871 2672 Ὀ

190 2698 362 2737 quo.Porro
378 2696 430 2736 qui
441 2693 575 2725 condidit
588 2693 703 2732 omnia,
717 2693 797 2724 Deus
813 2698 856 2724 est
872 2693 912 2725 Et
924 2695 953 2724 Μ

1120 2695 1152 2722 τὰ
1200 2694 1285 2722 πάντα
1324 2692 1522 2723 κατασκευάσας
1570 2691 1647 2724 Θεός.
1696 2693 1744 2721 Καὶ
1780 2691 1871 2722 Monii:

228 2781 260 2808 ³ο
275 2781 370 2814 Exod.
389 2789 472 2815 χχιιι,
492 2779 518 2809 '1.
