1936 3080
1813 88 1875 121 296

1353 157 1428 191 δόξαν
1475 157 1621 198 ἅγαγόντα,
1663 158 1708 186 τὸν
1749 157 1873 197 ἀρχηγὸν

1477 202 1518 231 διὰ
1567 202 1732 241 παθημάτων
1783 201 1871 230 τελει-

185 92 244 128 295
741 93 947 127 (ECUMENII
969 89 1118 125 TRICG/E
1137 91 1306 124 EPISCOPI

181 172 237 204 per
251 171 338 203 quem
350 166 422 195 sunt
436 164 552 204 omnia,
568 166 601 194 ut
615 162 719 194 multis
726 162 805 202 ﬁliis
829 163 863 194 in
873 162 944 202 glor

535 174 552 204 ι,
568 166 601 194 ut
615 162 805 202 multis/iliis
829 163 863 194 in
873 158 1110 202 αῖον-ξαιηιιλούς
1152 159 1221 191 υἱοὺς
1263 159 1299 190 εἰς

181 208 331 246 adductis,
348 212 503 240 auctorem
512 208 622 240 salutis
631 207 751 239 illorum
764 216 820 247 per
831 207 945 246 a/ﬂictit

663 207 751 238 lorum
764 216 820 247 per
831 207 1010 246 a/ﬂictianes
1049 205 1099 238 τῆς
1150 205 1282 243 σωτῆρίας
1332 205 1427 241 αὐτῶν,

178 253 346 293 perfectum
361 253 512 284 redderet.

402 253 512 284 ﬁderet.
1049 259 1126 279 ωσαι.
1157 259 1166 276 ι

223 288 398 334 Paululum,
411 297 448 328 ob
465 297 495 328 id
508 297 580 328 dicit
594 296 671 337 quod
692 296 787 327 tribus
802 295 906 327 diebus
919 296 987 326 fuer:

1106 293 1156 332 αρὺ
1171 291 1199 320 δέ
1219 303 1297 332 φησι,
1325 291 1367 320 διὰ
1385 292 1425 329 τὸ,
1455 291 1529 332 τρεῖς
1556 291 1658 331 ἡμέρας
1693 291 1720 318 ἐν
1740 293 1780 328 τῷ
1807 288 1870 327 ᾇδη,

181 341 258 382 apud
274 341 397 373 inferos.
418 352 430 369 α
450 342 573 381 Propter
601 335 764 371 cruciatum
781 340 896 372 mortis.
915 353 928 368 ι

1109 338 1175 366 σθαι.
1202 348 1216 364 σ
1235 337 1283 364 Διὰ
1310 337 1341 364 τὸ
1361 336 1473 373 πάθημα
1501 339 1544 364 τοῦ
1565 335 1687 365 θανάτου.
1712 346 1727 363 ι
1758 335 1873 370 Πάθημα

181 379 301 417 cendo:
333 379 516 416 Cruciatum‘
535 383 650 422 mortis,
681 393 779 415 veram
809 385 945 415 manifest

1109 394 1157 411 ιτου
1179 383 1270 422 εἰπὼν,
1293 382 1339 410 τὸν
1364 381 1451 416 ἀληθῆ
1478 381 1587 422 ἐνέφηνε
1616 382 1738 412 θάνατον.
1766 391 1778 409 α
1804 379 1873 415 Δόξα

182 434 319 461 mortem.
339 440 350 458 α
366 429 466 461 Gloria
481 433 510 460 et
524 429 637 459 honore
646 433 831 461 coronatum.
847 442 859 457 ιο
876 428 945 460 Glor

1115 430 1181 465 τιμῆ
1216 426 1444 467 ἐστεφανωμένον.
1476 437 1488 455 ι
1522 426 1605 459 Δόξαν
1632 427 1676 454 καὶ
1703 425 1798 465 τιμὴν,
1825 425 1873 452 τὸν

181 478 211 504 et
226 474 370 504 honorem
401 477 487 504 vocat
515 481 649 505 crucem.
675 474 779 513 Neque
795 474 875 504 enim
892 477 945 504 tant

1107 472 1157 511 ιρὸν
1185 471 1274 501 καλεῖ.
1298 472 1333 500 Οὔ
1353 472 1403 511 γὰρ
1437 470 1519 503 οὕτως
1548 470 1618 504 ἄξιον
1648 473 1695 499 τοῦ
1731 473 1796 498 Θεοῦ
1825 469 1871 497 καὶ

180 517 239 548 Deo
259 516 380 556 dignum
398 520 460 547 erat
471 520 590 557 tamque
603 516 764 555 gloriosum
777 517 883 548 fecisse
898 526 942 547 cce

1106 515 1211 549 ›ἐνδοξον
1225 517 1256 544 τὸ
1283 519 1393 549 ποιῆσαι
1421 515 1530 555 οὐρανὸν
1550 516 1594 543 καὶ
1622 517 1673 554 γῆν
1695 515 1739 542 καὶ
1766 513 1870 552 ἅΑθρω-

181 566 210 592 et
225 555 334 592 terram
351 570 386 592 ac
402 555 554 592 hominem
572 571 776 602 supernasque
784 561 916 596 virtutes,
930 571 943 592 s

1117 560 1160 588 καὶ
1188 561 1236 591 τὰς
1262 560 1316 588 ἅνω
1341 559 1473 598 δυνάμεις,
1516 560 1553 591 ὡς
1591 561 1622 588 τὸ
1648 557 1808 592 καταξιῶσαι
1837 555 1871 584 δι’

181 607 260 646 quod
278 609 400 646 propter
429 614 481 636 nos
510 606 648 646 dignatus
672 606 759 637 fuerit
782 605 927 645 cruciﬁgi.

1109 616 1118 636 :
1137 606 1328 644 σταυρωθῆναι,
1345 604 1426 633 Τοῦτο
1450 602 1478 631 δέ
1506 614 1570 644 φησι
1592 604 1636 631 καὶ
1663 603 1756 635 αὐτοὺς
1785 612 1873 640 παρα-

179 653 279 681 autem
292 649 364 680 dicit
375 649 466 680 etiam
491 651 570 690 ipsos
593 650 761 688 consolans,
777 659 811 681 ac
826 650 850 680 si
867 649 943 680 dicet

1106 650 1220 689 λύμενος.
1237 651 1267 679 Et
1293 651 1343 690 γὰρ
1364 661 1447 678 ταυτα
1475 649 1508 677 δι’
1530 650 1595 687 ὑμᾶς
1624 651 1638 677 6
1664 649 1775 690 Χριστὸς
1803 648 1870 676 ὑπέ-

181 694 212 726 8ὶ
224 694 358 726 Christus
370 694 420 725 illa
428 698 550 735 propter
562 704 611 725 vos
624 695 773 734 sustinuit,
783 694 853 735 quid
864 694 945 725 mirui

1109 705 1132 734 ε,
1161 695 1186 722 τί
1215 694 1296 735 μέγαν
1321 695 1342 722 εἰ
1368 695 1411 722 καὶ
1444 695 1521 732 ὑμεῖς
1550 692 1584 722 δι’
1612 695 1689 722 αὐτὸν
1724 692 1870 731 ὑπομένετε

180 743 209 770 et
224 748 274 770 vos
289 743 409 780 propter
424 734 522 779 ipsum
539 739 713 770 atﬂictiones
727 734 921 770 sustineatis?
939 751 944 766 ι

1109 739 1207 777 ασμούς
1222 747 1232 777 ;
1258 751 1272 767 ι
1290 734 1388 770 ⁹Ὀ-ιιως
1411 739 1502 779 χάριτι
1518 742 1595 770 Θεοῦ,
1621 749 1633 767 ι
1659 739 1738 778 χάρις
1753 738 1805 777 γὰρ
1819 737 1870 770 τῆς

180 792 235 824 per
246 783 370 823 gratiam
386 783 448 815 Dei.
469 794 480 812 ι
499 783 565 814 Fuit
578 793 704 824 namque
719 788 830 814 sanctae
853 783 944 814 Trinit

1108 794 1120 816 ς
1149 783 1268 823 Τριάόος,
1305 785 1335 812 τὸ
1363 785 1457 812 παθεῖν
1482 784 1527 812 τὸν
1558 783 1628 814 Υἱόν.
1660 785 1696 812 Οὒ
1722 783 1772 823 γὰρ
1801 782 1870 810 κατᾶ

179 828 273 868 gratia
284 828 364 868 quod
377 831 528 868 pateretur
535 827 638 859 Filius.
651 827 752 868 Neque
766 827 845 858 enim
857 836 893 858 ex
904 827 941 858 de

1104 827 1154 862 λὴν
1182 829 1196 856 6
1224 828 1315 868 Πατὴρ
1337 829 1382 856 τὸν
1412 829 1470 856 Υἱὸν
1494 827 1600 868 ἔδωκεν,
1624 827 1643 862 ἢ
1665 829 1679 855 6
1709 827 1769 859 Υἶὸς
1783 836 1867 855 κατε-

179 872 261 904 dedit
275 872 363 904 Pater
378 871 497 912 Filium,
507 876 556 903 aut
565 872 658 903 Fiiius
666 873 807 913 suseepit,
818 876 866 903 aut
877 871 943 912 Spir

1102 883 1147 912 ιτο,
1177 872 1195 906 ἢ
1226 873 1257 900 τὸ
1279 875 1385 910 Πνεῦμα
1405 872 1564 912 συνέργησεν
1587 873 1623 904 εις
1651 872 1697 900 τὸν
1739 871 1866 910 Σταυρὸν1

176 921 296 948 sanctus
324 921 498 957 cooperatus
522 921 568 948 est
584 917 620 948 ad
637 917 817 957 passionem.
835 917 886 947 sed
904 925 940 947 on

1102 917 1210 945 ἰπάντο.
1222 917 1312 957 χάριτι
1340 917 1445 956 γέγονε.
1474 916 1567 949 Καλῶς
1596 916 1624 945 δὲ
1652 918 1692 954 τὸ,
1724 917 1866 949 Γεύσ-ηται.

176 961 304 1000 gratiose
318 960 393 991 facta
420 965 499 992 sunt.
532 960 625 992 Recte
655 965 752 992 autem
769 960 835 991 ait:
853 959 940 992 Gusta

1103 962 1149 1001 γὰρ
1171 961 1287 999 ἐνέμεινε
1315 965 1353 999 τῷ
1381 962 1495 998 θανάτῳ,
1509 961 1577 990 ἀλλὰ
1591 962 1672 999 μόνον
1699 961 1778 989 αὐτοῦ
1803 960 1867 1000 τρό-

175 1004 277 1046 Neque
288 1005 367 1036 enim
377 1005 407 1035 in
417 1009 511 1036 morte
521 1005 692 1045 permansit,
710 1005 761 1036 sed
777 1005 873 1045 ipsam
890 1009 937 1035 tan

1115 1007 1174 1034 τινὰ
1202 1005 1377 1045 ἀπεγεύσατο,
1407 1023 1446 1028 -
1477 1005 1746 1045 [οιΚοΥΜΕΝιΟΥ].
1770 1004 1867 1033 ’ἰστέον

175 1049 393 1090 quodammodo
407 1049 582 1088 degustavit.
602 1067 637 1072 —-
652 1050 816 1080 Sciendum
837 1059 906 1080 vero
921 1059 939 1090 q

1104 1049 1139 1078 im
1168 1051 1192 1078 οἱ
1217 1051 1384 1090 Νεοτοριανοὶ
1405 1055 1582 1090 παραποιοῦσι
1606 1051 1655 1083 τὴν
1677 1050 1793 1090 Γραφιὶν,
1823 1049 1868 1077 καὶ

176 1094 343 1126 Nestoriani
370 1094 537 1125 adulterant
564 1093 746 1134 Scripturam
777 1098 805 1125 et
821 1094 860 1125 ita
874 1094 939 1133 legu

1102 1105 1125 1126 ις
1146 1094 1378 1134 ἀναγινώσκουσιν,
1409 1094 1481 1126 ὅπως
1509 1095 1593 1134 χωρὶς
1616 1098 1682 1123 Θεοῦ
1709 1094 1774 1134 ὑπὲρ
1800 1105 1866 1122 παν-

176 1143 207 1170 υι
221 1141 305 1180 χωρὶς
321 1143 399 1179 Θεοῦ,
422 1138 451 1168 id
476 1142 530 1176 est,
543 1138 608 1169 sine
633 1140 693 1170 Deo
709 1147 762 1178 pro
777 1140 848 1169 529
861 1138 940 1169 uniw

1114 1139 1240 1178 γεύσηται
1274 1139 1398 1179 θανάτου,
1434 1142 1510 1168 τοῦτο
1546 1139 1798 1176 κατασκευάζοντες,
1827 1137 1866 1165 ὅτι

175 1183 247 1214 orbe
270 1187 402 1223 gustaret
424 1187 563 1220 mortem,
594 1183 649 1213 hoc
666 1187 722 1219 est,
739 1187 909 1214 astruentes
921 1192 939 1223 q

1102 1194 1173 1217 ιησιν
1188 1183 1268 1223 ἔσχεν
1285 1184 1299 1212 6
1315 1185 1438 1223 Χριστὸς,
1455 1185 1528 1224 φασὶ,
1550 1188 1597 1213 τοῦ
1625 1184 1691 1212 Θεοῦ
1722 1183 1810 1223 Λόγου
1824 1183 1866 1211 καὶ

173 1227 420 1258 inhabitationem
437 1226 540 1257 habuit
562 1226 697 1258 Christus
710 1226 801 1258 Verbi
811 1227 882 1267 Dei;
896 1231 926 1258 et

1115 1227 1219 1268 ἕνωσιν,
1235 1228 1274 1256 ὅτι
1303 1228 1485 1269 σταυρουμένῳ
1505 1228 1577 1266 αὐτῷ
1605 1230 1635 1257 οὗ
1662 1230 1743 1262 συνῆν
1764 1230 1782 1262 ἡ
1805 1227 1865 1256 θεό-

175 1271 326 1312 unionem,
345 1271 412 1312 quia
428 1280 487 1302 non
503 1275 565 1301 erat
581 1280 638 1301 una
656 1279 723 1302 cum
735 1280 769 1302 eo
781 1271 831 1312 qui
845 1271 939 1302 crucif

1102 1271 1233 1311 .E’t'pntcu.
1256 1273 1318 1312 γὰρ,
1349 1274 1423 1313 φασὶ,
1452 1273 1538 1312 Χωρὶς
1566 1275 1633 1301 Θεοῦ
1660 1273 1787 1312 γεύσηται
1822 1273 1866 1300 θα-

173 1316 260 1347 batur
283 1316 431 1347 divinitas.
458 1314 611 1355 Siquidem
637 1315 749 1346 dictum
776 1319 831 1354 est,
848 1316 937 1356 inquit

1099 1328 1130 1348 l‘J,
1175 1315 1250 1345 Ἀλλ’
1291 1316 1340 1356 ὅρα
1380 1319 1437 1349 πῶς
1479 1316 1612 1356 ὀρθόδοξός
1654 1329 1694 1349 τις
1723 1317 1863 1356 ἀπεκρίθη.

173 1360 245 1392 Sine
260 1360 320 1391 Deo
336 1363 466 1399 gustaret
494 1364 633 1391 mortem.
662 1360 721 1390 Sed
751 1359 817 1390 vide
833 1369 891 1401 quo
908 1369 936 1390 m

1102 1372 1148 1389 τον
1185 1362 1246 1399 μὲν,
1282 1362 1372 1401 χάριτι
1394 1365 1460 1390 Θεοῦ
1484 1368 1585 1392 κεῖται.
1609 1361 1683 1395 Πλὴν
1712 1362 1794 1390 εἶκαὶ
1810 1359 1866 1389 καθ’

173 1404 291 1445 quidam
307 1403 487 1435 orthodoxus
513 1403 711 1444 responderit.
730 1403 860 1435 Primum
876 1405 937 1445 quit

1100 1417 1107 1438 :
1150 1406 1232 1446 χωρὶς
1275 1405 1350 1446 Θεοῦ³
1393 1406 1510 1446 εἴρηται,
1554 1405 1637 1437 ὤτως
1657 1405 1766 1434 δεκτέον
1788 1406 1864 1436 αὐτό.

174 1449 301 1490 positum
318 1453 373 1489 est,
387 1450 477 1489 χάριτι
490 1453 565 1486 θεοῦ,
580 1449 635 1480 hoc
647 1454 702 1487 est,
714 1450 807 1489 gratia
815 1451 861 1480 vel
873 1459 938 1490 per;

1109 1451 1193 1490 χωρὶς
1215 1455 1261 1479 τοῦ
1289 1450 1355 1478 Θεοῦ
1382 1450 1446 1490 ὑπὲρ
1473 1451 1579 1479 πάντων
1606 1453 1660 1478 τῶν
1688 1450 1776 1479 ἄλλων
1798 1450 1864 1479 ἀπέ-

173 1495 243 1525 tiam
260 1493 313 1525 Dei
331 1502 337 1524 :
352 1497 482 1524 attamen
511 1493 600 1525 etiam
616 1493 641 1524 si
656 1498 689 1524 ut
703 1503 757 1526 vos
785 1494 872 1525 vultis
887 1494 998 1526 dictum

173 1538 211 1569 sit
225 1539 308 1578 χωρὶς
324 1542 400 1575 Θεοῦ,
412 1537 442 1568 id
465 1541 520 1576 est,
548 1537 614 1569 sine
631 1537 704 1579 Deo,
721 1538 761 1569 ita
775 1539 831 1569 hoc
845 1539 998 1580 accipien-

173 1585 243 1614 dum
259 1590 304 1614 est
320 1582 398 1623 quod
415 1582 481 1613 sine
494 1583 556 1614 Deo
567 1586 617 1613 aut
628 1587 750 1623 excepto
763 1582 823 1614 Deo
840 1592 892 1624 pro
904 1583 998 1614 omni-

174 1627 230 1659 bus
244 1627 310 1658 aliis
339 1631 472 1658 mortuus
498 1627 536 1658 sit
564 1627 709 1658 Christus.
736 1628 854 1659 Etenim
869 1638 929 1659 non
947 1638 999 1669 pro

173 1673 244 1703 solis
258 1671 443 1709 hominibus,
472 1671 524 1702 sed
551 1676 581 1703 et
609 1681 661 1712 pro
685 1673 823 1713 supernis
844 1673 1000 1705 virtutibus

173 1721 306 1748 mortuus
320 1721 376 1754 est,
389 1720 420 1747 ut
431 1715 622 1747 interstitium
645 1717 782 1748 maceria!
803 1717 948 1756 dirueret,
965 1728 1000 1749 ac

1040 1496 1115 1523 θανεν
1130 1495 1144 1523 6
1158 1495 1281 1534 Χρισεός,
1308 1495 1356 1524 Καὶ
1385 1495 1435 1535 γὰρ
1456 1495 1485 1523 οὗ
1513 1496 1594 1532 μόνον
1614 1495 1679 1535 ὑπὲρ
1708 1495 1863 1535 ἀνθρώπων,

1040 1538 1109 1568 ἀλλὰ
1144 1540 1187 1567 καὶ
1221 1539 1285 1578 ὑπὲρ
1314 1541 1367 1568 τῶν
1396 1539 1451 1570 ἅνω
1478 1539 1612 1577 δυνάμεων
1636 1539 1778 1580 ἀπέθανεν,
1821 1539 1865 1568 ἵνα

1040 1583 1108 1622 λύσῃ
1123 1585 1153 1612 τὸ
1169 1584 1326 1624 μεσότοιχον
1342 1588 1388 1613 τοῦ
1415 1588 1535 1624 φραγμοῦ
1550 1585 1594 1613 καὶ
1622 1584 1709 1624 ἑνώσῃ
1730 1585 1766 1613 τὰ
1794 1585 1866 1613 κάτω

1040 1635 1099 1660 τοῖς
1115 1628 1180 1659 ἄνω.
1204 1629 1294 1665 Τούτῳ
1308 1627 1400 1666 ὅμοιον
1415 1630 1445 1657 τὸ
1459 1628 1581 1669 ἀλλαχοῦ
1609 1629 1758 1669 εἰρημένον.
1778 1624 1864 1659 ’Ὅταν

1040 1673 1067 1702 δὲ
1083 1672 1148 1711 εἴτι-ῃ
1165 1672 1205 1702 ὅτι
1234 1673 1321 1703 πάντα
1348 1673 1533 1714 ὑποτέτακται,
1557 1673 1679 1707 δηλονότι
1707 1673 1785 1707 ἐκτὸς
1820 1677 1864 1702 τοῦ

1040 1717 1217 1751 ὑποτάξαντος
1232 1719 1304 1755 αὖ)ιῷ
1318 1718 1351 1746 τὰ
1365 1718 1462 1749 πάντα,

171 1761 271 1792 uniret
284 1760 426 1791 inferiora
439 1761 589 1801 supernis.
606 1761 634 1786 ‘8
652 1761 726 1792 Huic
742 1766 771 1793 et
785 1762 884 1794 simile
899 1764 979 1803 quod
994 1762 1066 1795 alibi
1080 1762 1192 1794 dictum
1207 1766 1264 1803 est,
1288 1762 1370 1803 atqui
1392 1771 1459 1794 cum
1487 1761 1657 1803 dicatquod
1672 1762 1774 1794 omnia
1788 1763 1861 1795 sub-

167 1806 248 1846 jeeta
262 1810 342 1844 sunt,
361 1805 455 1846 palam
472 1809 516 1836 est
532 1805 742 1846 excipiendum
758 1815 826 1838 eum
844 1807 894 1848 qui
909 1807 1038 1848 subjecit
1052 1806 1224 1848 ipsiromnia
1239 1807 1278 1839 ‘9.

174 1852 250 1882 «Pro
267 1850 404 1881 universo
419 1849 492 1880 orbe
504 1854 635 1889 gustaret
652 1855 778 1882 mortem
795 1864 809 1880 n
825 1851 997 1892 Quanquam

1083 1863 1095 1881 ι
1115 1847 1195 1891 Ὑπὲρ
1223 1852 1321 1883 παντὸς
1342 1851 1468 1891 γεύσηται
1490 1852 1612 1883 θανάτου.
1645 1863 1656 1881 ι
1687 1853 1718 1881 Et
1738 1853 1791 1893 γὰρ
1820 1854 1862 1881 καὶ

173 1895 253 1926 enim
266 1904 325 1925 non
338 1903 444 1925 omnes
455 1894 529 1925 salvi
538 1895 607 1926 facti
618 1895 677 1925 sint
691 1895 729 1926 ob
745 1905 828 1926 suam
839 1895 937 1927 incred

1115 1897 1211 1928 πάντες
1255 1896 1392 1930 ἐσώθησαν
1425 1895 1467 1924 διὰ
1500 1897 1550 1931 τὴν
1592 1896 1689 1926 οἰκείαν
1724 1897 1859 1937 ἀπιστίαν²

172 1943 262 1971 tatem
280 1950 287 1970 :
304 1939 369 1987 ipse
383 1943 482 1987 tamen
496 1939 575 1987 quod
593 1948 698 1987 _suum_
718 1944 781 1971 erat
795 1940 832 1971 ad
848 1950 936 1987 o_mne

1096 1951 1117 1974 lc
1139 1941 1188 1979 μέν
1201 1951 1242 1970 τοι
1263 1942 1418 1987 τὸνοῖκεῖον
1443 1941 1485 1969 ἐπὶ
1506 1941 1607 1973 πάντας
1628 1942 1672 1970 καὶ
1698 1942 1764 1981 ὑπὲρ
1792 1943 1860 1971 πάν-

173 1994 225 2025 pro
241 1983 379 2016 omnibus
394 1984 477 2016 fecit.
493 1983 641 2015 «Decebat
651 1984 731 2015 enim
743 1993 842 2017 eum.)
856 1985 937 2016 Decei

1101 1985 1236 2020 ἐποίησεν,
1264 1996 1276 2014 α
1300 1981 1416 2026 Ἐπρεπε
1432 1987 1482 2026 γὰρ
1509 1987 1591 2024 αὐτῷ.
1609 1998 1624 2014 ι
1655 1981 1779 2026 ’Ἑπρεπε
1800 1988 1858 2027 γὰρ,

170 2029 277 2070 inquit,
295 2028 390 2060 Deum
407 2032 435 2058 et
444 2027 561 2059 Patrem
575 2032 696 2069 propter
705 2038 793 2069 quem
805 2034 874 2060 sunt
884 2039 932 2061 om

1096 2032 1113 2071 ἰ,
1137 2034 1174 2068 τῷ
1201 2034 1259 2068 Θεῷ
1279 2031 1324 2059 καὶ
1345 2031 1438 2071 Πατρὶ,
1470 2030 1504 2059 δι’
1532 2032 1562 2059 ὃν
1597 2031 1629 2061 τὰ
1650 2031 1748 2069 πάντα,
1787 2033 1860 2064 αὐτὸς

169 2074 236 2114 ipse
252 2082 324 2104 vero
338 2073 471 2103 omnium
488 2077 532 2104 est
548 2073 741 2113 principium.
761 2086 775 2101 ιι
788 2073 824 2104 Ει
839 2083 892 2114 per
907 2084 933 2115 ql

1094 2077 1190 2104 πάντων
1206 2075 1302 2109 αἴτιος,
1323 2086 1335 2104 ι
1353 2076 1402 2105 Καὶ
1423 2074 1456 2104 δι’
1479 2077 1509 2104 οὗ
1530 2076 1562 2105 τὰ
1587 2076 1685 2108 πάντα,
1717 2087 1728 2105 ι
1755 2078 1786 2106 Εἰ
1812 2077 1858 2116 γὰρ

170 2122 239 2149 sunt
253 2117 364 2149 omnia.
382 2129 397 2145 ι
410 2116 483 2148 Nam
496 2117 521 2148 si
529 2117 617 2148 etiam
628 2126 682 2158 per
699 2118 796 2158 ipsum
808 2122 876 2149 sunt
885 2118 996 2156 omnia,

170 2163 258 2194 Pater
273 2166 317 2193 est
328 2161 378 2203 qui
393 2161 494 2192 omnia
504 2161 626 2203 creavit,
640 2162 690 2202 qui
700 2163 871 2194 Creatorem
880 2163 994 2204 genuit.

171 2218 185 2235 ι
205 2206 241 2237 Ει
255 2215 309 2247 per
324 2215 412 2247 quem
429 2209 499 2237 sunt
512 2206 625 2238 omnia.
643 2219 658 2234 ι
671 2207 730 2238 Per
744 2216 844 2248 quem,
857 2207 896 2238 de
908 2208 994 2239 Patre

170 2251 299 2292 positum
317 2254 372 2282 est.
392 2262 405 2278 α
421 2250 523 2282 Multis
534 2250 614 2283 ﬁliis.
633 2263 644 2279 ι
659 2251 753 2283 Filius
767 2251 824 2282 hoe
835 2252 900 2283 loco
909 2257 994 2284 vocat

171 2295 320 2328 homines.
332 2294 419 2333 Eum,
430 2295 537 2336 inquit,
548 2295 598 2336 qui
609 2295 745 2326 homiues
755 2295 786 2326 in
797 2295 919 2335 gloriam
925 2296 996 2327 Uni-

169 2339 261 2380 geniti
270 2349 324 2381 per
330 2339 616 2380 donumadoptionis
624 2339 996 2379 introduxuisset,decebat

169 2389 201 2416 ut
211 2388 364 2416 auctorem
376 2383 477 2415 salutis
489 2384 595 2414 horum
615 2384 757 2422 ﬁliorum,
771 2385 828 2416 hoc
839 2389 893 2426 est,
905 2385 993 2417 Chri-

168 2433 259 2469 stum,
271 2437 326 2469 per
337 2427 516 2460 afmctiones
531 2428 692 2468 perfectum
708 2429 859 2467 redderet,
871 2430 928 2461 hoc
936 2435 992 2471 est,

168 2482 223 2514 per
237 2481 356 2504 crucem
372 2472 537 2513 perfectum
547 2473 765 2504 demonstraret
774 2483 809 2504 ac
819 2474 992 2513 gloriosum.

166 2517 284 2550 Dictum
302 2521 350 2549 est
363 2521 463 2548 autem
480 2525 488 2548 :
520 2517 698 2558 Perfectum,
725 2523 863 2559 tanquam
885 2519 922 2549 ad
938 2528 993 2550 nos

167 2562 330 2604 loquendo,
342 2562 392 2604 qui
404 2562 502 2603 ipsum
511 2563 643 2603 perfecte
661 2563 771 2594 bonum
786 2572 820 2595 ac
830 2564 992 2595 humanum

165 2607 422 2649 depaehendimus
438 2616 491 2648 per
504 2617 636 2646 crucem,
649 2617 716 2639 cum
728 2609 792 2649 ipse
803 2618 921 2650 semper
931 2619 994 2640 om-

166 2653 238 2684 nino
249 2653 401 2693 perfectus
407 2657 497 2691 esset,
510 2661 689 2694 semperque
700 2653 827 2684 maxime
834 2653 990 2693 gloriosus.

205 2734 234 2760 48
246 2732 354 2774 Ephes.
372 2740 405 2772 ll,
425 2734 473 2767 14.
487 2734 516 2759 ¹9
533 2736 546 2765 t
564 2734 632 2766 Cor.
647 2743 694 2771 xv,
707 2733 758 2766 98.

1038 2120 1082 2149 καὶ
1103 2119 1136 2148 δι’
1152 2121 1181 2148 οὗ
1194 2120 1228 2149 τὰ
1241 2121 1338 2158 πάντα,
1367 2121 1381 2148 ὁ
1412 2121 1503 2160 Πατήρ
1524 2120 1595 2149 ἐστιν
1619 2122 1633 2149 6
1648 2121 1682 2149 τὰ
1695 2121 1785 2150 πάντα
1812 2121 1857 2155 δη-

1037 2165 1214 2205 μιουργήσας,
1229 2166 1244 2193 6
1270 2165 1316 2193 τὸν
1346 2166 1512 2204 Δημιουργὺν
1533 2165 1712 2204 γεγεννηκώς.
1730 2177 1745 2193 α
1763 2166 1813 2195 Καὶ
1827 2164 1859 2193 δι’

1036 2210 1067 2237 οὗ
1079 2210 1112 2238 τὰ
1133 2209 1229 2240 πάντα.
1247 2220 1262 2237 ι
1280 2210 1316 2238 T6
1337 2207 1371 2237 δι’
1396 2209 1438 2246 οὗ,
1467 2209 1510 2238 ἐπὶ
1532 2214 1578 2239 τοῦ
1604 2211 1706 2250 [ἰατρὸς
1728 2211 1858 2249 κείμενον,

1038 2263 1050 2282 ε
1074 2252 1192 2286 Πολλοὺς
1220 2254 1290 2286 υἱοὺς
1314 2265 1329 2282 ι
1359 2253 1468 2282 ἐνταῦθα
1494 2254 1555 2286 τοὺς
1581 2254 1732 2294 ἁνθρώπους
1768 2254 1856 2284 καλεῖ,

1035 2297 1086 2326 Τὸν
1101 2299 1288 2337 εἰσαγαγόντα,
1309 2299 1401 2339 φησὶν,
1423 2298 1450 2326 ἐν
1478 2302 1513 2337 τῇ
1538 2302 1585 2327 τοῦ
1613 2302 1779 2339 Μονογενοῦς
1798 2299 1856 2337 δόξῃ

1035 2343 1094 2374 τοὺς
1116 2342 1266 2382 ἀνθρώπους
1293 2346 1327 2377 τῆ
1349 2345 1398 2377 της
1426 2343 1553 2376 ὒὶοθεσίας
1589 2343 1684 2384 δωρεᾷ³
1700 2345 1746 2373 τὸν
1768 2345 1856 2385 ἀρχη-

1034 2386 1083 2426 γὸν
1110 2387 1158 2421 τῆς
1185 2387 1317 2427 σωτηρίας
1340 2389 1442 2417 τούτων
1469 2391 1522 2417 τῶν
1550 2390 1623 2429 υἱῶν,
1653 2388 1785 2429 τουτέστι,
1815 2389 1855 2417 τὸν

1035 2432 1158 2472 Χριστὸν,
1194 2431 1236 2461 διὰ
1263 2433 1428 2470 παθημάτων
1462 2432 1612 2474 τελειῶσαι²
1655 2435 1714 2462 οἷον
1743 2433 1786 2462 διὰ
1813 2438 1855 2462 τοῦ

1034 2480 1146 2515 σταυροῦ
1158 2475 1260 2506 τέλειον
1274 2476 1411 2511 ἀποδεῖξαι
1428 2478 1472 2506 καὶ
1497 2476 1609 2510 ἔνδοξον.
1634 2478 1670 2507 Τὸ
1699 2477 1727 2506 δὲ
1755 2478 1852 2506 τέλειον

1033 2520 1070 2553 ὡς
1085 2522 1150 2561 πρὸς
1172 2521 1244 2559 ἣμᾶς
1272 2521 1378 2562 εἴρηται
1407 2522 1467 2555 τοὺς
1488 2521 1595 2556 τελείως
1618 2523 1696 2551 αὐτὸν
1726 2522 1852 2556 κατειλη-

1034 2563 1115 2604 φότας
1149 2566 1247 2605 ἀγαθὸν
1285 2567 1330 2595 καὶ
1365 2565 1547 2607 φιλάνθρωπον
1577 2566 1619 2595 διὰ
1651 2570 1697 2595 τοῦ
1732 2569 1849 2607 σταυροῦ,

1033 2608 1090 2652 επεὶ
1117 2610 1157 2639 ἀεὶ
1184 2611 1261 2643 αὐτὸς
1282 2610 1437 2643 παντέλειος
1465 2612 1510 2649 ἦν,
1537 2612 1582 2640 καὶ
1609 2611 1649 2640 ἀεὶ
1676 2611 1849 2652 ὑπερενᾶοξος.

1036 2648 1108 2694 ’Ὅρα
1128 2654 1156 2683 δὲ
1183 2655 1232 2689 τὴν
1260 2654 1385 2695 διαφορὰν
1399 2659 1452 2685 τῶν
1465 2648 1537 2686 υἱῶν.
1569 2651 1597 2685 (0
1613 2656 1662 2694 μὶν
1677 2648 1732 2695 γὰρ⁷
1748 2657 1850 2695 γνήσιος

1920 1607 1921 1668 1

1919 1742 1920 1787 1

1918 1802 1920 1860 f

1916 2203 1917 2232 ι
