1936 3080
226 112 285 144 299

787 115 992 149 CEGUMENII
1013 114 1160 147 TRIGGZE
1180 115 1347 148 EPISCOPI

1849 115 1896 148 300

226 181 292 212 nis:
310 181 366 211 hoc
382 185 437 221 est,
463 180 494 211 in
517 180 659 219 sanguine
684 189 788 211 sumus
803 184 832 212 et
847 191 950 218 carne,
976 181 1025 212 eti

1107 182 1234 221 ουτὲστιν,
1257 183 1284 211 ἐν
1298 183 1393 221 α’ίματί
1415 184 1493 222 ἐσμεν
1521 183 1569 212 καί
1591 185 1678 224 σαρκὶ,
1699 184 1744 212 καὶ
1773 183 1799 211 ἐν
1823 185 1893 223 φθαρ-

226 225 468 265 corruptibilibus
490 225 676 264 terrenisque
701 226 886 265 corporibus.
913 225 994 256 Hanc
1009 225 1047 256 ob

225 279 345 301 causam
362 269 545 308 unigenitum
563 269 617 300 Dei
634 268 774 307 Verbum,
787 279 854 300 cum
868 271 950 310 juxta
965 274 1047 301 natu—

224 325 287 345 ram
303 315 360 345 vita
376 318 465 353 esset,
483 312 630 352 particeps
646 313 738 345 factus
755 317 799 344 est
815 314 922 345 horum
933 323 938 346 :
951 324 1006 345 nec
1016 315 1045 345 id

225 359 389 391 secundum
405 358 495 388 alium
511 357 643 394 modum,
661 357 711 387 sed
729 358 928 397 pariformiter
943 359 1045 389 nobis-

225 413 305 435 cum.
325 414 337 431 (ι
355 401 391 433 Ut
409 410 461 441 per
477 405 614 432 mortem.
635 414 646 430 υ
674 401 787 433 Deinde
804 403 892 433 etiam
909 405 1046 433 incarna-

226 447 315 478 tionis
331 455 448 477 causam
461 445 544 482 dicit,
558 450 589 476 ut
601 445 783 483 aboleretur,
803 447 1046 487 inquit,diabolus

225 492 276 532 qui
292 490 394 521 mortis
410 490 501 520 robur
527 489 664 526 habebat,
683 490 853 521 aboleretur
874 496 971 522 autem
995 501 1046 531 per

225 535 519 574 mortem.Tanquam
536 534 650 565 diceret
665 546 670 564 :
684 534 707 566 0
723 536 776 566 Dei
792 536 978 575 sapientiam!
992 536 1047 567 Per

226 584 352 612 mortem
369 579 472 610 habuit
487 578 622 609 diabolus
636 579 798 619 robur,per
810 584 935 611 mortem
949 580 1047 611 abole-

226 624 394 657 hitur.Nam
410 624 457 654 his
472 623 562 653 armis
573 623 713 654 adversus
725 634 792 654 eum
808 634 878 655 usus
894 630 936 655 est
948 625 1045 656 Chris-

225 675 283 707 tus,
311 669 418 710 quibus
443 668 507 707 ipse
542 672 646 707 potens
672 668 737 699 fuit.
766 668 917 704 Quomodo
947 674 1044 700 autem

225 714 394 746 dominatur
410 712 518 742 morti?
533 712 607 747 Quia
622 712 785 743 dominium
799 714 911 744 habens
926 714 955 744 in
973 723 1043 752 pec-

223 759 334 790 catum“
349 767 384 788 ex
409 767 465 797 quo
495 756 631 796 procedit
657 766 748 793 mors,
767 758 853 788 etiam
878 758 1046 788 dominatur

224 803 324 840 morti,
342 811 408 832 cum
425 801 516 831 robur
532 801 634 830 mortis
651 801 689 831 sit
704 806 869 840 peccatum.
888 802 942 837 Qui
957 802 1046 841 igitur

1089 233 1147 258 τοῖς
1168 228 1212 255 καὶ
1232 228 1338 267 γηίνοις
1369 228 1486 265 σώμασι.
1516 229 1618 263 Ταύτης
1646 228 1723 257 ἕνεκα
1750 229 1799 262 τῆς
1825 228 1893 259 αἰτίας

1089 272 1102 298 ὁ
1119 272 1264 310 μονογενὴς
1279 275 1324 300 τοῦ
1340 275 1404 300 Θεοῦ
1439 272 1524 311 Λόγος
1551 273 1607 308 ζωὴ
1637 273 1705 300 κατὰ
1731 272 1809 311 φύσιν
1823 270 1893 309 ὑπάρ-

1088 326 1146 352 γων
1168 315 1284 355 μετέσχε
1297 319 1348 344 τῶν
1365 316 1461 354 αὐτῶν,
1490 317 1535 344 καὶ
1561 318 1590 345 οὗ
1611 316 1668 345 καθ’
1697 315 1784 355 ἕτερον
1800 315 1893 355 τρόπον,

1088 359 1157 387 ἀὶλὰ
1178 360 1369 399 παραπλησίως
1384 362 1464 398 ἡμῖν,
1498 372 1512 388 α
1529 356 1592 389 (Ilva
1619 360 1661 388 διὰ
1688 365 1733 390 τοῦ
1754 360 1866 399 θανάτου.
1881 368 1893 388 ι

1089 403 1158 431 Εἶτα
1172 398 1221 431 καὶν
1237 406 1286 438 τῆς
1301 404 1523 443 ἒνανθρωπήσεως
1537 404 1610 444 λέγει
1639 405 1688 438 τὴν
1719 405 1812 433 αἰτίαν.
1829 398 1894 442 ιἸναι,

1088 448 1163 486 φησί,
1187 450 1342 488 καταργηθῇ
1357 450 1371 476 ὁ
1386 450 1416 477 τὸ
1429 450 1525 487 κράτος
1541 449 1613 488 ἔχων
1649 452 1694 477 τοῦ
1719 449 1828 477 θανάτου
1841 446 1895 474 διά-

1087 490 1165 522 ϐολος
1189 500 1195 506 ·
1210 494 1364 531 καταργηθῇ
1386 491 1413 520 δὲ
1427 492 1469 521 διὰ
1482 497 1528 521 τοῦ
1543 493 1664 533 Θανάτου,
1690 493 1726 525 ὡς
1749 493 1771 520 εἱ
1797 492 1868 520 εἶπεν
1888 499 1893 504 '

1098 542 1134 562 tzv
1149 536 1239 575 σοφίας
1255 540 1319 565 Θεοῦ
1336 537 1342 565 ί
1363 537 1411 564 Δια
1432 541 1480 565 τοῦ
1501 538 1613 565 θανάτου
1634 537 1698 576 ἔσχε
1727 537 1756 564 τό
1788 537 1898 576 κράτοςὸ

1087 579 1219 619 διάϐολος,
1246 579 1288 608 διὰ
1322 585 1368 609 τοῦ
1395 582 1505 610 θανάτου
1534 581 1752 616 καταλυθήσεται,
1794 578 1822 620 ᾮ
1854 581 1896 618 γὰρ

1087 624 1199 664 ἴσχυσεν
1214 624 1300 662 ὅπλῳ,
1317 625 1401 663 τούτῳ
1416 625 1476 654 κατ’
1495 627 1574 655 αὐτοῦ
1597 627 1611 654 ὁ
1632 627 1743 665 Χριστὸς
1760 625 1895 665 ἐχρήσατο.

1089 672 1146 701 Πῶς
1168 668 1194 696 δὲ
1209 668 1286 708 ἄρχει
1302 673 1348 697 τοῦ
1369 671 1504 710 θανάτου,
1532 665 1597 699 ’Ὁτι
1632 673 1681 703 τῆς
1710 670 1835 709 ἁμαρτίας
1856 668 1898 707 ἅρ-

1086 724 1145 752 χων
1168 712 1193 745 ἐξ
1213 713 1246 746 ἦς
1261 715 1275 742 ὁ
1289 714 1410 754 Θάνατος,
1425 715 1468 742 καὶ
1487 718 1532 742 τοῦ
1563 715 1673 743 θανάτου
1710 713 1802 754 ἄρχει,
1820 712 1898 751 ’ἤγουν

1086 758 1180 796 κράτος
1201 758 1311 785 Θανάτου
1325 759 1342 791 ἡ
1359 753 1482 797 ἁμαρτία.
1510 753 1608 799 “Ewa
1632 759 1676 787 οὖν
1775 757 1895 797 ἅμαρτίαιι

1086 803 1129 829 καὶ
1158 802 1263 840 εὑρετὴς
1290 803 1371 835 αὐτῆς
1398 803 1538 842 ὑπάρχων,
1575 804 1605 831 τὸ
1633 804 1728 842 κράτος
1775 802 1832 841 ἔχει
1858 804 1898 829 τοῦ

223 852 380 888 peccatum
404 845 502 881 habet,
527 844 682 885 ipsiusque
709 845 846 876 inventor
870 851 924 883 est,
955 847 1025 877 robu

1106 846 1207 886 ινάτου,
1226 845 1349 886 (εἴπομεν
1364 847 1413 886 γὰρ
1428 841 1488 881 te;
1511 841 1655 887 épdprizvr
1675 848 1746 876 εἶναι
1775 848 1805 875 τὸ
1839 846 1898 884 κρά-

223 892 311 924 habet
324 890 440 921 mortis.
458 890 592 920 Diximus
609 890 687 920 enim
705 895 858 929 peccatum
873 890 965 921 robur
979 900 1044 922 esse

223 937 338 973 mortis,
358 940 388 966 ut
403 936 441 965 sit
458 935 514 965 iste
530 943 634 964 sensus
652 943 657 964 :
678 936 734 965 Per
749 935 895 974 propriam
919 939 1042 966 mortem

223 981 353 1012 abolevit
368 979 517 1010 diabolum
535 979 692 1009 habentem
707 979 872 1018 subjectum
898 979 955 1010 sibi
971 989 1041 1019 pec-

224 1031 332 1066 catum,
350 1024 428 1064 quod
447 1027 491 1053 est
509 1023 647 1053 fortitudo
670 1032 703 1053 ac
727 1023 818 1054 robur
841 1024 943 1054 mortis
960 1033 968 1054 :
986 1024 1043 1054 nisi

224 1071 303 1102 enim
321 1071 374 1100 hoc
391 1072 587 1108 expugnasset
600 1067 849 1104 hominem,mors
858 1077 1042 1108 nequaquam

221 1116 363 1146 intrasset
375 1114 406 1144 in
422 1112 576 1143 mundum.
590 1129 628 1133 —
644 1123 655 1140 (ι
673 1112 847 1152 Quicunque
870 1118 949 1143 metu
961 1123 1042 1144 mor-

222 1160 271 1190 tis.
290 1170 303 1190 )
321 1159 506 1197 Priusquam,
534 1156 640 1196 inquit,
671 1156 841 1187 aboleretur
869 1166 959 1194 mors,
990 1167 1043 1197 per

221 1209 312 1236 totam
336 1203 425 1234 vitam
451 1201 587 1232 homines
611 1200 721 1231 obnoxi
744 1204 829 1231 erant
851 1211 885 1232 ac
915 1202 1042 1242 subjecti

223 1249 323 1280 timori
350 1246 522 1279 servitutis:
543 1245 686 1276 timebant
715 1245 794 1276 enim
822 1250 946 1276 mortem
975 1256 1041 1286 qum

228 1294 358 1324 nondum
375 1291 484 1322 abolita
498 1294 562 1320 erat
577 1299 583 1320 :
602 1293 632 1320 et
650 1289 723 1320 nihil
739 1289 923 1320 saecularium
940 1289 1041 1331 volup.

223 1343 314 1369 tatum
339 1336 487 1366 delectare
517 1337 628 1374 poterat
654 1334 801 1371 cordatos,
828 1334 916 1374 idque
934 1334 1039 1365 timore

219 1381 369 1418 mortis,in
385 1380 506 1410 modum
522 1378 652 1409 crudelis
666 1388 700 1408 ac
709 1378 777 1408 szevi
790 1379 903 1409 domini
912 1379 1038 1410 instante

221 1436 341 1467 semper
356 1435 389 1456 ac
406 1429 573 1456 exterrente
589 1433 639 1454 eos
654 1424 704 1464 qui
719 1429 801 1454 erant
816 1424 846 1454 in
864 1423 1037 1455 terra.u0b—

218 1472 299 1502 noxii
323 1474 407 1502 erant
426 1469 571 1500 servituti.
590 1481 603 1496 »
622 1467 778 1498 Timebant
801 1468 938 1498 homines
955 1479 1036 1500 mor-

1086 901 1128 921 τος
1143 895 1188 919 τοῦ
1202 891 1334 926 θανάτου.)
1368 891 1414 919 ’ίνα
1441 891 1522 924 οὕτως
1553 890 1599 925 εἴη
1619 901 1626 908 ·
1666 892 1714 919 Διὰ
1741 896 1787 921 τοῦ
1813 890 1898 918 οἰκείου

1085 935 1196 962 θανάτου
1231 935 1385 974 κατήργησε
1414 936 1464 969 τὴν
1491 936 1619 975 ἁμαρτιαν
1633 936 1787 976 ὑποχείριον
1810 934 1898 974 ἔχοντα

1085 980 1130 1006 τὸν
1164 977 1295 1017 διάϐολον,
1324 979 1382 1013 ἥτις
1410 981 1479 1008 ἔστὶν
1506 981 1582 1020 ἰσχὺς
1622 982 1717 1020 κρατὸς
1752 981 1798 1008 τοὺ
1825 979 1897 1007 θανά-

1084 1035 1140 1055 του.
1159 1025 1187 1053 Εἰ
1202 1025 1251 1064 γὰρ
1274 1026 1312 1063 μὴ
1345 1026 1411 1059 αὕτη
1436 1026 1580 1066 κατίσχυσε
1607 1032 1652 1056 τοῦ
1686 1027 1832 1064 ἀνθροῖγιτουί
1859 1026 1900 1052 οὒκ

1084 1068 1114 1096 ἂν
1130 1070 1144 1096 ὁ
1159 1069 1268 1100 θάνατος
1284 1069 1402 1104 εἰσῆλθεν
1418 1071 1454 1102 εἷς
1468 1071 1514 1098 τὸν
1529 1071 1640 1109 κόσμον.
1660 1087 1699 1093 -
1714 1082 1724 1099 ε
1741 1066 1898 1110 υΟτιοιιλοόὸξι

1083 1113 1205 1142 θανάτου.
1225 1123 1239 1142 ι
1257 1113 1369 1154 [ΦΩΤ.]
1398 1116 1472 1154 Πρὶν.
1489 1116 1564 1155 φησὶ,
1607 1118 1761 1155 καταργηθῇ
1797 1117 1811 1143 ὁ
1824 1115 1899 1142 θάνα-

1083 1169 1140 1194 τος,
1163 1157 1196 1185 δι’
1219 1157 1281 1187 ὅλου
1294 1162 1340 1187 τοῦ
1353 1162 1399 1197 ζῇν
1428 1160 1451 1187 οἱ
1479 1158 1610 1199 ἅνθρωποι
1639 1160 1733 1200 ἔνοχοι
1769 1160 1846 1198 ἦσαν,
1861 1158 1897 1186 καὶ

1082 1202 1217 1230 ὑπέκειντο
1241 1201 1314 1241 φόϐῳ
1350 1203 1479 1236 δουλείας.
1503 1203 1681 1233 Ἐδεδοικεσαν
1695 1205 1745 1244 γὰρ
1771 1205 1818 1232 τὸν
1833 1201 1897 1232 οὔπω

1081 1246 1279 1286 καταρῃθέντα
1307 1247 1430 1278 θάνατον.
1468 1249 1517 1277 Καὶ
1555 1249 1638 1287 οὐδὲν,
1668 1249 1744 1288 φησὶ,
1767 1249 1828 1279 τοὺς
1853 1247 1896 1286 ἀρ-

1080 1291 1202 1330 τίφρονας
1218 1290 1298 1331 ἴσχυε
1324 1292 1418 1331 τέρψαι
1447 1293 1499 1321 τῶν
1531 1298 1577 1323 τοῦ
1603 1294 1658 1331 βίου
1692 1296 1824 1332 τερπνῶν,
1858 1294 1898 1319 τοῦ

1081 1333 1122 1362 διὰ
1155 1336 1200 1363 τὸν
1241 1336 1351 1364 θάνατον
1386 1336 1477 1375 φόϐου,
1509 1336 1583 1370 δίκην
1612 1337 1686 1375 ὠμοῦ
1711 1337 1756 1366 καὶ
1784 1337 1896 1370 ἀπηνοῦς

1079 1377 1220 1418 δεσπότου,
1255 1380 1428 1420 ἐφιστὰμενου
1463 1382 1507 1410 καὶ
1549 1380 1724 1421 ἆκίροϐοὗντος
1775 1381 1836 1412 τοὺς
1862 1379 1901 1408 ἐπὶ

1079 1425 1140 1461 γῆς.
1161 1435 1174 1450 α
1200 1419 1316 1464 ⁷Ἐνοχοι
1332 1426 1398 1458 ἦσαν
1413 1424 1540 1458 δουλείας.
1566 1437 1576 1453 ι
1590 1419 1777 1454 ”Εδεδοίκεσαν
1807 1426 1830 1453 οἱ
1851 1424 1894 1453 ἄν·

1079 1469 1178 1505 θρωποι
1203 1470 1248 1496 τὸν
1278 1469 1398 1507 θάνατον,
1435 1470 1471 1501 ὡς
1514 1469 1605 1510 ἔνοχοι
1631 1472 1704 1501 ὀντες
1731 1473 1783 1504 τῆς
1813 1470 1898 1498 τούτου

218 1520 328 1553 tem,ut
343 1516 392 1556 qui
407 1514 525 1545 obnoxii
541 1517 624 1543 crant
639 1513 772 1544 servituti
786 1513 888 1552 ipsius.
907 1513 1022 1545 Servitu

1106 1511 1207 1544 ὐλείας.
1239 1512 1346 1540 Δουλεία
1382 1511 1409 1540 δὲ
1451 1518 1497 1543 τοῦ
1537 1515 1648 1543 θανάτου
1695 1516 1726 1542 τὸ
1764 1514 1896 1554 ἐνέχεσθαι

219 1565 316 1591 autem
330 1560 432 1590 mortis
448 1563 502 1595 est,
520 1558 646 1588 detineri
657 1567 690 1588 ac
702 1558 866 1597 subjectum
884 1567 949 1588 esse
966 1567 1036 1598 pec-

218 1610 296 1637 cato.
316 1603 468 1636 Fortitudo
481 1603 559 1633 enim
573 1609 601 1632 et
612 1602 732 1632 aculeus
750 1602 854 1632 mortis
870 1607 914 1632 est
929 1612 1035 1641 pecca-

215 1653 366 1682 tum.C.um
384 1651 463 1680 enim
479 1648 613 1678 Christus
637 1656 689 1676 sua
712 1653 807 1676 morte
827 1647 954 1677 abolevit
969 1657 1034 1677 eum

214 1696 266 1734 qui
283 1694 387 1725 mortis
403 1693 494 1724 robur
510 1691 647 1727 habebat,
664 1692 720 1721 hoc
736 1695 791 1730 est,
809 1690 970 1731 diabolum,
987 1693 1034 1721 in-

213 1744 364 1771 ventorem
379 1748 413 1769 ac
428 1741 579 1767 auctorem
607 1735 729 1776 peccati,
754 1735 859 1765 merito
884 1735 1034 1767 imbecille

213 1784 338 1815 ellicitur
354 1787 506 1823 peccatum
527 1791 532 1810 ς
549 1782 618 1810 ὖ52
642 1781 748 1810 merito
766 1779 880 1810 liberati
902 1790 1003 1811 sumus
1018 1791 1034 1811 a

213 1830 337 1860 sevitute
358 1837 414 1868 que
431 1831 492 1857 erat
508 1836 542 1856 ex
563 1824 771 1856 invalescentia
796 1825 909 1864 ipsius:
928 1825 1032 1855 merito

211 1873 297 1904 liberi
310 1872 406 1903 effecti
422 1879 523 1901 sumus
538 1880 554 1899 a
567 1870 674 1900 timore
689 1869 738 1909 qui
754 1878 788 1899 ex
806 1874 900 1900 morte
927 1879 1032 1908 proce-

211 1918 311 1949 debat.
325 1918 419 1956 Atque
432 1916 460 1945 id
475 1915 502 1946 in
522 1914 593 1954 ipsis
609 1923 724 1953 quoque
738 1913 880 1952 operibus
892 1915 1034 1953 contingit

210 1962 394 2002 perspicere.
420 1961 493 1991 Nam
510 1958 559 1998 qui
576 1963 661 1989 antea
674 1962 814 2002 tanquam
830 1958 988 1988 maximum
1005 1963 1032 1989 et

207 2001 378 2037 inevitabile
391 2004 498 2035 malum
513 2002 655 2033 timebunt
668 2011 701 2032 ac
711 2001 879 2032 devilabant
890 2007 1029 2039 mortem,

208 2051 352 2091 adipsam
378 2059 455 2080 nunc
480 2047 641 2087 gaudentrs
665 2046 821 2081 accedunt,
841 2051 978 2086 tanquam
995 2048 1031 2078 ad

209 2096 341 2125 melioris
367 2095 431 2124 vitze
455 2092 649 2124 mutationem
676 2095 705 2122 et
732 2090 895 2127 exordium,
913 2092 1030 2130 quando

207 2149 260 2180 pro
293 2139 409 2170 Christo
435 2137 585 2178 ipsiusque
616 2135 729 2180 legibus
751 2145 768 2165 ει
791 2135 1029 2180 persecutoribus

204 2179 370 2214 inducitur.
388 2185 434 2214 An
452 2192 510 2212 non
537 2190 608 2220 ergo
634 2179 789 2210 manifeste
816 2179 950 2210 liberavit
976 2190 1029 2211 nos

205 2229 338 2259 Salvator
352 2238 369 2259 a
385 2228 492 2258 timore
517 2225 620 2256 mortis
647 2234 681 2255 ac
702 2224 844 2255 servitute
873 2233 938 2263 qua
959 2224 1028 2256 inde

204 2273 406 2313 procedebat?

244 2318 278 2348 ΙΙ.
290 2318 391 2348 16-18.
405 2317 473 2348 Non
486 2317 566 2346 enim
578 2314 711 2346 videlicet
726 2312 849 2352 angelos
864 2313 1029 2353 apprehen-

202 2363 312 2401 dit,se'l
327 2371 428 2393 semen
450 2360 581 2392 Abmhw
596 2358 807 2399 apprehendit.
828 2357 910 2389 Unde
925 2359 1029 2389 debuit

198 2416 254 2447 per
268 2408 369 2438 omnia
387 2406 540 2445 fratribus
554 2405 667 2435 similis
682 2403 780 2438 reddi,
805 2406 835 2433 ut
853 2403 1028 2434 misericors

201 2457 274 2483 esset
287 2452 386 2491 ﬁdelis
401 2450 538 2491 pontifex
558 2451 589 2479 in
620 2449 667 2479 his
683 2457 749 2488 quae
763 2447 802 2478 ad
818 2447 910 2477 Deum
927 2449 1028 2485 [orent

199 2498 332 2537 agenda,
357 2497 397 2527 (id
421 2495 607 2535 expiandum.
630 2497 750 2532 peccata
766 2492 880 2532 populi.
899 2491 977 2522 Nam
992 2501 1030 2522 ex

1079 1557 1122 1584 καὶ
1149 1557 1303 1585 ὑποκεῖσθαι
1332 1560 1366 1596 τῇ
1394 1558 1518 1596 ἁμαρτίᾳ,
1548 1558 1638 1598 ’ἰσχὺς
1667 1559 1717 1598 γὰρ
1767 1559 1813 1587 καὶ
1841 1557 1897 1586 κεν-

1078 1611 1138 1639 τρον
1166 1605 1212 1630 τοῦ
1242 1602 1353 1631 θανάτου
1385 1603 1402 1636 ἡ
1437 1603 1559 1642 ἁμαρτία.
1593 1604 1666 1632 Ἐπεὶ
1702 1603 1746 1632 οὖν
1784 1604 1799 1631 ὸ
1837 1605 1897 1641 Χρι-

1078 1655 1138 1676 στος
1161 1644 1202 1674 διὰ
1217 1647 1338 1683 Θανάτου,
1375 1648 1528 1686 κατήργησε
1557 1648 1602 1675 τὸν
1629 1649 1660 1675 τὸ
1691 1648 1788 1686 κράτος
1825 1647 1896 1686 ’έχον-

1076 1700 1108 1717 τα
1122 1695 1167 1719 τοῦ
1187 1691 1307 1726 θανάτου,
1325 1691 1453 1728 τουτέστι,
1483 1693 1528 1720 τὸν
1557 1691 1690 1730 διάϐολον,
1718 1692 1765 1720 τόν
1796 1691 1895 1730 εὖρετήι

1075 1735 1119 1761 καὶ
1139 1734 1260 1774 ἀρχηγὸν
1282 1737 1330 1769 τῆς
1358 1736 1499 1774 ἁμαρτίας,
1527 1737 1634 1768 εἰκότως
1656 1736 1768 1771 ἀσθενὴς
1799 1737 1897 1775 γίνεταν

1075 1779 1091 1811 ἡ
1108 1779 1247 1818 ἁμαρτίαλ
1288 1780 1396 1811 εἰκότως
1432 1780 1627 1820 ἀπηλλάγημεν
1656 1783 1705 1814 τῆς
1748 1782 1820 1809 κατὰ
1855 1781 1898 1812 τὴν

1075 1822 1240 1862 ἐπικράτειαν
1270 1825 1351 1857 αὐτῆς
1381 1823 1497 1857 δουλείας
1511 1835 1518 1841 ·
1551 1825 1659 1857 εἰκότως
1695 1824 1896 1864 ἠλευθερώμεθα

1074 1871 1120 1896 τοῦ
1135 1869 1201 1895 κατὰ
1215 1869 1260 1895 τὸν
1287 1869 1396 1897 θάνατον
1421 1868 1512 1909 φόϐου.
1547 1871 1595 1898 Καὶ
1624 1870 1678 1898 ἔστι
1713 1874 1795 1898 τοῦτο
1811 1870 1855 1898 καὶ
1876 1868 1898 1896 ἐν

1074 1913 1164 1943 αὐτοῖς
1179 1919 1237 1944 τοῖς
1267 1912 1352 1952 ἔργοις
1381 1915 1471 1954 σαφῶς
1507 1913 1635 1945 κατιδεῖν.
1653 1915 1683 1943 Οἱ
1710 1915 1762 1954 γὰρ
1789 1915 1851 1954 πρὶν
1866 1914 1897 1943 ὡς

1073 1955 1197 1994 μέγιστον
1237 1958 1319 1984 κακὸν
1360 1959 1402 1986 καί
1440 1957 1636 1998 ἀνυπέρϐλητον
1675 1957 1838 1998 φοϐούμενοί
1873 1968 1898 1985 τε

1072 2010 1116 2027 και
1145 2000 1353 2040 ἀποτρεπόμενοι
1380 2003 1425 2029 τὸν
1473 2003 1594 2040 Θάνατον,
1625 2006 1668 2031 νῦν
1696 2004 1733 2034 ὡς
1764 2002 1897 2041 βελτίονος

1072 2045 1128 2083 βιου
1155 2045 1300 2083 μιταϐολὸν
1318 2048 1361 2075 καὶ
1389 2049 1538 2086 προοίμιον,
1563 2049 1701 2088 χαίροντες
1736 2050 1807 2088 πρὸς
1823 2050 1899 2077 αὐτὸν

1073 2093 1216 2131 χωροῦσιν,
1240 2091 1301 2119 ὅταν
1329 2092 1392 2131 ὑπὲρ
1428 2096 1539 2132 Χριστοῦ
1566 2094 1609 2121 καὶ
1635 2097 1688 2121 τῶν
1713 2094 1796 2122 αὑτοῦ
1812 2094 1898 2131 νόμων

1071 2135 1141 2174 παρὰ
1166 2138 1218 2162 τῶν
1247 2134 1394 2164 ὃιωκόθτων
1423 2137 1566 2176 ἐπείγηται,
1598 2135 1663 2177 Ἄρα
1690 2139 1720 2166 οὗ
1741 2141 1896 2178 περιφανῶς

1071 2177 1220 2213 ἀπήλλαξεν
1235 2180 1306 2217 ἡμᾶς
1321 2181 1336 2208 ὁ
1350 2181 1443 2220 Σωτῆρ
1459 2185 1504 2209 τοῦ
1531 2182 1599 2210 κατὰ
1613 2182 1658 2210 τὸν
1673 2183 1788 2211 θάνατον
1804 2177 1896 2222 φόϐου,

1070 2223 1113 2251 καὶ
1128 2225 1178 2257 τῆς
1190 2223 1291 2253 ἐκεῖθεν
1306 2223 1422 2257 ’δουλείας
1439 2235 1447 2265 ς

1113 2321 1127 2341 α
1158 2313 1193 2341 Οὒ
1222 2313 1272 2352 γὰρ
1298 2312 1381 2349 δήπου
1418 2314 1538 2354 ἀγγέλων
1576 2314 1801 2354 ἐπιλαμϐάνεται.
1832 2315 1898 2344 ἀλλά

1070 2356 1220 2396 σπέρματος
1248 2356 1369 2397 Ἀϐραὰμ
1417 2358 1633 2397 ἐπιλαμϐάνεται.
1687 2356 1773 2389 Ὀθεν
1814 2361 1896 2401 ὤφει-

1069 2401 1099 2429 λε
1113 2402 1180 2429 κατὰ
1195 2402 1280 2430 πάντα
1294 2409 1353 2431 τοῖς
1368 2401 1492 2443 ἀδελφοῖς
1507 2404 1681 2442 ὁμοιωθῆναι,
1705 2405 1752 2433 ἵνα
1771 2405 1896 2444 ἐλεήμων

1069 2446 1177 2484 γένηται
1192 2448 1235 2474 καὶ
1249 2448 1341 2479 πιστὸς
1357 2447 1494 2487 ἀρχιερεὺς
1528 2449 1561 2476 τὰ
1596 2450 1660 2488 πρὸς
1686 2450 1731 2477 τὸν
1763 2452 1844 2488 Θεὸν,
1863 2451 1896 2480 είς

1069 2491 1098 2517 τὸ
1127 2489 1276 2518 ἱλάσκεσθαι
1304 2491 1348 2523 τὰς
1374 2492 1501 2531 ἁμαρτίας
1529 2497 1574 2522 τοῦ
1611 2492 1686 2523 λαοῦ,
1716 2493 1764 2522 Ἐν
1796 2497 1820 2532 ᾦ
1848 2495 1896 2534 γὰρ

198 2533 254 2572 hoc
267 2541 347 2581 quod
358 2541 417 2580 ipsi
432 2533 555 2578 contigit
576 2542 722 2568 tentatum
740 2545 814 2573 esse,
837 2540 930 2575 potest
943 2540 971 2567 et
986 2538 1025 2567 iis

1106 2536 1194 2562 πονθεν
1210 2535 1285 2567 αὐτὸς
1295 2537 1452 2574 πειρασθείς,
1470 2535 1575 2565 δύναται
1603 2545 1662 2570 τοῖς
1686 2539 1894 2578 πειραζομένοις

198 2587 251 2625 qui
268 2589 426 2616 tentantur
438 2592 633 2615 succurrere.

240 2643 252 2658 α
272 2630 330 2661 Sed
348 2639 450 2660 semen
468 2628 594 2660 Abrahae
615 2625 822 2666 apprehendit.
841 2637 850 2653 ι
870 2625 943 2656 Cum
958 2625 998 2655 ait
1015 2635 1021 2655 :

196 2674 416 2714 Apprehendit,
433 2673 580 2713 significat
595 2671 674 2712 quod
688 2680 740 2701 ms
750 2670 871 2710 quidem
887 2669 1024 2714 homines

1064 2579 1205 2617 βοηθῆσαι.
1233 2589 1244 2607 (ι

1108 2635 1121 2651 (ί
1139 2623 1222 2653 Ἀλλὰ
1233 2624 1382 2664 σπέρματος
1414 2624 1533 2665 Ἀϐραὰμ
1567 2626 1794 2664 ἐπιλαμϐάνεται.
1822 2640 1835 2657 ο
1862 2630 1896 2658 Τὸ

1065 2667 1292 2713 Ἐπιλαμϐάνεται
1307 2668 1398 2708 δηλοῖ,
1416 2669 1455 2698 ὅτι
1470 2671 1551 2708 ἡμεῖς
1566 2671 1615 2709 μὲν
1644 2673 1721 2701 αὐτὸν
1744 2671 1895 2713 ἐφεύγομεν

194 2712 293 2759 ipsum
314 2712 512 2759 l‘ugiebaiuus,
529 2716 663 2748 Christus
682 2725 752 2746 vero
777 2713 1021 2754 persequebatur,

1106 2712 1244 2753 ἅνθρωποι,
1261 2715 1274 2742 ὃ
1297 2712 1323 2741 δὲ
1353 2715 1462 2754 Χριστὸς
1489 2714 1590 2754 ἐδίωκε,
1620 2718 1665 2745 καί
1685 2715 1795 2745 διώκων
1812 2712 1895 2758 ἔᾳθα-

196 2758 226 2796 et
241 2763 450 2805 persequendo
465 2763 570 2802 attigit,
587 2771 621 2792 ac
648 2761 796 2798 attingens
812 2759 1021 2799 apprehendit.

1120 2758 1162 2785 καὶ
1199 2759 1297 2798 φθάσας
1337 2758 1490 2790 ἐπελάϐετο.

1540 2762 1593 2789 Οὐκ
1634 2760 1756 2800 ἀγγέλων
1789 2763 1894 2803 φύσεως
