1936 3080
203 149 263 182 303
762 147 968 183 (ECUMENII
989 147 1137 180 TRICC/E
1155 147 1323 179 EPISCOPI
1824 145 1878 178 304

203 218 271 255 cem»
278 209 480 255 confessionis
506 213 617 241 nostra:
635 208 787 241 Christum
803 210 927 243 Iesum:
944 222 1010 253 qum

1094 226 1114 248 λς
1149 215 1292 255 ὁμολογίας
1327 217 1403 253 ἡμῶν
1459 215 1560 249 Ἰησοῦν
1610 216 1732 255 Χριστὸν,
1788 214 1878 243 πιστὸν

200 253 298 293 ﬁdelis
309 254 350 284 sit
363 255 391 284 ei
405 253 459 293 qui
467 254 565 293 ipsum
580 254 916 294 fecit,quemadmodum
926 257 1010 289 Mosa.

1094 271 1124 288 τα
1158 263 1197 297 τῷ
1225 253 1364 294 ποιησαντι
1392 260 1469 289 αὑτὸν
1497 261 1534 293 ὡς
1568 261 1612 289 καὶ
1634 253 1740 294 Μωσῆς
1773 259 1801 287 ἒν
1827 258 1878 295 ὅλῳ

199 298 232 328 in
242 301 305 328 tota
312 297 407 344 _d_omo
419 298 612 344 sua.__Tanto
633 306 765 344 namque
785 300 900 339 majore
922 301 1010 341 glori:

1094 308 1101 332 ᾧ
1129 303 1197 341 οἴκῳ
1225 304 1314 334 αὑτοῦ.
1355 304 1477 336 Πλείονος
1513 305 1562 344 γὰρ
1598 303 1676 338 δόξης
1708 304 1781 335 οὗτος
1811 303 1880 342 παρὰ

201 341 464 388 quum_M_oses»hic
478 341 590 388 dignus
600 345 644 373 est
657 342 788 379 habitus,
803 349 917 383 quanto
931 347 1010 384 maio

1094 350 1162 381 ωοῆν
1190 348 1310 388 ἠξίωται,
1339 347 1399 376 καθ’
1429 347 1492 377 ὅσον
1518 341 1627 377 πλείονα
1648 348 1731 386 τιμὴν
1752 347 1810 388 ἔχει
1838 357 1881 375 το.)

199 394 263 417 rem
288 385 380 416 habet
399 386 547 416 honorem
573 386 601 416 is
620 389 675 425 qui
699 389 872 419 construxit
900 389 1010 420 domun

1094 403 1139 420 κου
1161 394 1175 420 ὁ
1189 393 1388 424 κατασκευάσας
1403 392 1494 422 αὖτόν.
1514 404 1526 422 ι

199 439 291 470 quam
306 432 373 470 ipsa
388 431 506 462 domus.

242 474 274 520 Si
295 474 385 520 igitur
409 474 569 520 participes
595 484 629 505 ac
653 476 727 506 socii
762 477 832 508 estis
861 478 1010 509 vocationit

1104 481 1133 508 Εἰ
1148 480 1192 508 οὗν
1218 481 1330 520 μέτοχοι
1366 481 1410 509 καὶ
1437 482 1558 510 κοινωνοί
1593 480 1651 509 ἐστε
1685 483 1735 514 τῆς
1763 479 1880 515 κλήσεως

200 519 341 557 οωιεειὶε,
365 527 430 559 quae
452 518 494 549 ibi
515 523 582 564 sunt
607 521 747 559 quazrite.
774 521 911 562 nullaque
940 523 1010 554 vobi:

1094 536 1112 557 Ις
1127 518 1347 564 ἐπουρανίουξτὰ
1378 525 1436 553 ἐκεῖ
1469 529 1587 562 ζητεῖτε,
1622 526 1666 553 καὶ
1693 528 1746 553 τῶν
1775 524 1881 552 ἐνταῦθα

198 564 273 608 ratio
285 563 324 594 sit
333 572 434 608 eorum
451 572 516 603 quae
537 563 583 594 hic
596 568 673 594 sunt.
691 577 704 591 ει
719 564 893 605 Apostolum
905 571 933 598 et
945 577 1010 607 pon-

1094 579 1141 607 γος
1162 563 1226 606 ὑμῖν
1248 569 1315 597 ἔστω
1337 568 1439 607 μηδείς.
1468 580 1480 597 ι
1499 571 1550 598 Τὸν
1565 569 1713 598 ἀπόστολον
1727 570 1771 597 καὶ
1786 569 1880 608 ἀρχιε-

199 607 321 638 titicem.
341 618 354 637 ι
371 607 425 638 Ubi
436 607 473 637 ad
488 607 738 647 dispensationem
757 611 900 649 pervenit,
923 612 1010 642 omni:

1094 624 1119 642 α.
1141 624 1152 640 I
1185 608 1283 641 Ἐλθὼν
1309 615 1344 645 εἰς
1379 614 1429 647 τὴν
1464 614 1623 652 οἰκονομίαν,
1661 613 1764 642 ἅπαντα
1791 613 1881 641 λοιπὸν

198 652 342 698 deinceps
365 651 490 698 humilia
505 652 652 698 intrepide
669 653 826 693 eloquitur.
849 654 1010 694 Apostolun

1095 657 1144 688 εῶς
1181 657 1214 684 τὰ
1237 658 1348 685 ταπεινὰ
1396 658 1547 698 φθέγγεται.
1585 657 1747 686 Ἀπόστολον
1769 656 1797 685 δὲ
1839 656 1882 684 αὖ-

198 701 296 728 autem
311 696 373 727 sive
389 696 517 741 legatum
530 696 725 741 dicit_ipsum.
742 698 812 737 quia
823 699 930 730 missus
946 703 992 730 est
1005 709 1010 729 :

1094 712 1106 728 ν
1137 712 1214 740 φησι,
1243 701 1307 729 διότι
1336 701 1498 730 ἀπέσταλται
1543 702 1614 741 παρὰ
1641 705 1687 730 τοῦ
1711 702 1813 741 Πατρὸς
1848 702 1881 732 ὡς

199 741 286 772 Patre
306 744 445 780 tanquam
469 740 570 778 homo,
597 739 799 772 Confessionis
829 752 908 779 vero,
940 743 1007 774 ﬁdei

1095 739 1208 783 θρωπος.
1241 741 1398 785 Ὀμολογίας
1439 745 1477 782 δὲ,
1506 749 1554 779 τῆς
1583 739 1712 778 πίστεως,
1753 739 1773 774 1-
1788 746 1881 773 uta-:5»

198 795 214 816 ‹
231 785 314 822 Quod
325 785 422 816 fidelis
433 785 481 830 sit.
494 797 506 814 ι)
521 785 637 820 Fidem,
655 786 762 826 inquit,
781 787 910 817 servavit
926 787 1010 819 bene-

1094 800 1135 818 τα.
1155 800 1169 816 ι
1187 790 1325 826 Εὖνοϊκὸν,
1351 791 1425 830 φησὶ,
1448 791 1535 818 πίστιν
1560 791 1724 829 τετηρηκότα
1736 793 1774 826 τῷ
1790 790 1878 828 Πιτρῖ,

197 829 363 870 placentem
372 829 606 869 Patri,idemque
613 839 678 860 cum
690 840 723 860 eo
732 831 824 861 sensit
831 831 868 861 de
876 832 1010 862 servandi

1094 834 1105 860 ιὶ
1120 834 1150 861 τὸ
1164 835 1227 862 αὐτὸ
1241 837 1368 873 φρονοῦτα
1384 835 1455 872 αὖτῷ
1483 836 1540 871 περὶ
1568 836 1599 862 τὸ
1633 835 1724 870 σώζειν
1746 836 1791 862 τὸν
1806 834 1878 864 λαόν,

198 875 317 915 populo.
337 874 382 914 Ei,
401 874 509 914 inquit,
535 876 584 914 qui
602 875 700 914 ipsum
722 875 790 906 fecit
804 877 972 915 apostolum
987 886 1010 908 at

1094 881 1105 914 ᾖ
1129 878 1269 912 ποιήσαντι
1305 878 1394 914 αὺτὸν,
1417 879 1508 918 φησὶν,
1532 878 1680 906 ἀπόστολον
1714 879 1758 906 καὶ
1792 878 1880 918 ἀρχιε-

198 920 381 960 pontiﬁcem,
398 919 454 950 hoc
471 922 527 955 est.
541 919 617 949 Patri
633 928 699 949 suo.
716 919 795 950 Nihil
811 925 909 951 autem
921 922 1010 952 admi-

1094 933 1118 958 α,
1148 922 1278 962 τουτέστι,
1307 925 1346 959 τῷ
1379 923 1458 962 Πατρὶ
1487 924 1575 954 αὐτοῦ,
1612 922 1691 952 Οὐδὲν
1720 921 1747 950 δὲ
1774 922 1878 950 ἐνταῦθα

197 963 323 994 randum
338 962 363 993 si
379 962 420 992 ita
433 962 600 1002 loquantur,
617 963 691 993 facta
706 964 766 1003 jam
786 964 879 994 semel
896 965 1009 1004 dispen-

1094 967 1208 1003 υμαστὸν
1236 968 1257 994 εἱ
1278 966 1347 995 οὕτω
1370 966 1453 1006 λέγει,
1480 967 1549 999 ἅπαξ
1577 969 1626 1001 τῆς
1653 968 1803 1004 οἰκονομίας
1819 967 1878 994 ἐπι-

197 1007 320 1038 sationis
344 1007 504 1038 mentione.
525 1018 536 1034 ιι
554 1007 590 1037 Ει
611 1008 662 1047 qui
690 1008 786 1048 ipsum
813 1009 883 1039 fecit
914 1022 924 1037 ι)
944 1009 1010 1045 Quit

1095 1009 1217 1047 ϐομενος.
1243 1023 1257 1038 α
1274 1015 1317 1048 Τῷ
1339 1013 1480 1046 ποιήσαντι
1502 1011 1591 1040 αὐτόν.
1610 1023 1622 1040 ι
1661 1012 1691 1040 Τί
1719 1012 1876 1049 ποιήσαντι;

197 1052 290 1084 fecit?
302 1051 474 1091 Apostoluln
492 1061 526 1082 ac
542 1053 723 1091 pontificem.
742 1052 804 1083 Hoc
821 1053 886 1084 loco
912 1063 969 1084 non
983 1055 1010 1084 dt

1094 1054 1206 1083 τόστολον
1235 1056 1278 1083 καὶ
1306 1055 1442 1095 ἀρχιερέα.
1473 1055 1598 1084 Ἐνταῡθσ
1646 1056 1676 1084 οὗ
1704 1056 1763 1094 περὶ
1794 1055 1877 1086 ὠσίας

197 1097 359 1127 substantia
383 1096 515 1136 loquitur
536 1105 632 1134 neque
661 1096 699 1126 de
727 1097 894 1132 divinitate.
914 1098 966 1128 sed
982 1099 1010 1130 dt

1094 1099 1149 1138 ,aiv,
1183 1098 1240 1127 οὐδὲ
1274 1100 1332 1137 περὶ
1360 1100 1496 1136 θεότητος,
1527 1099 1595 1127 ἀλλὰ
1621 1100 1680 1138 περὶ
1724 1099 1877 1136 ἀξιωμάτων

196 1141 386 1181 dignitatibus
402 1141 553 1171 humanis.
574 1153 587 1168 ι
605 1140 860 1177 Quemadmodum
878 1145 974 1174 Moses
989 1143 1010 1173 ii

1094 1144 1237 1182 θρωπίνων.
1262 1153 1278 1173 (
1296 1139 1341 1175 Ὠς
1357 1145 1399 1172 καὶ
1416 1145 1512 1177 Μωσῆς
1542 1143 1569 1171 ἐν
1590 1143 1645 1181 ὅλῳ
1678 1147 1717 1180 τῷ
1744 1143 1815 1179 οἴκῳ
1829 1143 1875 1171 αὒ-

195 1189 257 1218 tota
279 1185 368 1216 domo
394 1193 456 1216 sua.
477 1197 490 1213 »
511 1185 654 1216 Futurum
678 1189 722 1216 est
747 1190 778 1216 ut
806 1187 835 1217 in
861 1196 1010 1227 progreSSi

1094 1191 1115 1218 3,
1140 1199 1154 1215 ι
1178 1187 1274 1215 Μέλλει
1289 1188 1391 1227 προϊὼν
1405 1188 1450 1215 τὸν
1465 1188 1533 1216 κατὰ
1561 1188 1643 1227 σάρκα
1670 1188 1794 1226 Χριστὸν,
1812 1198 1875 1226 προ-

196 1234 346 1271 ρνωροοειι
368 1229 516 1260 Christum
537 1229 628 1260 Mosi:
647 1238 750 1260 verum
766 1231 907 1270 quoniam
934 1232 965 1262 hi
981 1233 1010 1262 ac‘

1094 1231 1154 1259 lévat
1176 1231 1320 1268 Μωϋσέως,
1335 1231 1394 1260 ἀλλ’
1418 1231 1508 1265 ἐπειδὴ
1525 1232 1547 1259 εί
1561 1233 1605 1259 καὶ
1619 1233 1706 1260 πιστοὶ
1725 1231 1795 1265 ἦσαν
1810 1233 1874 1259 οὗτοι

196 1284 270 1315 quos
285 1278 330 1306 est
341 1283 452 1314 sermo,
469 1273 524 1304 etsi
548 1273 652 1304 ﬁdeles
675 1278 769 1311 erant,
797 1275 956 1315 plurimum
970 1280 1010 1307 ta-

1095 1276 1124 1307 ὸς
1141 1275 1185 1307 οὕς
1206 1276 1219 1303 ὁ
1230 1275 1320 1314 λόγος,
1337 1275 1455 1314 μεγάλας
1471 1275 1509 1304 ἔτι
1524 1274 1598 1308 δοξας
1614 1275 1695 1315 εἶχον
1709 1276 1770 1314 περὶ
1782 1275 1875 1303 Μωσέ-

197 1328 266 1350 men
282 1323 312 1349 et
324 1318 424 1358 gloria:
436 1322 464 1349 et
479 1318 601 1348 honoris
616 1318 713 1349 adhuc
735 1319 807 1350 Mosi
832 1319 1010 1351 deferebant.

1098 1343 1106 1356 ,
1122 1319 1168 1347 ἵνα
1189 1319 1228 1357 μὴ
1244 1320 1337 1351 εὐθέως
1351 1319 1534 1360 ἀποφραξωσιν
1569 1320 1654 1347 αὐτῶν
1680 1320 1713 1347 τὰ
1741 1320 1810 1357 ὦτα,
1832 1320 1875 1347 ob:

194 1372 233 1394 ne
258 1363 393 1403 protinus
417 1371 485 1393 suas
509 1362 683 1393 obturarent
707 1372 803 1400 aures,
832 1373 890 1394 non
919 1365 1010 1395 statin

1094 1364 1151 1395 ia'm:
1193 1364 1329 1404 προτίθησι
1355 1364 1469 1395 Μωσέως
1496 1365 1541 1392 τὸν
1564 1364 1685 1403 Χριστὸν,
1716 1363 1786 1392 ἀλλὰ
1813 1364 1874 1394 τέως

196 1407 342 1448 praeponit
349 1407 499 1438 Christum
514 1407 656 1444 Mosi,sed
668 1407 786 1438 interim
794 1412 900 1449 aequat,
909 1409 1010 1440 deinde

1096 1414 1153 1444 col,
1169 1408 1231 1436 εἶτα
1259 1409 1360 1448 προϊὼν
1389 1409 1552 1447 προτίθησιν.
1575 1408 1658 1436 Οἶκον
1685 1407 1712 1435 δὲ
1738 1410 1818 1438 αὑτοῦ
1832 1408 1873 1435 τὸν

196 1451 227 1481 in
243 1460 402 1491 progressu
419 1450 573 1490 praeponit.
584 1450 672 1481 Suam
687 1455 784 1481 autem
801 1452 921 1483 domum
932 1463 1010 1484 voca-

1094 1453 1122 1480 ὸν
1143 1451 1277 1482 ἐκάλεσεν.
1300 1453 1385 1480 Αὐτοῦ
1406 1451 1433 1480 δὲ
1453 1453 1500 1480 τὸν
1526 1451 1589 1480 λαὸν
1604 1452 1666 1480 εἶπε
1681 1457 1727 1481 τοῦ
1748 1452 1872 1488 Μωσέως,

195 1495 389 1542 yitpopulqm
403 1503 409 1525 :
425 1504 513 1535 porro
529 1495 756 1542 populumidixit
767 1496 864 1542 Mosis,
877 1498 1010 1537 quoniam

1094 1497 1123 1524 in
1138 1497 1280 1542 προσ-τήκει
1304 1498 1399 1527 αὐτῶν.
1430 1497 1478 1525 Καὶ
1505 1497 1555 1535 γὰρ
1576 1497 1590 1524 ὁ
1618 1496 1695 1542 Θεός.
1713 1507 1780 1536 φησι
1813 1497 1873 1535 πρὸς

194 1539 267 1581 ipsis
282 1539 437 1580 pmfectus
453 1543 525 1570 erat.
539 1539 611 1570 Nam
628 1544 656 1570 et
671 1541 751 1571 Deus
770 1541 845 1571 dixit
859 1542 895 1572 ad
921 1551 988 1573 eum
1007 1551 1014 1574 2

199 1597 208 1612 ι
223 1583 358 1616 Peccavit
369 1583 495 1624 populus
507 1587 574 1614 tuus
585 1583 627 1615 90.
643 1584 978 1620 »——«Quemadmodum
989 1590 1018 1617 et

197 1631 306 1667 Moses,
323 1641 336 1656 ››
356 1628 464 1668 inquit.
487 1629 608 1659 Frustra
631 1629 720 1666 igitur
740 1639 785 1660 me
801 1630 1019 1661 calumniantur

196 1675 276 1714 apud
292 1682 355 1710 vos,
368 1672 418 1712 qui
434 1681 482 1703 me
490 1672 594 1703 dicunt
606 1672 824 1704 defunctionem
841 1683 857 1704 a
872 1676 953 1706 Mose
962 1674 1016 1705 do-

195 1727 275 1755 cere,
288 1722 317 1748 et
331 1726 401 1756 erga
418 1717 515 1756 ipsum
532 1717 653 1748 inimico
669 1717 809 1748 affectum
826 1727 891 1749 esse
903 1719 1014 1750 animo.

197 1763 260 1794 Hoc
287 1765 386 1793 autem
411 1761 487 1792 clam
513 1765 542 1791 et
562 1771 621 1791 non
642 1770 677 1792 ex
702 1762 852 1801 proposito
878 1772 1016 1794 sermone

192 1806 308 1838 inducit
321 1810 353 1837 ut
367 1805 459 1845 magis
476 1806 670 1845 persuadeat:
685 1815 753 1836 nam
770 1806 847 1846 quod
865 1807 901 1837 ad
915 1807 1016 1838 defen-

193 1852 308 1882 sionem
333 1854 466 1891 paratum
492 1855 547 1889 est,
565 1850 727 1890 suspicioni
753 1851 845 1890 magis
869 1851 1014 1891 subjacet.

197 1907 209 1924 ο
227 1895 331 1935 Majori
350 1894 444 1933 gloria
462 1894 510 1924 hic
526 1894 643 1933 dignus.
664 1905 675 1922 ι)
692 1894 763 1924 Cum
780 1895 901 1925 dixisset
915 1905 1015 1936 aequa-

192 1940 304 1971 litatem
325 1938 435 1969 Christi
457 1938 492 1969 ad
516 1939 640 1975 Mosem,
671 1947 750 1968 nunc
778 1939 917 1978 paulatim
943 1940 1014 1970 dixit

192 1983 413 2015 excellentiam.
444 1995 457 2010 «
482 1981 590 2020 Majore
614 1982 674 2013 hic.
698 1995 711 2009 »
741 1982 834 2018 Quis?
856 1983 910 2019 Qui
932 1984 1017 2023 juxta

191 2038 311 2060 carnem
324 2027 497 2066 intelligitur
513 2026 657 2058 Christus.
679 2027 807 2066 «Majore
820 2028 913 2066 gloria
928 2038 1015 2067 quam

1059 1541 1147 1578 αὐτὸν,
1158 1536 1205 1569 «”Ο
1217 1540 1280 1572 λαός
1293 1551 1339 1568 σου
1354 1539 1480 1578 ἥμαρτεν.
1496 1551 1508 1568 ι
1520 1539 1660 1580 -[ΦΩΤ,]
1670 1536 1733 1573 αὩς
1743 1542 1788 1569 καὶ
1800 1544 1874 1568 Muli-

1058 1588 1108 1618 σῆς
1121 1595 1129 1602 ο
1148 1596 1161 1612 »
1179 1585 1246 1613 ὥστε
1275 1585 1361 1618 μάτην
1382 1583 1601 1624 διαλοιδοροῦνταί
1621 1595 1666 1621 μοι
1686 1586 1752 1624 πρὸς
1771 1586 1839 1619 ὑμᾶς
1854 1586 1874 1612 οἱ

1058 1630 1218 1658 ἀποστασίαν
1240 1639 1273 1668 με
1287 1628 1409 1668 λέγοντες
1439 1629 1491 1656 ἀπὸ
1527 1628 1642 1661 Μωσέως
1669 1628 1812 1666 διδάσκειν,
1835 1630 1874 1657 καὶ

1059 1675 1123 1713 πρὸς
1135 1674 1212 1702 αὗτὸν
1246 1673 1379 1711 δυσμενῶς
1395 1672 1552 1704 διακεῖσθαι.
1581 1672 1736 1706 Λεληθότως
1759 1673 1787 1702 δὲ
1815 1676 1874 1702 τοῦ-

1057 1729 1087 1746 το
1114 1719 1157 1747 καὶ
1192 1719 1221 1746 οὖ
1254 1718 1322 1747 κατὰ
1355 1717 1552 1756 προηγούμενον
1580 1717 1658 1756 λόγον
1690 1718 1802 1757 εἰσάγει,
1831 1718 1873 1745 ἵνα

1059 1762 1158 1794 μᾶλλον
1172 1763 1260 1801 πείσῃ.
1284 1763 1320 1791 Τὸ
1349 1763 1399 1801 γὰρ
1427 1763 1464 1793 είς
1492 1760 1637 1800 ἀπολογίαν
1663 1762 1875 1801 παρεσκευασμέ-

1055 1819 1098 1836 νον
1115 1807 1215 1844 μᾶλλον
1243 1806 1372 1836 ὕποπτον.
1392 1817 1405 1833 ι
1424 1805 1546 1838 Πλείονος
1568 1806 1618 1845 γὰρ
1645 1804 1724 1840 δόξης
1755 1808 1840 1839 οὗτος.
1860 1818 1872 1833 ι

1057 1852 1144 1880 Εἰπὼν
1166 1851 1213 1884 τὴν
1248 1852 1314 1890 πρὸς
1344 1852 1442 1884 Μωσῆν
1472 1850 1580 1884 ἰσότητα
1612 1853 1655 1878 τοῦ
1684 1852 1809 1890 Χριστοῦ,
1832 1854 1873 1879 νῦν

1056 1896 1142 1936 ἡρέμα
1156 1896 1204 1929 τὴν
1219 1896 1355 1935 ὑπεροχὴν
1376 1894 1458 1935 λέγει,
1479 1906 1492 1922 ιι
1510 1894 1631 1926 Πλείονος
1667 1896 1754 1926 οὗτος.
1773 1905 1787 1925 )
1812 1896 1872 1934 Τίς,

1057 1941 1070 1968 ὁ
1098 1941 1166 1968 κατὰ
1194 1940 1276 1979 σάρκα
1311 1940 1448 1977 νοούμενος
1472 1939 1595 1978 Χριστός.
1627 1950 1641 1966 ε
1673 1940 1744 1978 Παρὰ
1778 1941 1874 1972 Μωσῆν

1057 1984 1133 2018 δόξης
1154 1984 1273 2021 ἠξίωται,
1290 1984 1349 2012 καθ’
1376 1983 1448 2020 ὅσον,
1478 1984 1553 2024 φησὶ,
1583 1982 1690 2011 πλείονα
1718 1985 1801 2021 τιμὴν
1817 1983 1872 2023 ἔχει

1056 2032 1102 2057 τοῦ
1116 2028 1203 2068 οἴκου,
1220 2030 1234 2056 ὁ
1249 2028 1445 2060 κατασκευάσας
1468 2028 1556 2057 αὐτόν,
1583 2039 1595 2056 ι
1624 2029 1675 2056 Νῦν
1696 2027 1745 2061 τὴν
1763 2028 1874 2061 ὑστάτην

193 2073 288 2103 Moses
317 2071 366 2102 hic
389 2071 496 2110 dignus
516 2075 561 2101 est
588 2070 717 2108 habitus,
734 2075 843 2110 quanto
871 2072 1010 2111 majorem

1094 2074 1202 2113 εροχὴν,
1218 2074 1262 2101 καὶ
1290 2073 1340 2106 ὅση
1363 2076 1427 2100 Θεοῦ
1461 2073 1526 2111 πρὸς
1548 2071 1683 2110 ἄνθρωπον
1718 2071 1806 2112 λέγει,
1831 2071 1872 2100 καί

190 2117 279 2148 habet
305 2116 448 2146 honorem
477 2115 503 2145 is
544 2116 593 2154 qui
619 2116 781 2146 construxit
796 2115 915 2146 domum
928 2126 1010 2156 quam

1095 2129 1120 2145 σι
1137 2126 1144 2133 ⁸
1167 2118 1260 2149 Πιστὸς
1277 2117 1324 2154 μὲν
1344 2117 1376 2150 ἧν
1392 2119 1491 2150 Μωσῆς
1513 2116 1577 2155 ὑπὲρ
1602 2116 1688 2144 πάντα
1715 2117 1762 2144 τὸν
1787 2117 1870 2152 οἶκον,

191 2161 256 2201 ipsa
270 2161 388 2191 domus.
407 2172 420 2188 ι
438 2159 605 2190 Extremam
621 2168 699 2190 nunc
719 2159 801 2199 ponit
817 2161 1010 2199 prseeminen-

1094 2163 1184 2197 ντέστι,
1201 2163 1246 2190 τὸν
1278 2161 1352 2191 λαόν.
1385 2160 1458 2194 Πλὴν
1482 2161 1525 2189 καὶ
1550 2161 1628 2192 αὐτὸς
1649 2165 1694 2189 τοῦ
1729 2161 1807 2190 οἴκου
1826 2161 1872 2197 ἧν,

192 2196 262 2236 tiam
273 2204 344 2235 τ)δὸ
358 2209 525 2245 quantaque
540 2208 588 2234 est
602 2203 654 2234 Dei
672 2204 707 2234 ad
719 2196 886 2241 hominem,
905 2210 934 2236 et
948 2207 988 2235 ait
1004 2229 1010 2235 .

1094 2210 1099 2235 ί
1113 2211 1158 2235 τοῦ
1172 2206 1237 2234 λαοῦ
1251 2208 1303 2238 εἷς,
1328 2209 1456 2235 Τοσοῦτον
1485 2205 1530 2233 οὖν
1551 2204 1671 2237 πλείονος
1706 2204 1785 2239 δόξης
1799 2207 1813 2234 ὁ
1825 2196 1872 2233 me

190 2250 302 2281 Fidelis
325 2250 444 2290 quidem
469 2253 533 2279 erat
555 2249 652 2279 Moses
667 2257 758 2288 super
772 2252 862 2278 totam
879 2248 1010 2286 domum,

1102 2251 1185 2290 σάρκα
1206 2251 1318 2290 Χριστὸς
1333 2250 1404 2289 παρά
1427 2251 1526 2282 Μωσῆν
1540 2248 1674 2287 hilarum”
1703 2249 1765 2279 ὅσον
1794 2251 1869 2288 εἰκὸς,

189 2295 219 2326 id
235 2299 289 2330 est,
306 2294 458 2334 populum,
474 2293 538 2333 ipse
554 2297 653 2323 tamen
679 2292 767 2322 etiam
792 2302 826 2323 ex
849 2293 937 2324 domo
953 2298 1010 2324 erat

1095 2296 1131 2333 σὶ,
1160 2296 1205 2323 τὸν
1240 2294 1398 2334 δημιουργὸν
1428 2297 1473 2321 τοῦ
1511 2292 1758 2333 δημιουργήματος,
1790 2290 1870 2323 Ὀσον

188 2344 216 2370 et
243 2348 319 2370 unus
344 2348 360 2369 e
386 2337 506 2378 populo.
538 2336 632 2367 Tanto
659 2336 751 2375 igitur
775 2337 910 2368 Christus
928 2338 1010 2378 juxta

1094 2351 1114 2379 ρ,
1133 2340 1196 2379 φησὶ
1211 2338 1318 2367 πλείονα
1333 2338 1414 2376 τιμὴν
1429 2337 1487 2377 ἔχει
1514 2342 1560 2367 τοῦ
1587 2338 1664 2366 οἴκου
1679 2339 1693 2366 ὁ
1706 2338 1870 2367 κατασκευά-

189 2393 309 2415 caruem
341 2383 452 2423 majore
480 2381 573 2421 gloria
599 2381 706 2420 dignus
722 2385 767 2412 est
792 2381 909 2412 habitus
924 2392 1010 2422 quam

1094 2395 1102 2416 :
1118 2383 1206 2414 αὐτόν.
1223 2383 1307 2411 Οἶκον
1319 2383 1369 2421 γὰρ
1384 2382 1503 2418 ἐνταῦθα,
1533 2383 1577 2410 τὸν
1601 2381 1665 2410 λαὸν
1693 2383 1740 2410 σὺν
1755 2386 1794 2421 τῷ
1808 2385 1870 2410 Μω-

189 2430 297 2466 Moses,
313 2432 435 2468 quanto,
451 2426 558 2466 inquit.
576 2430 744 2465 zequumest
756 2426 925 2457 Creatorem
933 2437 1010 2466 pras-

1094 2435 1097 2456 ῑ
1114 2427 1198 2467 λέγει,
1214 2426 1306 2460 ἐπειδὴ
1320 2427 1365 2454 καὶ
1380 2428 1492 2465 Μωσῆς,
1512 2426 1555 2457 εἷς
1582 2425 1616 2459 ἦν
1629 2430 1676 2456 τοῦ
1691 2425 1757 2455 λαοῦ
1774 2435 1781 2442 ·
1797 2437 1870 2458 ποιη-

188 2474 298 2505 cellere
327 2476 487 2503 creatum:
505 2480 585 2506 nam,
603 2475 713 2510 quanto
731 2471 888 2510 maiorem,
904 2472 1010 2512 inquit,

1094 2484 1101 2506 ;
1122 2472 1149 2500 δὲ
1163 2475 1209 2500 τοῦ
1220 2471 1297 2500 οἴκου
1311 2472 1325 2499 ὁ
1340 2470 1463 2510 Χριστός.

186 2518 276 2549 habet
291 2518 435 2549 honorem
452 2516 477 2546 is
493 2515 543 2556 qui
559 2515 680 2545 domum
695 2515 871 2552 construxit,
902 2526 988 2556 quam
1003 2517 1068 2556 ipsa
1092 2517 1210 2548 domus.
1240 2514 1394 2555 Siquidem
1422 2514 1543 2545 domum
1571 2514 1628 2545 hoc
1653 2515 1718 2546 loco
1733 2514 1869 2556 populum

183 2562 323 2602 appellat,
340 2560 391 2601 qui
406 2569 473 2590 cum
490 2560 569 2590 Mose
585 2563 667 2590 erat:
686 2560 926 2600 quandoquidem
942 2565 971 2592 et
987 2563 1080 2593 Moses
1096 2570 1174 2593 unus
1188 2564 1250 2591 erat
1278 2568 1295 2590 e
1323 2558 1452 2600 populo:
1482 2562 1648 2590 exstructor
1674 2569 1743 2591 vero
1768 2561 1871 2591 domus

186 2611 249 2638 erat
264 2607 409 2638 Christus.

223 2651 273 2688 Ill,
283 2651 353 2683 4-6.
365 2651 473 2680 Omnis
484 2649 565 2679 enim
579 2647 686 2679 domus
700 2650 896 2680 constituitur
903 2649 940 2681 ab
952 2650 1010 2681 uli-

183 2697 356 2736 quo.Porro
371 2695 424 2735 qui
434 2693 568 2724 condidit
582 2693 696 2732 omnia,
710 2693 790 2724 Deus
807 2698 850 2725 est
865 2694 906 2725 Et
917 2696 1009 2726 Moses

1114 2696 1145 2724 τὰ
1194 2695 1279 2723 πάντα
1317 2693 1515 2723 κατασκευάσας
1564 2692 1641 2725 sedc.

1094 2662 1106 2679 ε
1137 2654 1191 2682 Πᾶς
1219 2650 1268 2689 γὰρ
1295 2648 1372 2680 οἶκος
1399 2648 1619 2684 κατασκευάζεται
1657 2649 1707 2677 ὑπό
1735 2659 1816 2680 τινος,
1843 2642 1868 2675 Ὀ

1690 2694 1738 2722 Καὶ
1775 2693 1867 2724 Μωσῆς

222 2781 254 2807 ³ο
269 2780 364 2813 Exod.
382 2788 466 2815 xxiii,
485 2779 511 2809 7.
