1936 3080
188 87 246 123 295

184 203 334 241 adductis,
351 206 505 235 auctorem
515 203 624 234 salutis
634 202 754 233 illorum
767 211 823 242 per
834 202 1013 241 a/ﬂictiones

181 248 349 288 perfectum
364 248 515 279 redderet.

225 292 400 329 Paululum,
414 292 451 322 ob
468 292 498 322 id
511 291 584 322 dicit
597 291 674 331 quod
695 290 790 321 tribus
805 290 909 321 diebus
921 289 1011 321 fuerit

184 337 262 377 apud
277 336 400 368 inferos.
421 347 432 364 α
453 337 576 376 Propter
605 335 767 366 cruciatum
785 335 899 367 mortis.
917 347 931 363 ι)
955 334 1008 364 Di—

184 380 304 412 cendo:
336 380 505 411 Cruciatum
538 378 654 416 mortis,
684 388 782 410 veram
813 378 1010 409 manifestavit

185 429 322 455 mortem.
343 435 354 452 α
369 423 469 455 Gloria
484 428 513 454 et
527 423 640 454 honore
649 427 834 455 coronatum.
850 436 862 451 ιο
879 423 1007 455 Gloriam

184 472 214 499 et
229 468 373 498 honorem
404 472 490 498 vocat
518 476 652 499 crucem.
678 468 782 508 Neque
799 467 878 498 enim
894 471 1007 498 tantum

183 511 243 542 Deo
262 511 384 550 dignum
402 514 463 541 erat
474 514 594 551 tamque
606 511 767 550 gloriosum
781 511 886 543 fecisse
901 510 1008 542 caelum

184 560 213 587 et
229 559 337 586 terram
355 564 390 586 ac
405 556 558 587 hominem
575 565 779 596 supernasque
787 556 920 591 virtutes.
933 556 1010 586 sicut

184 601 264 640 quod
281 604 403 640 propter
432 609 485 630 nos
513 600 652 640 dignatus
675 601 762 632 fuerit
785 599 930 640 cruciﬁgi.
947 599 1009 630 Hoc

183 648 282 675 autem
295 643 368 674 dicit
378 643 469 675 etiam
494 646 574 684 ipsos
596 645 765 683 consolans,
780 654 814 675 ac
829 645 854 675 si
871 644 984 675 diceret
1000 657 1007 678 ε

184 688 215 720 Si
227 688 361 721 Christus
373 689 424 719 illa
431 693 553 729 propter
565 698 614 719 vos
627 690 777 727 sustinuit,
787 689 856 729 quid
867 689 973 720 mirum
984 688 1011 719 si

744 87 950 122 (ECUMENII
972 83 1120 120 TRICCIE
1140 85 1308 118 EPISCOPI

184 167 240 198 per
254 167 341 198 quem
353 161 425 190 sunt
439 158 555 198 omnia,
571 161 604 189 ut
618 157 722 189 multis
729 157 808 197 ﬁliis
833 157 866 188 in
876 156 1010 196 gloriam

1092 153 1113 186 ὣς
1154 154 1224 186 υἱοὺς
1266 153 1302 185 είς

1815 82 1878 116 296

1355 151 1431 186 δόξαν
1478 152 1624 192 ἅγαγᾶντα,
1666 152 1711 181 τὸν
1752 151 1877 191 ἀρχηγὸν

1053 200 1102 232 τῆς
1153 199 1285 237 σωτῆρίας
1335 199 1431 235 αὐτῶν,
1480 196 1521 225 διὰ
1570 197 1735 236 παθημάτων
1785 195 1874 224 τελει-

1052 254 1118 271 ωσαι
1123 267 1129 274 .
1159 254 1170 271 ι

1092 288 1159 327 Βαρὺ
1174 286 1202 315 δέ
1222 298 1300 327 φησι,
1328 285 1370 314 διὰ
1388 287 1428 324 τὸ,
1458 286 1532 326 τρεῖς
1559 285 1661 325 ἡμέρας
1696 285 1723 314 ἒν
1743 288 1783 322 τῷ
1809 283 1875 321 iam,

1050 331 1178 369 γενέσθαι.
1205 343 1218 358 Ι
1237 331 1286 359 Δὶἀ
1313 331 1344 358 τὸ
1364 330 1476 367 πάθημα
1504 333 1548 358 τοῦ
1568 330 1690 359 θανάτου.
1715 341 1730 358 ι
1761 329 1877 364 Πάθημα

1050 378 1160 406 θανάτου
1181 378 1273 417 εἰπὼν,
1296 377 1343 405 τὸν
1367 375 1454 410 ἀληθῆ
1481 375 1590 416 ἐνέφηνε
1619 376 1742 406 θάνατον.
1769 386 1780 403 ε
1807 373 1877 410 Δόξᾳ

1050 423 1093 450 καὶ
1118 424 1184 459 τιμῆ
1219 420 1447 461 ἐστεφανωμένον.
1479 432 1492 449 ι
1525 420 1608 453 Δόξαν
1635 421 1679 448 καὶ
1707 419 1801 459 τιμὴν,
1829 419 1877 446 τὸν

1050 467 1160 506 σταυρὸν
1187 466 1277 495 καλεῖ.
1300 466 1336 495 Οὔ
1356 467 1406 505 γὰρ
1440 465 1522 497 οὕτως
1551 465 1621 498 ἄξιον
1651 468 1698 493 τοῦ
1734 467 1799 492 Θεοῦ
1828 463 1875 491 καὶ

1049 509 1213 550 ῦπερένδοξον
1228 512 1259 538 τὸ
1286 513 1396 544 ποιῆσαι
1425 509 1533 549 οὐρανὸν
1553 510 1598 537 καὶ
1626 511 1677 548 γῆν
1698 509 1742 537 καὶ
1769 507 1874 547 aiatth-

1049 566 1100 583 πον
1119 555 1163 583 καὶ
1191 555 1238 586 τὰς
1265 554 1319 582 ἄνω
1344 554 1476 592 δυνάμεις,
1519 555 1556 585 ὡς
1595 555 1625 582 τὸ
1652 551 1811 586 καταξιῶσαι
1840 550 1875 578 δι’

1050 599 1121 636 ἡμᾶς
1140 601 1330 638 σταυροῆναι.
1347 598 1430 628 Τοῦτο
1453 597 1481 626 δέ
1509 609 1574 638 φησι
1595 598 1639 626 καὶ
1666 597 1759 629 αὐτοὺς
1788 606 1877 635 παρα-

1050 645 1223 683 μυθούμενος,
1241 646 1270 674 El.
1296 645 1346 684 γὰρ
1367 655 1450 673 ταυτα
1478 643 1511 672 δι’
1533 645 1599 682 ὑμᾶς
1627 645 1641 672 ὁ
1667 644 1778 684 Χριστὸς
1806 642 1875 670 ὑπέ-

1050 699 1136 728 μεινε,
1164 689 1189 716 τί
1218 689 1286 728 μέγα
1324 690 1346 716 εί
1371 689 1415 717 καὶ
1448 689 1525 726 ὑμεῖς
1554 687 1587 716 δι’
1616 689 1693 716 αὐτὸν
1727 686 1874 725 ὑπομένετε

184 737 213 764 et
227 742 277 764 vos
293 737 413 774 propter
428 733 526 773 ipsum
542 733 716 765 aiﬂictiones
731 733 924 764 sustineatis?
942 745 954 761 ιι
972 732 1009 764 Ut

1095 734 1210 773 ρασμαός
1225 742 1234 771 ς
1261 745 1275 761 α
1293 729 1392 765 ’Ὅπως
1415 733 1505 773 χάριτι
1521 736 1599 764 Θεοῦ.
1625 744 1637 761 ι
1662 733 1741 773 χάρις
1757 732 1808 771 γὰρ
1823 732 1874 764 τῆς

183 787 238 818 per
249 778 373 817 gratiam
389 777 452 809 Dei.
472 789 484 806 ι
502 777 569 808 Fuit
582 787 708 818 namque
723 782 833 809 sanctae
856 777 1008 808 Trinitatis

1092 789 1123 811 ας
1152 778 1272 818 Τριαδος,
1308 779 1338 806 τὸ
1366 779 1461 806 παθεῖν
1486 779 1531 807 τὸν
1562 778 1632 809 Υἱόν,
1663 780 1700 807 Οὐ
1726 777 1776 817 γὰρ
1805 777 1874 804 κατὰ

182 823 276 862 gratia
288 822 367 863 quod
380 825 531 862 pateretur
538 821 641 853 Filius.
655 821 756 863 Neque
769 822 848 853 enim
861 831 896 853 ex
907 821 1007 852 debito

1092 822 1158 856 .tl-iw
1186 824 1199 851 6
1227 822 1318 862 Πατὴρ
1340 823 1385 850 τὸν
1414 823 1473 850 Υίὸν
1498 821 1604 862 ἔδωκεν,
1628 821 1646 856 ἢ
1669 823 1683 850 6
1713 821 1772 853 Υἱὸς
1787 830 1871 849 κατε-

182 867 264 898 dedit
278 866 366 898 Pater
382 866 501 907 Filium,
510 871 560 897 aut
568 866 661 897 Fiiius
670 868 810 907 suscepit=
821 870 869 897 aut
880 866 1008 907 Spiritus

1092 878 1150 907 ατο,
1181 866 1199 901 ἢ
1229 868 1260 895 τὸ
1282 870 1388 904 Πνεῦμα
1409 866 1567 906 συνέργησεν
1591 867 1627 898 είς
1655 867 1700 894 τὸν
1743 866 1871 905 Σταυρὸν,

180 915 299 942 sanctus
327 915 501 951 cooperatus
525 915 571 942 est
587 911 624 942 ad
641 911 820 951 passionem.
839 911 890 942 sed
907 911 1008 941 omnia

1092 912 1116 940 ιὰ
1127 912 1214 940 πάντα.
1225 912 1316 952 χάριτι
1344 911 1449 951 γέγονε.
1477 910 1571 943 Καλῶς
1600 910 1628 939 δὲ
1656 912 1696 948 τὸ,
1728 911 1870 943 Γεύσηται.

179 956 307 994 gratiose
321 955 396 985 facta
424 959 502 987 sunt.
535 954 628 986 Recte
658 959 756 987 autem
773 955 838 986 ait:
856 954 1001 986 Gustaret.

1102 957 1152 995 γὰρ
1175 955 1291 994 ἰνέμεινε
1319 959 1356 993 τῷ
1384 956 1498 993 Θανάτῳ,
1513 955 1580 984 ἀλλὰ
1595 956 1675 994 μόνον
1703 956 1782 984 αὐτοῦ
1806 954 1871 994 τρό-

178 999 280 1041 Neque
291 999 370 1031 enim
380 999 411 1030 in
420 1003 514 1030 morte
524 999 696 1040 permansit,
713 999 765 1030 sed
780 999 876 1040 ipsam
893 1003 1005 1030 tantum

1092 1011 1097 1026 γ
1119 1001 1178 1028 τινὰ
1205 1000 1380 1039 ἀπεγεύσατο,
1410 1017 1450 1023 --
1480 999 1750 1039 [OlKOI‘MENIOT].
1773 998 1872 1027 ἰστέον

179 1043 396 1085 quodammodo
410 1044 585 1083 degustavit.
605 1061 640 1066 —
656 1044 820 1075 Sciendum
840 1053 909 1075 vero
925 1043 1005 1084 quod

179 1089 346 1120 Nestoriani
373 1088 540 1120 adulteram
567 1087 750 1128 Scripturam
781 1093 809 1119 el
824 1089 864 1119 ila
877 1088 1002 1128 legunt:

179 1138 210 1164 ut
225 1135 308 1174 χωρὶς
324 1137 402 1174 Θεοῦ,
425 1133 454 1163 id
479 1137 533 1170 est,
546 1133 612 1164 sine
636 1135 696 1164 Deo
713 1141 765 1172 pro
781 1134 852 1164 529
865 1133 1004 1164 universo

179 1177 251 1209 orbe
273 1181 405 1217 gustaret
427 1182 566 1215 mortem,
597 1177 652 1207 hoc
669 1181 725 1213 est,
743 1182 913 1209 astruenles
925 1177 1002 1218 quod

177 1221 424 1253 inhabitationem
441 1220 543 1251 habuit
565 1221 700 1252 Christus
713 1220 804 1253 Verbi
815 1221 886 1262 Dei;
900 1226 929 1252 et
944 1231 1004 1252 non

1048 1043 1075 1071 δὲ
1103 1043 1143 1072 ὅτι
1172 1046 1195 1073 οἱ
1220 1046 1388 1084 Νεστοριανοὶ
1409 1049 1585 1084 παραποιΟὕσι
1609 1045 1659 1078 τὴν
1681 1044 1797 1084 Γραφιὶν,
1827 1044 1872 1070 καὶ

1046 1087 1128 1121 οὕτως
1149 1089 1382 1128 ἀναγινώσκουσιν,
1412 1089 1485 1121 ὅπως
1513 1090 1596 1129 χωρὶς
1620 1092 1685 1118 Θεοῦ
1713 1088 1778 1128 ὑπὲρ
1804 1099 1870 1116 παν-

1045 1134 1090 1165 τὸς
1118 1133 1244 1172 γεύσηται
1278 1134 1402 1173 θανάτου,
1437 1137 1514 1162 τοῦτο
1550 1133 1802 1170 κατασκευάζοντες,
1831 1131 1870 1160 ὅτι

1046 1177 1177 1211 ἐνοίκησιν
1192 1177 1271 1218 ἔσχεν
1288 1179 1302 1206 6
1318 1180 1442 1218 Χριστὸς,
1459 1179 1531 1219 φασὶ,
1554 1183 1600 1207 τοῦ
1629 1178 1695 1206 Θεοῦ
1725 1178 1814 1217 Λόγου
1827 1177 1870 1205 καὶ

1046 1223 1098 1262 οὐχ
1118 1222 1223 1262 ἕνωσιν,
1238 1222 1278 1250 ὅτι
1306 1223 1489 1263 σταυρο”.›μένῳ
1509 1222 1581 1260 αὐτῷ
1609 1224 1638 1252 οὒ
1666 1224 1747 1257 συνῆν
1768 1224 1786 1256 ἢ
1808 1221 1869 1249 θεό-

178 1266 329 1306 unionem,
348 1266 416 1306 quia
432 1274 490 1296 non
506 1269 569 1296 erat
584 1275 642 1296 una
659 1274 726 1296 cum
738 1275 772 1296 eo
784 1266 834 1306 qui
849 1265 1001 1305 cruciﬁge-

1092 1278 1107 1298 ξ.
1123 1266 1237 1305 Εἴρηται
1260 1267 1322 1307 γὰρ,
1352 1269 1426 1307 φασὶ,
1457 1268 1541 1307 Χωρὶς
1570 1270 1636 1296 Θεοῦ
1664 1267 1791 1306 γεύσηται
1826 1268 1870 1295 θα-

176 1310 263 1342 batur
286 1310 434 1341 divinitas.
461 1309 614 1349 Siquidem
640 1309 752 1341 dictum
780 1314 835 1348 est,
852 1310 999 1350 inquiunt,

1093 1322 1134 1343 ου,
1179 1310 1253 1339 Ἀλλ’
1295 1310 1343 1350 ὅρα
1384 1313 1440 1343 πῶς
1483 1310 1616 1351 ὀρθόδοξός
1658 1323 1698 1343 τις
1727 1311 1868 1350 ἀπεκρίθη.

176 1355 248 1386 Sine
263 1355 323 1386 Deo
340 1358 469 1393 gustaret
497 1359 636 1386 mortem.
666 1355 725 1385 Sed
754 1354 821 1385 vide
836 1364 895 1395 quo
912 1354 1001 1385 modo

1092 1359 1152 1384 ὒτον
1189 1356 1250 1394 μὲν,
1286 1356 1376 1396 χάριτι
1398 1359 1464 1384 θεοῦ
1489 1362 1588 1387 κεῖται.
1613 1355 1687 1389 Πλὴν
1715 1356 1798 1384 εἶκαὶ
1813 1353 1870 1383 καθ’

176 1399 295 1440 quidam
311 1398 490 1429 orthodoxus
516 1398 714 1439 responderit.
734 1398 863 1430 Primum
879 1399 1000 1439 quidem

1092 1404 1111 1433 ὶς
1154 1401 1236 1440 χωρὶς
1279 1400 1354 1440 Θεοῦ,
1397 1400 1514 1440 εἴρηται,
1558 1399 1640 1432 οὕτως
1661 1399 1769 1429 δεκτέον
1793 1400 1870 1430 αῦτό.

178 1444 305 1485 positum
321 1448 376 1484 est,
390 1444 480 1484 χάριτι
493 1448 569 1480 Θεοῦ,
583 1445 638 1474 hoc
651 1448 706 1481 est,
718 1445 810 1484 gratia
819 1445 865 1475 vel
877 1454 930 1485 per
939 1453 989 1484 gra

1113 1445 1197 1484 χωρὶς
1219 1449 1265 1474 τοῦ
1293 1445 1358 1473 Θεοῦ
1386 1445 1450 1485 ὑπὲρ
1476 1446 1582 1473 πάντων
1610 1447 1663 1473 τῶν
1691 1444 1779 1473 ἄλλων
1803 1445 1870 1473 ἀπέ-

177 1490 246 1519 tiam
262 1488 317 1520 Dei
334 1497 340 1519 :
356 1491 485 1519 attamen
515 1488 604 1519 etiam
620 1487 644 1518 si
659 1491 692 1519 ut
707 1497 761 1520 vos
789 1489 876 1520 vultis
891 1489 1001 1520 dictum

1092 1499 1118 1517 εν
1134 1490 1148 1517 6
1162 1489 1284 1528 Χριστός.
1312 1490 1360 1518 Καὶ
1388 1490 1438 1528 γὰρ
1460 1489 1489 1518 οὺ
1517 1490 1597 1526 μόνον
1617 1489 1682 1529 ὑπὲρ
1711 1489 1868 1530 ἀνθρώπων,

176 1533 214 1563 sit
229 1534 311 1573 χωρὶς
327 1536 403 1569 Θεοῦ,
416 1532 446 1563 id
468 1536 524 1570 est,
552 1532 617 1564 sine
635 1531 707 1573 Deo,
725 1532 765 1564 ita
779 1533 835 1564 hoc
848 1533 1002 1574 accipien-

1092 1534 1112 1563 t‘z
1147 1534 1191 1562 καὶ
1224 1534 1289 1572 ὑπὲρ
1318 1535 1371 1562 τῶν
1400 1533 1454 1564 ἅνω
1481 1533 1615 1572 δυνάμεων
1640 1534 1780 1574 ἀπέθανεν,
1825 1534 1870 1562 ἵνα

177 1579 247 1608 dum
262 1584 307 1608 est
324 1577 402 1618 quod
419 1576 484 1608 sine
497 1577 559 1608 Deo
570 1581 620 1607 aut
631 1581 754 1617 excepto
766 1577 828 1608 Deo
843 1587 896 1618 pro
908 1578 1002 1608 omni-

1092 1590 1112 1617 ῃ
1126 1579 1157 1606 τὸ
1173 1578 1330 1618 μεσότοιχον
1345 1583 1392 1608 τοῦ
1419 1582 1538 1619 φραγμοῦ
1554 1579 1597 1606 καὶ
1626 1579 1712 1618 ὲνώσῃ
1734 1579 1768 1607 τὰ
1798 1579 1870 1619 κάτω

177 1622 233 1653 bus
248 1622 314 1653 aliis
343 1626 476 1652 mortuus
502 1621 540 1652 sit
567 1621 712 1653 Christus.
739 1623 858 1654 Etenim
873 1633 933 1654 non
951 1633 1002 1663 pro

1092 1635 1103 1655 ς
1119 1622 1184 1654 ἄνω.
1208 1623 1298 1660 Τούτῳ
1311 1622 1403 1661 ὅμοιον
1419 1624 1448 1651 τὸ
1463 1622 1584 1663 ἀλλαχοῦ
1612 1623 1762 1663 εἰρημένον.
1781 1618 1868 1653 υοταν

176 1667 247 1698 solis
262 1665 446 1704 hominibus,
475 1665 528 1697 sed
555 1671 584 1697 et
612 1676 664 1707 pro
688 1667 826 1708 supernis
848 1668 1004 1699 virtutibus

1092 1667 1153 1706 εἴπῃ
1169 1667 1209 1696 ὅτι
1238 1668 1325 1698 πάντα
1352 1668 1537 1708 ὑποτέτακται,
1560 1667 1682 1701 δηλονότι
1711 1668 1789 1702 ἐκτὸς
1823 1671 1867 1697 τοῦ

177 1716 309 1743 mortuus
323 1715 379 1748 est,
392 1715 423 1742 ut
435 1710 626 1741 interstitium
648 1711 785 1742 maceriae
807 1711 952 1750 dirueret,
969 1722 1004 1744 ac

1092 1712 1220 1745 ντάξαντος
1236 1713 1308 1750 αὒκῷ
1321 1712 1355 1740 τὰ
1369 1713 1466 1744 πάντα,

175 1756 275 1787 uniret
287 1755 429 1786 inferiora
443 1755 593 1796 supernis.
609 1756 638 1781 ¹8
656 1756 730 1787 Huic
746 1760 775 1787 et
789 1756 888 1787 simile
902 1758 983 1798 quod
997 1756 1070 1790 alibi
1084 1756 1196 1788 dictum
1211 1760 1267 1797 est,
1292 1756 1374 1797 atqui
1395 1765 1463 1788 cum
1490 1756 1570 1788 dicat
1579 1756 1660 1798 quod
1676 1757 1778 1788 omnia
1791 1757 1865 1789 sub-

171 1801 252 1841 jeeta
266 1804 346 1838 sunt,
364 1800 459 1840 palam
476 1804 520 1830 est
536 1800 745 1841 excipiendum
762 1810 830 1832 eum
847 1802 898 1842 qui
913 1802 1042 1843 subjecit
1056 1800 1228 1843 ipsi_omnia
1242 1801 1282 1833 *9.

178 1846 253 1877 «ΡΙ-ο
270 1845 408 1876 universo
423 1844 495 1875 orbe
508 1848 639 1884 gustaret
655 1849 781 1876 mortem
800 1858 812 1874 ι)
829 1841 1000 1887 Quanquan

1092 1857 1099 1875 I
1119 1841 1199 1885 Ὑπὲρ
1227 1846 1324 1877 παντὸς
1346 1846 1472 1885 γεύσηται
1493 1846 1616 1878 θανάτου.
1649 1857 1660 1875 ι
1691 1847 1722 1875 Εἰ
1742 1847 1795 1888 γὰρ
1824 1848 1866 1875 καὶ

176 1890 257 1921 enim
269 1899 329 1920 non
342 1898 447 1920 omnes
458 1889 532 1920 salvi
542 1889 611 1921 iacti
621 1889 682 1920 sint
695 1889 732 1920 ob
748 1899 831 1921 suam
843 1890 1003 1922 increduli-

1119 1891 1215 1923 πάντες
1259 1890 1395 1925 ἐσώθησαν
1429 1889 1470 1919 διὰ
1503 1891 1554 1925 τὴν
1595 1891 1692 1920 οἰκείαν
1728 1891 1863 1932 ἀπιστίαν,

175 1937 265 1966 tatem
283 1945 290 1964 :
307 1933 373 1981 ipse
386 1937 486 1981 tamen
500 1933 578 1981 quod
596 1943 702 1981 _suum_
721 1939 785 1965 erat
799 1935 836 1966 ad
851 1944 957 1981 omnes
972 1941 1003 1967 et.

1092 1936 1120 1981 6:
1142 1935 1191 1973 μέν
1205 1945 1246 1964 τοι
1267 1936 1421 1981 τὸνοῖκεϊον
1447 1935 1489 1964 ἰπὶ
1510 1936 1610 1968 πάντας
1632 1937 1676 1981 καί
1701 1936 1768 1976 ὑπὲρ
1796 1938 1864 1965 πάν-
1918 1951 1919 1957 η

176 1988 228 2019 pro
244 1978 383 2010 omnibus
397 1977 481 2010 fecit.
497 1977 645 2010 «Decebat
655 1978 735 2009 enim
746 1987 846 2011 eum.)
860 1979 999 2019 Decebat,

1104 1980 1239 2014 ἐποίησεν.
1268 1990 1280 2008 ι
1304 1975 1420 2020 Ἑπρεπε
1436 1981 1485 2020 γὰρ
1513 1981 1594 2018 αὐτῷ.
1613 1992 1628 2008 ι
1658 1975 1783 2020 "Euge-its
1804 1982 1863 2021 γὰρ,
1917 1991 1918 2004 ξ

173 2023 280 2064 inquit,
299 2022 393 2054 Deum
410 2026 439 2053 et
448 2022 564 2054 Patrem
578 2026 699 2063 propter
709 2032 797 2063 quem
809 2028 878 2055 sunt
888 2024 999 2062 omnia,

1092 2026 1117 2065 ri,
1140 2028 1178 2062 τῷ
1205 2028 1262 2063 Θεῷ
1283 2026 1328 2053 καὶ
1348 2025 1442 2065 Πατρὶ,
1474 2024 1508 2053 δι’
1536 2026 1565 2053 ὃν
1601 2026 1633 2055 τὰ
1654 2026 1752 2063 πάντα,
1791 2027 1864 2058 αὐτὸς

173 2068 239 2108 ipse
255 2077 328 2098 vero
341 2067 474 2098 omnium
491 2071 536 2098 est
552 2067 744 2108 principium.
765 2079 779 2095 ι
792 2067 827 2098 Et
842 2077 896 2109 per
910 2077 998 2109 quem

1092 2071 1194 2098 πάντων
1209 2069 1306 2103 αἴτιος.
1327 2081 1339 2098 ι
1357 2070 1406 2099 Καὶ
1427 2068 1460 2098 δι’
1483 2071 1513 2098 οὗ
1534 2070 1565 2099 τὰ
1590 2071 1689 2102 πάντα,
1720 2082 1732 2100 ι
1759 2073 1790 2100 Ei
1816 2072 1862 2110 γὰρ

174 2116 243 2144 sunt
257 2111 368 2143 omnia.
386 2123 400 2140 ι
414 2110 487 2142 Nam
499 2111 525 2142 si
533 2111 620 2142 etiam
632 2120 686 2152 per
703 2112 800 2153 ipsum
811 2116 880 2143 sunt
889 2112 1000 2150 omnia,

173 2157 262 2188 Pater
276 2160 321 2187 est
331 2155 382 2197 qui
397 2155 497 2187 omnia
508 2156 630 2197 creavit,
643 2156 694 2197 qui
703 2158 875 2188 Creatorem
883 2157 998 2198 genuit.

175 2212 188 2229 ι
209 2200 244 2232 Et
259 2209 312 2241 per
327 2209 416 2241 quem
432 2204 502 2231 sunt
515 2200 629 2233 omnia.
647 2213 661 2229 ι
675 2202 734 2232 Per
748 2210 848 2242 quem,
862 2201 900 2233 de
911 2203 998 2233 Patre

173 2245 303 2286 positum
321 2249 376 2276 est.
396 2256 408 2273 ι
425 2244 526 2276 Multis
537 2245 618 2277 ﬁliis.
637 2257 647 2273 ι
662 2245 757 2277 Filius
770 2245 828 2277 boe
839 2246 904 2277 loco
913 2251 998 2278 vocat

175 2289 323 2322 homines.
335 2288 422 2327 Eum,
433 2289 540 2330 inquit,
551 2289 601 2330 qui
612 2289 749 2321 homines
759 2289 790 2320 in
801 2289 923 2330 gloriam
929 2290 1000 2322 Uni-

171 2333 264 2375 geniti
274 2343 327 2375 per
334 2333 445 2365 donum
451 2333 620 2374 adoptionis
628 2333 1000 2373 introduxuisset,decebat

172 2383 204 2410 ut
215 2383 367 2410 auctorem
379 2378 481 2409 salutis
493 2378 599 2408 horum
619 2378 761 2416 ﬁliorum,
775 2379 831 2410 hoc
842 2383 897 2420 est,
909 2379 997 2411 Chri-

170 2428 262 2464 stum,
275 2432 329 2464 per
339 2422 519 2454 afﬂictiones
534 2422 696 2463 perfectum
712 2423 863 2461 redderet,
876 2424 932 2455 hoc
940 2430 996 2465 est,

171 2477 226 2509 per
240 2476 359 2499 crucem
375 2466 541 2508 perfectum
551 2467 768 2499 demonstraret
778 2477 812 2499 ac
823 2467 995 2508 gloriosum.

169 2513 287 2544 Dictum
305 2516 352 2543 est
366 2515 465 2542 autem
483 2519 491 2543 :
524 2511 702 2553 Perfectum,
729 2517 867 2553 tanquam
889 2513 926 2544 ad
942 2523 997 2545 nos

170 2557 333 2598 loquendo,
345 2557 395 2598 qui
408 2556 504 2597 ipsum
514 2557 647 2597 perfecte
665 2556 775 2588 bonum
789 2567 825 2590 ac
834 2558 996 2590 humanum

167 2602 425 2644 depaehendimus
441 2611 494 2642 per
508 2611 640 2641 crucem,
653 2612 719 2634 cum
732 2603 796 2643 ipsc
807 2612 925 2644 semper
935 2613 997 2635 om-

169 2647 241 2679 nino
252 2647 404 2688 perfectus
410 2651 500 2686 esset,
513 2655 693 2688 semperque
704 2647 831 2679 maxime
838 2648 994 2688 gloriosus.

208 2728 237 2754 18
249 2727 358 2769 Ephes.
376 2735 408 2766 ιι,
429 2728 476 2761 14.
490 2728 519 2754 49
535 2730 549 2760 1
568 2729 636 2761 Cor.
650 2737 698 2766 xv,
711 2728 762 2761 28.

1042 2115 1086 2143 καὶ
1107 2113 1140 2142 δι’
1156 2115 1186 2142 οὗ
1198 2115 1232 2143 τὰ
1245 2115 1341 2152 πάντα,
1371 2116 1385 2143 6
1415 2115 1507 2155 Πατήρ
1528 2114 1598 2143 ἐστιν
1623 2116 1637 2143 ὁ
1652 2115 1685 2143 τὰ
1699 2115 1788 2144 πάντα
1816 2115 1861 2149 8n-

1041 2159 1218 2199 μιουργήσας,
1233 2160 1247 2187 ὁ
1274 2159 1319 2187 τὸν
1350 2160 1515 2198 Δημιουργὸν
1536 2159 1715 2199 γεγεννηκώς.
1734 2171 1749 2187 α
1767 2161 1816 2189 Καὶ
1830 2158 1863 2187 δι’

1040 2204 1070 2232 οὗ
1083 2204 1116 2233 τὰ
1136 2203 1233 2234 πάντα.
1251 2215 1266 2231 ι
1284 2205 1319 2233 T6
1341 2202 1375 2231 δι’
1400 2204 1441 2240 οὗ,
1470 2203 1513 2232 ἐπὶ
1536 2208 1581 2233 τοῦ
1607 2205 1710 2244 Πατρὸς
1732 2205 1861 2243 κείμενον.

1041 2258 1054 2276 ε
1078 2247 1197 2281 Πολλοὺς
1224 2249 1294 2280 υἱοὺς
1318 2259 1332 2276 ι
1363 2247 1471 2277 ἐνταῦθα
1498 2249 1558 2280 τοὺς
1585 2248 1736 2288 ἀνθρώπους
1772 2249 1860 2278 καλεῖ.

1039 2292 1090 2321 Τὸν
1105 2293 1292 2332 εἰσαγαγόντα,
1313 2293 1404 2334 φησὶν,
1426 2292 1454 2321 ἐν
1482 2296 1516 2332 τῇ
1542 2297 1589 2321 τοῦ
1617 2297 1782 2333 Μονογενοῦς
1802 2293 1860 2331 δόξῃ

1038 2337 1098 2369 τοὺς
1120 2337 1270 2377 ἀνθρώπους
1297 2341 1331 2372 τῆ
1352 2339 1401 2371 της
1430 2338 1557 2371 ὒὶοθεσίας
1592 2338 1688 2379 δωρεᾷ,
1703 2339 1749 2367 τὸν
1772 2339 1860 2379 ἀρχη-

1037 2381 1086 2420 γὸν
1114 2382 1162 2416 τῆς
1189 2382 1321 2422 σωτηρίας
1344 2383 1445 2411 τούτων
1473 2386 1526 2411 τῶν
1553 2384 1627 2424 υἱῶν,
1657 2383 1788 2424 τουτέστι,
1818 2384 1859 2412 τὸν

1038 2427 1162 2466 Χριστὸν,
1198 2425 1240 2456 διὰ
1267 2427 1431 2465 παθημάτων
1465 2427 1616 2468 τελειῶσαι,
1659 2429 1718 2456 οἷον
1747 2427 1790 2457 διὰ
1817 2432 1859 2457 τοῦ

1038 2474 1150 2509 σταυροῦ
1162 2470 1264 2500 τέλειον
1278 2470 1414 2505 ἀποδεῖξαι
1431 2472 1475 2500 καὶ
1500 2471 1612 2505 ἔνδοξον.
1638 2473 1673 2502 Τὸ
1702 2472 1730 2500 δὲ
1759 2472 1856 2501 τέλειον

1037 2514 1075 2547 ὡς
1089 2516 1154 2555 πρὸς
1175 2515 1247 2554 ἢμᾶς
1276 2515 1381 2556 εἴρηται
1410 2517 1470 2549 τοὺς
1492 2515 1598 2550 τελείως
1622 2518 1700 2546 αὐτὸν
1730 2517 1856 2550 κατειλη-

1038 2558 1119 2599 φότας
1153 2560 1252 2599 ἀγαθὸν
1289 2561 1333 2589 καὶ
1369 2560 1551 2602 φιλάνθρωπον
1580 2560 1623 2590 διὰ
1654 2564 1700 2590 τοῦ
1736 2565 1853 2601 σταυροῦ,

1037 2603 1094 2646 ἐπεὶ
1121 2604 1161 2633 ἀεὶ
1187 2605 1264 2637 αὐτὸς
1286 2604 1440 2637 παντέλειος
1468 2606 1513 2643 ἧν,
1541 2607 1585 2635 καὶ
1613 2606 1653 2634 ἀεὶ
1680 2605 1853 2646 ὑπερένδοξος.

1039 2642 1112 2688 uOpe
1132 2648 1159 2678 δὲ
1187 2649 1236 2683 τὴν
1264 2648 1388 2689 διαφορὰν
1402 2653 1456 2679 τῶν
1469 2642 1540 2681 uiti”.
1573 2646 1601 2680 ι0
1617 2651 1665 2689 μὲν
1681 2642 1736 2690 γὰρ’
1752 2652 1854 2690 γνήσιος
