1936 3080
215 113 274 145 299

776 116 982 151 OEGUMENII
1003 116 1150 148 TRIGGE
1169 117 1336 149 EPISGOPI

1849 116 1908 149 300

215 182 281 213 nis:
299 181 355 212 hoc
371 185 427 222 est,
453 181 483 212 in
506 181 648 220 sanguine
673 191 777 212 sumus
793 186 822 213 et
837 192 940 220 carne,
966 183 1013 213 eti

1102 183 1224 222 δυτὲστιν,
1247 184 1274 212 ἐν
1288 184 1383 222 α’ίματί
1405 185 1484 222 ἐσμεν
1511 185 1559 214 καί
1581 186 1668 225 σαρκὶ,
1690 186 1735 214 καὶ
1763 184 1791 213 ἐν
1819 185 1902 224 φθαρ-

215 226 456 266 corruptibilibus
480 226 665 265 terrenisque
691 227 876 266 corporibus.
903 227 984 258 Hanc
999 227 1037 257 ob

214 280 334 302 causam
351 270 534 310 unigenitum
552 270 606 301 Dei
623 269 763 308 Verbum,
777 280 843 301 cum
857 272 940 311 juxta
955 276 1037 302 natu-

213 326 277 346 ram
292 316 349 346 vita
365 318 454 354 esset,
472 313 620 354 particeps
635 314 727 346 factus
745 319 789 346 est
805 316 911 346 horum
922 325 928 347 :
941 325 995 346 nec
1006 316 1036 346 id

214 360 377 392 secundum
394 359 484 389 alium
501 358 632 394 modum,
651 358 700 388 sed
718 359 917 398 pariformiter
933 360 1035 390 nobis-

214 414 294 436 cum.
314 415 326 431 (ι
344 403 381 434 Ut
398 411 450 442 per
466 406 603 433 mortem.
624 415 635 431 ι
664 403 776 434 Deinde
793 404 882 434 etiam
899 406 1036 434 incarna-

215 449 304 479 tionis
320 456 437 478 causam
450 446 532 482 dicit,
547 451 578 476 ut
590 446 771 484 aboleretur,
791 448 1036 488 inquit,diabolus

214 493 265 534 qui
281 491 383 522 mortis
398 491 490 521 robur
516 490 654 528 habebat,
672 491 842 523 aboleretur
864 497 961 523 autem
984 502 1037 533 per

215 536 508 574 mortem.Tanquam
525 535 639 566 diceret
654 547 659 565 :
674 535 697 566 Ο
713 536 766 567 Dei
782 537 968 576 sapientiam!
981 537 1036 568 Per

215 585 340 612 mortem
357 579 462 610 habuit
476 579 611 610 diabolus
626 579 787 620 robur,per
800 585 925 611 mortem
939 581 1036 612 abolc-

215 625 382 658 bitur.Nam
399 624 446 654 his
461 624 551 654 armis
562 624 702 654 adversus
715 635 781 655 eum
797 635 867 656 usus
884 631 926 656 est
938 626 1035 657 Chris-

213 675 271 707 tus,
299 669 407 710 quibus
432 669 496 708 ipse
532 672 635 707 potens
661 668 726 700 fuit.
755 669 907 705 Quomodo
936 675 1034 701 autem

213 715 383 746 dominatur
399 713 507 743 morti?
522 713 596 748 Quia
611 713 774 744 dominium
788 714 901 744 habens
916 715 945 744 in
963 724 1034 754 pec-

212 760 322 791 catum‘
338 768 373 789 ex
398 767 454 797 quo
484 757 620 797 procedit
647 767 737 794 mors,
756 759 843 788 etiam
868 759 1036 789 dominatur

213 803 313 840 morti,
330 811 397 832 cum
414 801 506 832 robur
521 801 624 831 mortis
640 801 678 832 sit
695 806 858 841 peccatum.
877 803 931 838 Qui
946 803 1036 842 igitur

1078 235 1137 259 τοῖς
1158 230 1202 256 καὶ
1222 230 1327 268 γηίνοις
1359 229 1476 267 σώμασι,
1506 230 1608 264 Ταύτης
1637 230 1714 258 ἕνεκα
1741 230 1791 263 τῆς
1821 229 1903 260 αἰτίας

1079 273 1092 299 ὁ
1109 273 1254 311 μονογενὴς
1269 276 1314 301 τοῦ
1329 277 1394 301 Θεοῦ
1429 274 1514 313 Λόγος
1541 274 1598 309 ζωὴ
1627 274 1696 302 κατὰ
1722 273 1803 312 φύσιν
1818 271 1903 310 ὑπάρ-

1078 327 1137 354 γων
1158 317 1274 357 μετέσχε
1287 320 1338 346 τῶν
1355 318 1450 355 αὐτῶν,
1481 318 1525 346 καὶ
1550 319 1580 346 οὐ
1601 318 1659 346 καθ’
1687 316 1775 357 ἕτερον
1792 316 1903 356 τρόπον,

1078 360 1146 388 ἀλλὰ
1168 361 1359 400 παραπλησίως
1374 363 1453 399 ἡμῖν,
1488 374 1501 390 α
1520 357 1581 390 Ἵνα
1609 361 1652 390 διὰ
1677 367 1724 391 τοῦ
1745 361 1868 390 θανάτου.
1887 369 1903 389 ι

1079 404 1148 432 Εἶτα
1162 399 1211 432 καὶν
1227 407 1276 439 τῆς
1291 405 1513 444 ἐνανθρωπήσεως
1527 405 1600 445 λέγει
1629 407 1679 440 τὴν
1710 406 1805 434 αἰτίαν.
1824 399 1903 443 Ἵνα,

1078 449 1153 488 φησὶ,
1177 451 1331 489 καταργηθῇ
1347 451 1361 478 ὁ
1375 451 1405 478 τὸ
1419 451 1514 489 κράτος
1531 450 1603 490 ἔχων
1639 453 1685 478 τοῦ
1710 450 1823 479 θανάτου
1837 447 1905 476 διά-

1077 491 1154 524 ϐολος
1179 501 1185 508 ·
1200 495 1354 532 καταργηθῇ
1376 493 1403 521 δὲ
1417 493 1459 522 διὰ
1472 498 1518 523 τοῦ
1533 495 1655 534 θανάτου,
1681 495 1717 526 ὡς
1739 495 1762 522 εἰ
1789 494 1869 521 εἶπεν
1895 501 1902 506 ·

1088 543 1124 564 tzv
1139 538 1229 576 σοφίας
1245 541 1309 566 Θεοῦ
1326 537 1332 566 !
1353 539 1401 565 Διὰ
1422 542 1469 566 τοῦ
1491 539 1603 566 θανάτου
1624 538 1689 578 ἔσχε
1717 539 1747 566 τό
1779 538 1874 577 cpite:
1892 538 1906 564 ὁ

1077 579 1208 621 διάϐολος,
1236 580 1277 609 διὰ
1312 586 1358 610 τοῦ
1385 583 1495 611 θανάτου
1524 582 1742 617 καταλυθήσεται,
1784 580 1816 622 ᾯ
1851 582 1905 620 γὰρ

1078 625 1189 665 ἴσχυσεν
1204 625 1289 663 ὅπλῳ,
1307 627 1391 664 τούτῳ
1405 626 1465 655 κατ’
1485 628 1564 656 αὗσοῦ
1587 629 1601 655 ὁ
1622 628 1734 666 Χριστὸς
1750 627 1903 666 ἐχρήσατο.

1078 673 1135 702 Πῶς
1157 669 1183 697 δὲ
1199 669 1276 709 ἄρχει
1292 674 1338 698 τοῦ
1358 672 1494 711 θανάτου,
1522 667 1587 700 ’Ὀτι
1622 674 1672 705 τῆς
1700 671 1829 710 ἁμαρτίας
1852 670 1906 709 ἅρ-

1076 725 1135 752 χων
1157 713 1182 746 ἐξ
1203 714 1235 748 ἧς
1251 716 1265 742 ὁ
1278 715 1399 755 θάνατος,
1415 717 1458 743 καὶ
1477 719 1522 756 του
1552 716 1663 744 θανάτου
1700 714 1793 756 ἄρχει,
1812 714 1906 753 ’ἤγουν

1076 759 1169 797 κράτος
1190 759 1300 786 θανάτου
1315 760 1332 792 ἡ
1349 760 1472 798 ἁμαρτία,
1500 755 1598 800 ἸΕχιων
1621 760 1666 788 οὖν
1687 762 1737 794 τὴν
1765 760 1902 798 ἆμαρτίαν

1076 803 1119 830 καὶ
1148 803 1253 841 εὗρετὴς
1279 804 1360 836 αὐτῆς
1388 804 1528 843 ὖπάρχων,
1565 805 1595 832 τὸ
1622 805 1718 844 κράτος
1765 804 1824 842 ἔχει
1854 807 1906 832 τοῦ

212 852 369 889 peccatum
392 846 491 882 habet,
517 845 671 886 ipsiusque
698 846 835 877 inventor
860 852 914 884 est,
945 847 1013 877 robu

1102 847 1196 886 ινάτου,
1216 846 1338 887 (εἴπομεν
1354 848 1403 887 γὰρ
1418 842 1478 882 τὴνῗ
1500 842 1646 888 ἁμαρτίαν⁷
1665 849 1737 877 εἶναι
1765 849 1796 876 τὸ
1831 848 1905 886 κρά-

211 893 300 924 habet
313 891 430 922 mortis.
447 890 580 920 Diximus
598 890 677 920 enim
694 895 847 930 peccatum
862 891 954 921 rohur
969 901 1034 923 esse

211 937 326 973 mortis,
347 941 376 967 ut
392 936 429 966 sit
447 935 503 965 iste
519 944 624 965 sensus
641 944 647 965 :
667 936 723 965 Per
738 936 885 975 propriam
909 940 1032 966 mortem

211 981 341 1013 abolevit
356 979 506 1010 diabolum
524 979 682 1010 habentem
696 979 861 1018 subjectum
888 980 944 1010 sibi
961 990 1031 1020 pec-

213 1031 320 1066 catum,
339 1024 416 1065 quod
435 1027 480 1054 est
498 1023 636 1053 fortitudo
659 1033 693 1053 ac
717 1024 808 1054 robur
831 1024 933 1054 mortis
949 1033 958 1054 :
975 1025 1033 1055 nisi

213 1071 291 1103 enim
309 1072 363 1100 hoc
380 1072 576 1108 expugnasset
589 1068 838 1105 hominem,mors
848 1078 1032 1108 nequaquam

210 1117 352 1147 intrasset
364 1114 394 1144 in
411 1112 565 1144 mundum.
578 1130 617 1134 —
633 1123 643 1141 α
662 1112 836 1153 Quicunque
859 1118 938 1144 metu
951 1123 1032 1144 mor-

211 1161 259 1191 tis.
278 1171 291 1190 ›
309 1159 495 1198 Priusquam,
523 1157 630 1196 inquit,
660 1156 830 1188 aboleretur
859 1167 948 1195 mors,
979 1168 1033 1198 per

210 1209 300 1237 totam
325 1203 414 1234 vitam
440 1201 576 1232 homines
600 1201 710 1231 obnoxi
733 1205 818 1232 erant
841 1211 875 1232 ac
905 1203 1031 1242 subjecti

212 1249 312 1281 timori
338 1246 511 1279 servitutis:
533 1245 676 1276 timebant
704 1246 784 1276 enim
812 1250 935 1277 mortem
965 1257 1031 1287 qua

216 1294 347 1325 nondum
363 1291 473 1322 abolita
487 1294 550 1320 erat
565 1299 572 1321 ε
591 1294 620 1320 et
639 1290 712 1320 nihil
729 1290 912 1321 saecularium
930 1290 1030 1331 Volup-

211 1343 302 1370 tatum
328 1337 476 1367 delectare
506 1338 617 1374 poterat
643 1335 791 1371 cordatos,
818 1334 906 1375 idque
923 1335 1028 1366 timore

207 1381 358 1418 mortis,in
373 1380 494 1411 modum
511 1379 641 1410 crudelis
656 1388 689 1409 ac
698 1379 766 1409 saevi
780 1379 892 1409 domini
902 1379 1028 1410 instante

210 1437 330 1468 semper
344 1436 378 1456 ac
394 1429 562 1456 exterrente
577 1434 628 1454 eos
643 1424 693 1464 qui
709 1429 790 1455 erant
805 1425 835 1454 in
853 1424 1027 1456 lerra.a0b-

206 1473 287 1503 noxii
312 1475 395 1503 erant
415 1469 560 1501 servituti.
579 1481 592 1496 »
611 1468 767 1499 Timebant
790 1469 927 1499 homines
944 1479 1026 1500 mor—

1075 902 1118 922 τος
1133 896 1178 920 τοῦ
1191 891 1323 926 θανάτου.)
1358 892 1404 920 ἳνα
1430 892 1512 924 οὕτως
1543 892 1588 926 εἴη
1609 903 1616 910 ·
1655 894 1704 921 Διὰ
1730 897 1777 922 τοῦ
1803 893 1905 920 οἷκείου

1075 936 1185 963 θανάτου
1221 937 1374 975 κατήργησε
1404 937 1453 970 τὴν
1481 937 1609 976 ἁμαρτίαν
1623 938 1777 977 ὑποχείριον
1800 936 1906 976 ἔχοντα

1075 981 1119 1007 τὸν
1153 978 1284 1018 διάϐολον,
1314 980 1371 1013 ἥτις
1400 982 1469 1009 εστὶν
1496 983 1572 1021 ἰσχὺς
1612 984 1707 1020 κρατὸς
1742 982 1788 1009 τοὺ
1816 982 1904 1009 θανά-

1074 1036 1130 1056 του.
1149 1026 1176 1054 Εἰ
1191 1026 1240 1064 γὰρ
1263 1027 1302 1064 μὴ
1334 1027 1400 1060 13m
1426 1028 1569 1067 κατίσχυσε
1597 1033 1642 1058 τοῦ
1676 1028 1823 1066 ἀνθρώπου⁴
1853 1028 1906 1055 οὒκ

1074 1069 1104 1096 ἂν
1120 1071 1134 1097 ὁ
1149 1070 1257 1101 θάνατος
1273 1070 1391 1104 εἰσῆλθεν
1407 1072 1443 1103 εἰς
1457 1072 1504 1100 τὸν
1518 1072 1630 1111 κόσμον,
1650 1089 1689 1094 -
1703 1084 1714 1100 ι
1731 1067 1814 1101 ιὈοόι
1824 1071 1904 1112 φόϐῳ

1072 1114 1194 1143 θανάτου.
1215 1123 1228 1143 ι
1247 1113 1359 1155 [ΦΩΤ.]
1388 1116 1462 1154 Πρὶν.
1478 1117 1553 1156 φησὶ,
1597 1119 1751 1156 καταργηθῇ
1787 1118 1800 1144 ὁ
1814 1117 1904 1144 θάνα-

1073 1169 1103 1186 -ο
1152 1157 1185 1186 δ’
1209 1158 1239 1187 ”λ
1316 1163 1327 1168 '
1361 1163 1372 1167 ”
1472 1159 1485 1171 ’¹
1632 1161 1644 1170 ”
1760 1161 1774 1171 ⁷
1853 1172 1860 1177 -
1894 1162 1899 1169 “

1078 1179 1086 1186 ν
1105 1170 1129 1195 ς,
1168 1171 1175 1186 ι
1208 1170 1222 1186 ο
1242 1170 1270 1188 ου
1284 1170 1329 1188 του
1342 1164 1389 1198 ζῃν
1417 1162 1441 1188 οἱ
1469 1162 1600 1200 ανθρωποι
1628 1173 1723 1201 ανοχοι
1758 1172 1838 1201 ηταν,
1855 1172 1902 1188 ιιι

1072 1203 1207 1231 ὑπέκειντο
1230 1202 1303 1242 φόϐῳ
1340 1204 1468 1237 δουλείας.
1492 1204 1671 1234 Ἐδεδοικεσαν
1685 1207 1735 1245 γὰρ
1761 1206 1807 1233 τὸν
1823 1204 1901 1234 οὔπω

1071 1247 1268 1286 καταργηθέντα
1297 1249 1418 1280 θάνατον.
1457 1251 1506 1278 Καὶ
1544 1250 1628 1288 οὐδὲν,
1658 1251 1733 1290 φησὶ,
1756 1250 1817 1281 τοὺς
1844 1250 1900 1289 ἆρ-

1071 1292 1191 1331 τίφρονας
1208 1291 1288 1332 ἴσχυε
1313 1293 1408 1332 τέρψαι
1436 1295 1488 1322 τῶν
1520 1299 1566 1324 τοῦ
1592 1295 1648 1332 βίου
1682 1297 1812 1334 τερπνῶν,
1849 1298 1902 1322 τοῦ

1071 1334 1112 1363 διὰ
1144 1337 1189 1364 τὸν
1231 1337 1340 1365 θάνατον
1375 1337 1466 1377 φόϐου,
1498 1337 1573 1371 δίκην
1601 1339 1676 1376 ὠμοῦ
1701 1339 1745 1367 καὶ
1772 1338 1899 1372 ἀπηνοῦς

1069 1378 1209 1418 δεσπότου,
1244 1381 1417 1421 ἐφιστᾶμενου
1452 1383 1496 1411 καὶ
1538 1381 1714 1422 ὰκφοϐοὖντος
1763 1383 1824 1414 τοὺς
1853 1382 1903 1412 ἐπὶ

1069 1426 1130 1462 γῆς.
1151 1436 1163 1451 α
1190 1420 1306 1464 ’Ἐνοχοι
1321 1427 1388 1459 ἦσαν
1402 1425 1529 1459 δουλείας.
1555 1438 1566 1454 ι
1579 1420 1764 1455 -Ἒδεδοίκεσαν
1794 1428 1818 1455 οἱ
1841 1427 1895 1455 ἄν-

1068 1469 1168 1506 θρωποι
1192 1471 1237 1497 τὸν
1267 1470 1388 1507 θάνατον,
1424 1471 1461 1502 ὡς
1502 1471 1594 1511 ἔνοχοι
1621 1472 1694 1503 ὄντες
1721 1473 1771 1505 τῆς
1799 1472 1899 1500 τοῶου

205 1521 316 1554 tem,ut
331 1517 380 1557 qui
396 1514 514 1546 obnoxii
530 1518 613 1544 erant
628 1514 761 1544 servituti
777 1513 878 1553 ipsius.
896 1514 1012 1546 Servitu

1102 1511 1196 1544 λλείας,
1228 1513 1335 1542 Δουλεία
1371 1512 1398 1541 δὲ
1440 1519 1486 1544 τοῦ
1527 1510 1637 1545 θανάτου
1684 1517 1715 1544 τὸ
1751 1515 1896 1555 ἐνέχεσθαι

207 1566 304 1592 autem
318 1561 420 1591 mortis
436 1563 492 1595 est,
509 1558 636 1588 detineri
646 1567 680 1588 ac
691 1559 856 1597 subjectum
874 1567 939 1588 esse
955 1568 1026 1598 pec-

206 1611 284 1637 cato.
303 1604 457 1636 Fortitudo
470 1603 548 1633 enim
561 1609 590 1633 et
601 1602 721 1632 aculeus
740 1602 844 1633 mortis
859 1607 904 1632 est
919 1612 1025 1642 pecca-

203 1653 355 1682 tum.Cum
373 1651 452 1680 enim
468 1648 602 1678 Christus
625 1656 678 1676 sua
702 1652 797 1676 morte
816 1647 943 1677 abolevit
958 1657 1024 1678 eum

202 1697 254 1734 qui
271 1695 376 1725 mortis
391 1693 483 1724 robur
499 1691 637 1728 habebat,
654 1692 709 1722 hoc
726 1695 780 1730 est,
799 1691 959 1731 diabolum,
976 1694 1023 1722 in-

201 1744 353 1771 ventorem
368 1748 402 1769 ac
417 1741 568 1768 auctorem
596 1735 719 1776 peccati,
743 1736 848 1766 merito
874 1735 1023 1767 imbecille

202 1785 326 1815 efﬁcitur
343 1787 495 1824 peccatum
516 1791 521 1811 :
538 1782 607 1810 552
632 1781 737 1810 merito
755 1780 870 1810 liberati
891 1790 992 1812 sumus
1007 1791 1023 1812 a

201 1830 325 1860 sevitule
345 1837 403 1868 que
419 1831 480 1857 erat
497 1836 531 1856 ex
551 1825 760 1856 invalescentia
786 1825 898 1864 ipsius:
918 1826 1021 1856 merito

198 1874 285 1905 liberi
298 1873 395 1904 effecti
411 1880 511 1901 sumus
527 1880 543 1900 a
556 1871 663 1900 timore
678 1869 728 1909 qui
743 1879 777 1899 ex
795 1875 890 1900 morte
915 1879 1021 1908 proce-

198 1919 299 1950 debat.
312 1918 407 1956 Atque
420 1916 448 1946 id
463 1916 491 1946 in
510 1915 582 1954 ipsis
597 1923 713 1954 quoque
727 1913 869 1953 operibus
881 1915 1023 1954 contingit

197 1963 381 2002 perspicere.
407 1961 481 1991 Nam
498 1959 548 1999 qui
565 1963 650 1989 antea
663 1963 801 1997 tanquam
819 1958 978 1988 maximum
994 1963 1021 1989 et

195 2006 365 2038 inevitabile
379 2005 487 2035 malum
501 2003 644 2034 timebant
656 2012 689 2033 ac
700 2002 868 2032 devitabant
879 2007 1018 2039 mortem,

196 2051 231 2081 ad
246 2052 339 2090 ipsam
365 2059 443 2080 nunc
468 2048 630 2088 gaudentes
654 2047 810 2082 accedunt,
830 2052 967 2086 tanquam
984 2048 1020 2078 ad

197 2096 329 2126 melioris
355 2095 420 2124 vitae
442 2093 638 2124 mutationem
665 2095 694 2122 et
720 2091 884 2128 exordium,
902 2093 1019 2131 quando

194 2149 247 2179 pro
280 2139 397 2170 Christo
422 2138 574 2178 ipsiusque
604 2135 717 2175 legibus
740 2145 756 2166 a
779 2136 1018 2174 persecutoribus

192 2184 357 2215 inducitur.
375 2185 421 2215 An
439 2192 499 2213 non
526 2190 596 2221 ergo
623 2180 778 2210 manifeste
805 2179 939 2210 liberavit
964 2190 1018 2211 nos

193 2229 325 2259 Salvator
340 2238 356 2259 a
373 2228 480 2258 timore
505 2226 608 2257 mortis
636 2234 669 2255 ac
690 2225 833 2255 servitute
862 2233 927 2264 qua;
947 2225 1017 2256 inde

192 2273 393 2313 procedebat?

231 2318 266 2348 ll.
278 2318 379 2349 16-18.
392 2317 461 2349 Non
474 2317 554 2347 enim
566 2315 700 2346 videlicet
714 2313 837 2354 angelos
852 2313 1017 2353 apprehen-

189 2363 300 2401 dit,sell
314 2371 417 2393 semen
438 2361 569 2392 Abrahae
584 2359 795 2400 apprehendit.
816 2358 898 2389 Unde
913 2359 1017 2390 debuit

185 2416 241 2447 per
255 2409 357 2438 omnia
374 2406 527 2446 fratribus
541 2405 654 2436 similis
671 2404 768 2439 reddi,
793 2406 824 2433 ut
841 2403 1016 2435 misericors

188 2457 261 2483 esset
274 2453 373 2491 ﬁdelis
388 2451 526 2491 pontifm‘
545 2451 578 2480 in
608 2450 655 2479 his
671 2457 737 2488 quae
751 2447 790 2478 ad
805 2447 898 2477 Deum
915 2449 1016 2484 [orent

186 2490 320 2537 agenda,
345 2490 393 2527 ad?
408 2495 594 2535 expiandum
617 2497 738 2533 precata
754 2492 868 2531 populi.
886 2490 965 2522 Nam
980 2502 1018 2522 ex

185 2541 242 2572 hoc
253 2541 335 2581 quod
345 2541 404 2580 ipsi
419 2541 544 2579 contigit
563 2542 710 2569 tentatum
728 2545 801 2572 esse,
825 2539 918 2575 potest
931 2539 958 2567 et.
975 2538 1013 2567 iis

185 2587 238 2625 qui
255 2589 414 2617 tentantur
425 2591 620 2615 succurrere.

227 2643 238 2658 α
259 2630 317 2661 Sed
335 2639 437 2660 semen
455 2628 581 2660 Abrahae
602 2625 810 2666 apprehendit.
828 2637 838 2652 ι
858 2625 931 2656 Cum
946 2625 986 2655 ait
1003 2635 1009 2655 :

1069 1558 1111 1584 καὶ
1138 1558 1292 1586 ὑποκεῖσθαι
1322 1561 1356 1596 τῇ
1384 1559 1507 1596 ἁμαρτίᾳ,
1537 1559 1627 1600 ’ἰσχὺς
1657 1560 1706 1599 γὰρ
1755 1561 1799 1588 καὶ
1828 1560 1898 1588 κέν-

1067 1611 1127 1639 τρον
1155 1605 1201 1630 τοῦ
1232 1602 1342 1631 θανάτου
1426 1604 1548 1643 ἁμαρτία,
1583 1605 1656 1633 Ἐπεὶ
1691 1604 1735 1632 οὖν
1771 1605 1785 1632 ὁ
1823 1608 1898 1644 Χρι-

1067 1656 1128 1677 στος
1151 1645 1192 1674 διὰ
1206 1647 1327 1684 θανάτου,
1364 1649 1518 1687 κατ-ἤργησε
1545 1650 1591 1676 τὸν
1619 1649 1649 1676 τὸ
1680 1649 1774 1688 κράτος
1811 1649 1896 1688 ’έχον-

1066 1700 1098 1717 τα
1111 1695 1156 1719 τοῦ
1176 1692 1296 1727 θανάτου,
1314 1692 1442 1729 τουτέστι,
1472 1694 1517 1721 τὸν
1546 1692 1680 1731 διάϐολον,
1707 1693 1752 1721 τόν
1782 1694 1894 1732 εὖρετὴι

1064 1735 1108 1762 καὶ
1129 1735 1249 1774 ἀρχηγὸν
1271 1739 1319 1769 τῆς
1347 1737 1488 1775 ἁμαρτίας,
1516 1738 1624 1769 εἰκότως
1645 1738 1755 1772 ἀσθενὴς
1784 1739 1897 1777 γίνεταν

1064 1779 1080 1812 ἡ
1097 1780 1235 1818 ἁμαρτία·
1278 1781 1385 1812 εἰκότως
1421 1781 1617 1821 ἀπηλλάγημεν
1646 1785 1694 1816 τῆς
1737 1784 1805 1810 κατὰ
1841 1784 1896 1816 τὴν

1065 1822 1229 1863 ἐπικράτειαν
1259 1825 1340 1858 αὐτῆς
1369 1824 1506 1858 δουλείας¹
1540 1827 1648 1859 εἰκότως
1685 1826 1895 1866 ἠλευθερώμεθα

1064 1872 1110 1897 τοῦ
1124 1869 1190 1896 κατὰ
1204 1870 1249 1896 τὸν
1276 1870 1385 1898 θάνατον
1410 1869 1501 1910 φόϐου,
1536 1872 1584 1900 Καὶ
1613 1871 1668 1899 ἔστι
1703 1874 1780 1899 τοῦτο
1795 1873 1841 1899 καὶ
1867 1872 1896 1900 ἐν

1063 1913 1226 1944 abiete-:01;
1256 1912 1341 1952 ἔργοις
1370 1915 1460 1955 σαφῶς
1496 1914 1624 1946 κατιδεῖν,
1642 1917 1672 1944 Οἱ
1699 1916 1749 1955 γὰρ
1775 1917 1837 1955 πρὶν
1854 1918 1895 1948 ὡς

1062 1955 1186 1995 μέγιστον
1227 1959 1308 1985 κακὸν
1349 1960 1390 1987 καὶ
1428 1958 1624 1999 ἀνυπέρϐλητον
1665 1959 1823 2000 φοϐούμενοί
1862 1972 1895 1989 τε

1062 2010 1105 2028 και
1134 2000 1342 2040 ἀποτρεπόμενοι
1369 2003 1413 2030 τὸν
1462 2004 1583 2041 θάνατον,
1613 2007 1656 2032 νῦν
1686 2005 1722 2036 ὡς
1751 2004 1894 2042 βελτίονος

1062 2046 1117 2083 βίου
1144 2046 1289 2084 μεταϐολὸν
1307 2049 1350 2076 καὶ
1378 2050 1527 2087 προοίμιον,
1552 2051 1690 2090 χαίροντες
1725 2051 1790 2088 πρὸς
1807 2052 1895 2080 αὐτὸν

1061 2094 1205 2131 χωροῦσιν,
1229 2091 1289 2120 ὅταν
1318 2093 1381 2131 ὑπὲρ
1416 2097 1528 2133 Χριστοῦ
1555 2095 1598 2122 καὶ
1624 2098 1677 2122 τῶν
1702 2095 1780 2123 αὐτοῦ
1795 2096 1894 2133 νόμων

1060 2135 1130 2173 παρὰ
1155 2139 1207 2163 τῶν
1235 2135 1383 2164 διωκόιτων
1411 2137 1556 2177 ἐπάγηται,
1588 2137 1652 2178 Ἄρα
1679 2140 1709 2167 οὗ
1729 2144 1891 2180 περιφανῶς

1060 2177 1209 2214 ἀπήλλαξεν
1224 2181 1294 2218 ἡμᾶς
1311 2182 1324 2209 ὁ
1339 2183 1432 2221 Σωτῆρ
1448 2186 1492 2210 τοῦ
1520 2183 1588 2211 κατὰ
1602 2177 1647 2211 τὸν
1662 2177 1773 2212 θάνατον
1787 2177 1890 2224 ᾴόὸου,

1059 2224 1102 2251 καὶ
1116 2226 1166 2257 τῆς
1179 2223 1279 2253 ἐκεῖθεν
1295 2224 1411 2257 δουλείας
1428 2236 1436 2266 ς

1102 2322 1116 2342 ι
1147 2313 1182 2341 Οὔ
1211 2314 1260 2353 γὰρ
1286 2313 1370 2349 δήπου
1406 2315 1526 2355 ἀγγέλων
1565 2316 1784 2355 ἐπιλαμϐάνεται.
1815 2318 1890 2347 ἀλλά

1059 2357 1218 2404 οπέρματος,
1237 2357 1358 2398 Ἀϐραὰμ.
1377 2402 1384 2404 ᾇ
1402 2359 1621 2404 ἐπιλαμϐάνεται.
1675 2357 1758 2390 ἰΟθεν
1796 2363 1888 2404 ὤφει-

1058 2401 1087 2429 λε
1102 2402 1168 2429 κατὰ
1183 2402 1269 2431 πάντα
1283 2410 1341 2432 τοῖς
1356 2402 1480 2444 ἀδελφοῖς
1496 2405 1670 2443 ὁμοιωθῆναι,
1693 2405 1740 2434 ἵνα
1756 2401 1887 2445 ἐλεήμων

1057 2446 1165 2485 γένηται
1180 2448 1223 2474 καὶ
1238 2448 1330 2480 πιστὸς
1345 2448 1482 2488 ἀρχιερεὺς
1516 2450 1549 2477 τὰ
1584 2451 1648 2489 πρὸς
1675 2451 1720 2478 τὸν
1749 2453 1827 2490 Θεὸν,
1846 2453 1887 2484 εἰς

1056 2491 1088 2535 το
1115 2489 1264 2518 ἱλάσκεσθαι
1292 2492 1336 2524 τὰς
1362 2492 1489 2532 ἁμαρτίας
1517 2498 1562 2523 τοῦ
1599 2493 1675 2524 λαοῦ,
1704 2495 1750 2524 Ἐν
1779 2497 1802 2533 ᾧ
1820 2489 1885 2535 γὰρ

1057 2534 1182 2562 πέπονθεν
1198 2536 1273 2568 αὐτὸς
1283 2537 1440 2575 πειρασθεὶς,
1459 2536 1563 2566 δύναται
1591 2545 1651 2571 τοῖς
1675 2540 1882 2579 πειραζομένοις

1052 2579 1181 2617 βοηθῆσαι
1187 2601 1193 2608 .
1221 2590 1232 2607 «

1096 2635 1109 2651 tr
1126 2623 1209 2654 Ἀλλὰ
1221 2625 1370 2665 σπέρματος
1402 2625 1522 2666 ’Λϐραὰμ
1555 2627 1776 2666 ἐπιλαμϐάνεται.
1803 2641 1817 2659 ι
1844 2633 1883 2661 Τὸ
1927 2652 1928 2655 η

183 2674 402 2714 Apprehendit,
419 2673 567 2713 signiﬁcat
582 2671 661 2712 quod
675 2680 727 2701 ms
738 2669 859 2710 quidem
875 2669 1012 2714 homines

1102 2667 1387 2714 EtlapSaivecatranloI,
1403 2670 1443 2699 ὅτι
1458 2673 1540 2709 ἡμεῖς
1555 2673 1603 2710 μὲν
1633 2674 1710 2702 αὐτὸν
1732 2673 1883 2714 ἐφεύγομεν

181 2712 280 2759 ipsum
300 2712 498 2759 fugiebamus,
516 2717 650 2748 Christus
670 2724 740 2746 vero
765 2713 1009 2760 persequebatur,

1102 2712 1232 2753 ἱνθρωποι,
1249 2716 1262 2742 ὁ
1285 2713 1312 2742 δὲ
1340 2716 1450 2754 Χριστὸς
1477 2715 1578 2755 ἐδίωκε,
1609 2719 1653 2746 καὶ
1673 2712 1777 2747 διώκων
1793 2712 1881 2760 ἔφθα-

183 2769 212 2796 et
228 2764 436 2805 persequendo
451 2763 556 2802 attigit,
574 2771 607 2793 ac
634 2761 784 2798 attingens
801 2759 1009 2799 apprehendit.

1107 2759 1151 2785 καὶ
1187 2759 1285 2799 φθάσας
1325 2759 1478 2792 ἐπελάϐετο.
1528 2764 1581 2791 Οὐκ
1622 2762 1742 2801 ἀγγέλων
1772 2765 1880 2804 φύσεως
