1936 3080
197 154 256 187 303

197 223 260 246 rem
278 215 474 254 confessionis
500 218 610 245 nostra!
629 212 781 244 Christum
797 211 921 244 Iesum:
938 215 1018 254 quod

195 258 292 299 ﬁdelis
305 260 344 290 sit
358 261 386 290 ei
400 259 559 298 quiipsum
574 256 911 296 /ecit,quemadmodum
921 259 1017 290 Moses

194 304 300 334 intota
314 303 401 334 domo
415 311 482 332 sua.
512 302 607 332 Tanto
627 309 760 340 namque
780 302 894 340 majore
917 302 1017 342 gloria

196 356 289 388 quam
303 346 399 378 Moses
409 346 459 377 hic
472 346 584 385 dignus
594 348 638 376 est
652 344 783 381 habitus,
797 350 911 384 quanto
926 348 1018 385 maio-

195 400 259 422 rem
284 390 375 421 habet
394 391 542 420 honorem
568 389 596 420 is
615 391 670 428 qui
694 391 868 421 construxit
895 391 1016 421 domum

195 445 287 476 quam
302 437 368 475 ipsa
384 435 501 466 domus.

238 479 270 511 Si
291 479 380 518 igitur
404 478 564 518 participes
591 487 625 508 ac
649 478 723 509 socii
758 479 828 509 estis
856 480 1018 511 vocationis

196 523 336 560 ccelestis,
361 531 426 563 quae
447 522 490 552 ibi
510 526 578 552 sunt
603 523 743 562 quaerite.
770 523 908 563 nullaque
936 524 1018 555 vobis

194 568 268 599 ratio
279 567 430 598 siteorum
447 575 512 606 qua)
533 566 580 596 hic
593 571 669 597 sunt.
688 579 700 594 «
716 567 889 607 Apostolum
901 572 929 599 et
941 578 1017 608 pon-

195 612 316 643 tiﬁcem.
337 622 350 642 ι
366 611 421 642 Ubi
433 611 468 641 ad
484 610 735 650 dispensationem
753 612 896 651 pervenit,
919 613 1018 643 omnia

195 657 339 696 deinceps
361 655 486 686 humilia
501 655 648 695 intrepide
665 655 823 696 eloquitur.
845 656 1017 696 Apostolum

195 705 292 732 autem
308 701 370 731 sive
386 700 513 739 legatum
527 699 600 730 dicit
614 700 722 739 ipsum.
739 700 809 740 quia
820 700 927 732 missus
943 704 988 731 est
1002 710 1019 731 a

196 747 282 776 Patre
304 748 442 784 tanquam
466 744 567 780 homo,
594 742 795 774 Confessionis
825 753 905 780 vero,
937 745 1016 776 ﬁdei.

196 800 211 821 ‹
228 790 311 826 Quod
323 789 420 820 ﬁdelis
430 789 478 820 sit.
491 800 503 818 ι)
518 788 634 824 Fidem.
652 789 760 828 inquit,
778 789 907 819 servavit
923 789 1018 820 bene-

194 834 361 875 placentem
369 833 604 872 Patri.idemque
611 842 676 863 cum
687 843 721 863 eo
729 833 866 863 sensitde
873 834 1019 864 servando

196 879 315 920 populo.
334 878 379 918 Ei,
399 878 507 918 inquit,
533 879 581 917 qui
599 877 697 917 ipsum
719 878 788 908 fecit
802 878 971 917 apostolum
985 887 1018 909 ac

196 924 379 964 pontiﬁcem,
396 923 451 953 hoc
469 926 524 958 est,
539 922 615 952 Patri
631 931 696 952 suo.
714 921 792 952 Nihil
809 927 907 953 autem
920 923 1018 954 admi—

195 967 320 998 randum
336 967 360 997 si
376 966 418 996 ita
430 966 598 1006 loquantur,
615 966 690 996 facta
704 966 764 1005 jam
784 966 877 997 semel
894 966 1017 1006 dispen-

195 1011 318 1043 sationis
342 1011 502 1042 mentione.
523 1021 534 1038 ιι
552 1010 588 1040 Ει
609 1011 660 1050 qui
687 1011 784 1050 ipsum
811 1011 882 1042 fecit
912 1024 923 1039 »
943 1011 1017 1047 Quid

195 1056 288 1088 fecit?
301 1055 473 1095 Apostolum
490 1065 524 1085 ac
540 1055 722 1094 pontiﬁcem.
741 1055 802 1085 Hoc
820 1055 885 1086 loco
910 1065 968 1086 non
982 1056 1019 1086 de

195 1101 357 1132 substantia
382 1099 514 1140 loquitur
535 1108 631 1137 neque
660 1099 698 1129 de
726 1099 893 1134 divinitate.
913 1100 965 1130 sed
980 1100 1018 1131 de

195 1145 385 1186 dignitatibus
401 1144 552 1175 humanis.
572 1155 586 1171 ι
603 1143 859 1179 Quemadmodum
877 1147 973 1176 Moses
987 1145 1017 1175 in

194 1194 256 1222 tota
278 1190 367 1220 domo
392 1197 455 1220 sua.
475 1200 489 1216 ι
510 1188 653 1219 Futurum
677 1192 722 1218 est
746 1192 778 1218 ut
805 1189 834 1219 in
860 1198 1017 1229 progressu

195 1238 345 1276 praeponat
367 1233 515 1264 Christum
535 1232 627 1263 Mosi:
646 1241 749 1263 verum
766 1233 907 1273 quoniam
934 1233 964 1264 bi
980 1233 1016 1264 ad

196 1289 270 1320 quos
284 1282 329 1309 est
341 1286 451 1318 sermo,
468 1277 523 1308 etsi
547 1277 651 1307 ﬁdeles
674 1281 769 1314 erant,
797 1277 956 1317 plurimum
970 1282 1015 1308 ta-

197 1333 265 1354 men
282 1327 311 1354 et
323 1321 424 1362 gloriae
435 1326 464 1352 et
479 1321 600 1352 honoris
616 1321 714 1352 adhuc
735 1322 806 1352 Mosi
832 1322 1016 1352 deferebant.

194 1377 233 1398 ne
257 1368 392 1407 protinus
416 1375 484 1397 suas
508 1365 683 1396 obturarent
707 1375 804 1403 aures,
832 1375 891 1396 non
920 1366 1016 1396 statim

196 1411 342 1452 praeponit
349 1411 498 1442 Christum
514 1410 655 1447 Mosi,sed
668 1409 786 1440 interim
794 1414 900 1450 aquai,
910 1410 1018 1441 deinde

197 1456 227 1486 in
244 1464 402 1496 progressu
418 1454 572 1494 praeponit.
584 1453 672 1485 Suam
688 1458 785 1484 autem
802 1455 922 1485 domum
933 1464 1019 1485 voca-

195 1500 235 1530 vit
251 1499 389 1540 populum
403 1507 409 1529 :
425 1507 513 1539 porro
529 1497 670 1538 populum
683 1498 757 1528 dixit
768 1498 865 1536 Mosis,
878 1499 1017 1539 quoniam

194 1544 268 1586 ipsis
282 1543 437 1584 praefectus
453 1547 526 1573 erat.
539 1542 612 1573 Nam
629 1547 657 1574 et
672 1543 752 1574 Deus
772 1543 845 1573 dixit
860 1544 897 1574 ad
922 1553 990 1574 eum
1008 1553 1014 1575 :

199 1602 209 1618 ι
223 1588 358 1620 Peccavit
369 1588 496 1628 populus
508 1591 576 1618 tuus
586 1587 628 1618 90.
644 1587 979 1623 n—«Quemadmodum
990 1592 1019 1618 et

197 1636 306 1671 Moses,
324 1645 337 1660 ι»
357 1632 464 1672 inquit.
488 1632 609 1662 Frustra
632 1631 721 1669 igitur
741 1641 787 1662 me
802 1632 1019 1663 calumniantur

197 1679 277 1719 apud
293 1687 356 1714 vos,
369 1676 419 1717 qui
435 1685 483 1706 me
491 1675 596 1706 dicunt
607 1675 826 1706 defunctionem
842 1685 858 1706 a
873 1678 954 1708 Mose
963 1676 1018 1707 do-

196 1731 276 1760 cere,
289 1726 318 1753 et
333 1730 402 1761 erga
419 1721 516 1760 ipsum
533 1720 655 1751 inimico
671 1720 811 1750 affectum
828 1730 892 1751 esse
905 1721 1015 1752 animo.

198 1768 261 1799 Hoc
288 1770 388 1798 autem
413 1765 489 1796 clam
514 1769 543 1794 et
564 1774 623 1794 non
644 1773 679 1794 ex
705 1764 854 1804 proposito
880 1773 1018 1796 sermone

194 1811 309 1842 inducit
322 1814 355 1841 ut
369 1809 461 1849 magis
477 1810 672 1849 persuadeat:
687 1817 755 1838 nam
772 1808 848 1848 quod
867 1809 902 1839 ad
916 1809 1018 1840 defen-

194 1857 309 1887 sionem
335 1859 468 1895 paratum
494 1858 549 1892 est,
567 1853 730 1892 suspicioni
755 1852 847 1892 magis
872 1853 1016 1893 subjacet.

199 1911 210 1929 α
229 1899 333 1940 Majori
352 1898 445 1938 gloria
464 1897 513 1928 hic
528 1897 645 1936 dignus.
666 1908 678 1925 υ
694 1897 765 1927 Cum
782 1896 903 1927 dixisset
917 1906 1017 1937 aequa-

194 1945 307 1975 litatem
328 1942 437 1974 Christi
459 1942 494 1972 ad
518 1942 642 1978 Mosem,
673 1950 752 1971 nunc
780 1941 919 1980 paulatim
945 1941 1019 1971 dixit

756 148 962 184 (ECUMENII
983 148 1130 180 TRICC/E
1150 146 1316 180 EPISCOPI

1821 142 1879 176 304

1029 219 1108 249 Λτῆς
1143 215 1287 255 ὁμολογίας
1322 216 1398 253 ἡμῶν
1453 214 1555 248 Ἰησοῦν
1605 214 1727 254 Χριστὸν,
1783 212 1878 240 πιστὸν

1058 259 1118 289 ὄντα
1153 263 1191 297 τῷ
1219 271 1359 294 ποιησαντι
1387 259 1464 288 αὐτὸν
1492 261 1529 292 ὡς
1564 259 1607 287 καὶ
1636 260 1735 292 Μωσῆς
1769 257 1797 285 ἐν

1057 308 1096 342 τῷ
1123 303 1192 342 οἴκῳ
1220 304 1309 334 αὐτοῦ.
1350 303 1472 335 Πλείονος
1508 304 1557 343 γὰρ
1593 302 1671 336 δόξης
1703 302 1777 333 οὗτος
1808 301 1880 340 παρὰ

1059 351 1157 382 Μωσῆν
1185 349 1305 388 ἠξίωνται,
1335 347 1394 376 καθ’
1424 347 1487 376 ὅσον
1513 347 1622 375 πλείονα
1644 346 1726 384 τιμὴν
1747 345 1808 386 ίχει
1837 355 1882 373 τω

1059 393 1135 421 οἴκου
1156 394 1170 421 ὁ
1185 393 1383 423 κατασκευάσας
1398 392 1490 421 αὐτόν.
1509 402 1522 420 ι

1100 481 1129 509 Εἴ
1143 481 1188 508 οὗν
1214 481 1326 520 μέτοχοι
1362 480 1406 508 καὶ
1433 481 1555 509 κοινωνοί
1589 479 1647 508 ἐστε
1681 481 1730 512 τῆς
1758 477 1881 512 κλήσεως

1058 527 1108 558 τῆς
1123 524 1287 564 ἐπουρανίου,
1311 525 1344 553 τὰ
1375 524 1432 552 ἐκεῖ
1465 528 1583 561 ζητεῖτε,
1618 524 1661 552 καὶ
1690 527 1742 551 τῶν
1771 522 1882 550 ἐνταῦθα

1058 568 1137 608 λόγος
1158 570 1223 606 ὑμῖν
1244 569 1311 597 ἔστω
1333 568 1436 607 μηδείς.
1465 579 1476 596 ε
1496 570 1546 597 Τὸν
1562 567 1709 597 ἀπόστολον
1723 568 1767 595 καὶ
1783 566 1881 606 ἀρχιε-

1059 613 1115 652 ρέα.
1136 624 1148 641 ιι
1182 608 1279 641 Ἐλθὼν
1305 614 1341 644 εἷς
1376 613 1426 646 τὴν
1461 613 1620 650 οἰκονομίαν,
1657 611 1760 640 ἅπαντα
1788 610 1882 638 λοιπὸν

1059 656 1141 688 ἀδεῶς
1177 658 1210 685 τὰ
1233 658 1344 685 ταπεινὰ
1393 657 1543 697 φθέγγεται.
1582 656 1744 685 Ἀπόστολον
1766 654 1795 683 δὲ
1839 654 1882 682 αὖ·

1059 702 1103 729 τόν
1134 713 1210 741 φησι,
1240 701 1304 729 διότι
1333 700 1495 730 ἀπέσταλται
1540 701 1611 739 παρὰ
1638 704 1684 728 τοῦ
1708 700 1812 739 Πατρὸς
1848 700 1883 730 ὼς

1060 745 1205 784 ἄνθρωπος.
1237 741 1396 784 Ὀμολογίας
1436 744 1474 781 δὲ,
1502 748 1551 779 τῆς
1585 745 1710 776 πίστεως,
1750 753 1762 772 ι
1785 744 1882 771 Πιστὸν

1060 788 1133 819 ὄντα.
1152 801 1165 817 n
1184 790 1323 825 Εὒνοϊκὸν,
1348 790 1423 829 φησὶ,
1446 790 1532 817 πίστιν
1557 789 1722 827 τετηρηκότα
1733 791 1772 824 τῷ
1788 787 1880 826 III-.92,

1059 835 1103 862 καὶ
1117 835 1148 862 τὸ
1162 835 1224 863 αὐτὸ
1239 837 1366 873 φρονοῦτα
1382 834 1453 871 αὖτῷ
1481 835 1538 871 περὶ
1565 834 1597 861 τὸ
1630 833 1722 868 σώζειν
1744 834 1789 860 τὸν
1806 831 1879 862 λαόν,

1060 881 1103 915 Τῷ
1126 879 1267 913 ποιήσαντι
1302 878 1392 914 αὺτὸν,
1415 879 1506 917 φησὶν,
1530 876 1678 905 ἀπόστολον
1712 877 1756 904 καὶ
1791 876 1882 915 ἀρχιε-

1059 922 1116 961 ρέα,
1146 922 1276 962 τουτέστι,
1305 925 1344 959 τῷ
1377 923 1456 961 Πατρὶ
1485 923 1572 953 αὐτοῦ.
1610 920 1689 951 Οὐδὲν
1718 919 1745 948 δὲ
1772 919 1880 948 ἐνταῦθα

1059 967 1206 1004 θαυμαστὸν
1234 967 1255 994 εἰ
1276 966 1345 995 οὕτω
1368 966 1451 1005 λέγει,
1478 965 1547 998 ἅπαξ
1575 968 1624 999 τῆς
1650 966 1803 1003 οἰκονομίας
1819 964 1879 992 ἐπι-

1059 1010 1216 1048 λαϐόμενος,
1241 1023 1255 1038 α
1273 1015 1316 1048 Τῷ
1337 1012 1478 1046 ποιήσαντι
1500 1010 1589 1039 αὐτόν.
1608 1021 1620 1038 ι
1659 1010 1689 1039 Τί
1717 1010 1878 1047 ποιήσαντι,

1058 1055 1205 1084 ἀπόστολον
1233 1056 1276 1083 καὶ
1305 1055 1441 1095 ἀρχιερέα,
1471 1054 1597 1083 Ἐνταῦθσ
1644 1055 1674 1082 οὒ
1703 1054 1762 1092 περὶ
1793 1053 1878 1084 (facta:

1059 1100 1149 1139 φησὶν,
1181 1098 1238 1127 οὐδὲ
1272 1100 1331 1138 περὶ
1359 1099 1495 1135 θεότητος,
1526 1098 1594 1126 ἀλλὰ
1620 1099 1679 1136 περὶ
1723 1097 1878 1135 ἀξιωμάτων

1059 1144 1237 1183 ἀνθρωπίνων,
1261 1153 1277 1174 ι
1295 1139 1340 1175 Ὠς
1355 1145 1398 1171 καὶ
1415 1144 1512 1176 Μωσῆς
1541 1142 1568 1170 ἒν
1588 1142 1643 1180 ὅλῳ
1677 1146 1716 1179 τῷ
1743 1142 1815 1177 οἴκῳ
1830 1142 1876 1169 αὖ·

1058 1191 1114 1219 τοῦ,
1139 1199 1153 1215 ιι
1178 1187 1273 1215 Μέλλει
1288 1188 1391 1226 προϊὼν
1405 1188 1449 1215 τὸν
1464 1187 1532 1214 κατὰ
1559 1187 1642 1226 σάρκα
1670 1187 1794 1225 Χριστὸν,
1812 1196 1876 1224 προ-

1057 1231 1153 1260 τιθέναι
1175 1231 1319 1268 Μιιϋσέως,
1334 1231 1394 1260 ἄλλ’
1417 1230 1508 1264 ἐπειδὴ
1524 1231 1546 1258 εἰ
1561 1231 1605 1258 καὶ
1618 1231 1706 1258 πιστοὶ
1725 1229 1795 1263 ἦσαν
1810 1231 1876 1257 οὗτοι

1058 1277 1123 1315 πρὸς
1141 1275 1185 1308 οὓς
1205 1277 1219 1304 ὁ
1230 1275 1320 1315 λόγος,
1336 1274 1455 1314 μεγάλας
1470 1275 1508 1303 ’ἐτι
1523 1273 1598 1307 δοξας
1613 1274 1694 1313 εἶχον
1709 1274 1769 1312 περὶ
1782 1273 1876 1301 Μωσέ-

1058 1331 1106 1357 ως,
1122 1320 1168 1348 ’ίνα
1189 1321 1228 1358 μὴ
1244 1320 1337 1351 εὐθέως
1351 1318 1534 1359 ἀποφράξωσιν
1569 1319 1654 1346 αὐτῶν
1680 1319 1713 1346 τὰ
1741 1318 1810 1355 ὦτα,
1833 1318 1877 1344 οὐκ

1059 1365 1151 1396 εὒθέως
1193 1364 1329 1404 προτίθησι
1355 1364 1469 1395 Μωσέως
1496 1364 1541 1391 τὸν
1564 1363 1685 1402 Χριστὸν,
1716 1361 1787 1390 ἀλλὰ
1813 1362 1876 1392 τέως

1059 1408 1153 1445 ἐξισοῖ,
1170 1409 1231 1436 εἶτα
1259 1409 1361 1447 προϊὼν
1389 1408 1552 1446 προτίθησιν.
1575 1407 1658 1435 οἶκον
1685 1405 1713 1434 δὲ
1738 1408 1819 1436 αξιτοῦ
1833 1407 1874 1433 τὸν

1060 1452 1122 1481 λαὸν
1144 1451 1277 1482 ἐκάλεσεν.
1301 1453 1385 1480 Αὐτοῦ
1406 1451 1433 1479 δὲ
1453 1452 1500 1479 τὸν
1526 1450 1589 1479 λαὸν
1604 1450 1666 1478 εἶπε
1681 1455 1728 1480 τοῦ
1749 1450 1874 1486 Μωσέως,

1027 1496 1123 1544 ϐδιότι
1139 1497 1281 1544 προστήκει
1305 1498 1400 1544 «trav.
1431 1497 1479 1525 Καὶ
1506 1496 1555 1535 γὰρ
1577 1496 1590 1523 ὁ
1619 1495 1696 1544 Θεόςι
1713 1505 1781 1535 φησι
1814 1495 1875 1533 πρὸς

1059 1542 1148 1579 αὐτὸν,
1159 1534 1206 1570 t'o
1218 1541 1281 1572 λαός
1294 1551 1340 1568 σου
1355 1539 1481 1578 ἥμαρτεν.
1497 1534 1660 1579 ιν-[ΦΩΤᾸ
1671 1534 1734 1571 ιὬς
1743 1540 1790 1567 χαὶ
1801 1542 1875 1566 Mmo-

1059 1589 1108 1619 σῆς
1122 1596 1130 1603 ’
1149 1597 1162 1613 ι
1180 1585 1248 1614 ὥστε
1276 1585 1363 1618 μάτην
1383 1582 1602 1623 διαλοιδοροῦνταί
1622 1594 1667 1620 μοι
1687 1584 1753 1622 πρὸς
1772 1584 1840 1617 ὑμᾶς
1855 1584 1875 1610 οἱ

1059 1630 1220 1658 ἀποστασίαν
1241 1640 1275 1668 με
1289 1628 1410 1668 λέγοντες
1440 1629 1492 1656 ἀπὸ
1528 1628 1643 1660 Μωσέως
1670 1626 1814 1664 διδάσκειν,
1836 1627 1876 1655 καὶ

1060 1676 1124 1714 πρὸς
1137 1675 1214 1702 αὖτὸν
1248 1673 1380 1711 δυσμενῶς
1396 1672 1554 1703 διακεῖσθαι,
1583 1671 1737 1705 Λεληθότως
1761 1671 1789 1699 δὲ
1817 1674 1876 1700 τοῦ-

1059 1731 1089 1748 το
1115 1720 1158 1747 καὶ
1193 1720 1223 1747 οὖ
1256 1719 1324 1747 κατὰ
1357 1717 1554 1756 προηγούμενον
1582 1716 1660 1755 λόγον
1691 1716 1804 1755 εἰσάγει,
1833 1716 1875 1743 ’ἔνι

1060 1763 1160 1795 μᾶλλον
1174 1763 1262 1801 πείσῃ.
1286 1763 1322 1792 Τὸ
1351 1763 1401 1801 γὰρ
1429 1762 1465 1793 εἷς
1494 1759 1639 1799 ἀπολογίαν
1665 1760 1877 1799 παρεσκευασμέ-

1057 1820 1100 1836 νον
1117 1807 1217 1845 μᾶλλον
1245 1806 1374 1836 ὕποπτον.
1393 1817 1407 1833 α
1425 1805 1548 1836 Πλείονος
1570 1805 1620 1844 γὰρ
1647 1803 1725 1838 δόξης
1757 1806 1842 1837 οὗτος.
1862 1816 1874 1831 ι

1059 1853 1146 1881 Εἰπὼν
1168 1852 1215 1885 τὴν
1251 1852 1316 1890 πρὸς
1346 1852 1444 1883 Μωσῆν
1474 1849 1582 1882 ἰσότητα
1615 1852 1658 1877 τοῦ
1686 1851 1812 1888 Χριστοῦ,
1834 1853 1875 1876 νῦν

1058 1897 1144 1936 ἡρέμα
1158 1896 1207 1930 τὴν
1221 1895 1357 1935 ὑπεροχὴν
1378 1894 1461 1934 λέγει,
1481 1905 1494 1921 α
1512 1893 1632 1926 Πλείονος
1669 1894 1756 1924 οὗτος.
1775 1902 1790 1923 )
1815 1894 1874 1931 Τίς,

1059 1943 1073 1969 ὁ
1101 1942 1169 1969 κατὰ
1197 1940 1279 1980 σάρκα
1314 1939 1451 1977 νοούμενος
1475 1937 1598 1978 Χριστός,
1630 1949 1644 1965 α
1676 1938 1747 1976 Παρὰ
1780 1939 1876 1970 Μωσῆν

1029 861 1049 886 Β

195 1987 415 2020 excellentiam.
447 1999 460 2014 ι
485 1985 593 2024 Majore
616 1985 676 2016 hic.
701 1997 714 2012 ι›
744 1984 837 2020 Quis?
858 1985 913 2021 Qui
935 1986 1018 2025 juxta

1100 1997 1136 2019 nc
1157 1985 1276 2022 ἠξίωται,
1293 1984 1351 2012 καθ’
1379 1983 1450 2020 ὅσον,
1481 1983 1556 2023 φησὶ,
1586 1981 1693 2010 πλείονα
1721 1983 1804 2020 τιμὴν
1819 1981 1874 2021 ἔχει

193 2042 313 2064 carnem
326 2031 500 2070 intelligitur
515 2030 660 2061 Christus.
681 2030 810 2068 «Μελίη-θ
823 2029 916 2068 gloria
930 2039 1017 2069 quam

1100 2029 1205 2069 ἱοῗκου,
1223 2031 1237 2057 ὁ
1252 2028 1447 2060 κατασκευάσας
1471 2027 1559 2056 αὑτόν.
1586 2037 1597 2055 n
1627 2027 1678 2055 Νὖν
1699 2026 1748 2060 τὴν
1766 2026 1876 2058 ὑστάτην

195 2077 291 2108 Moses
320 2075 369 2106 hic
392 2069 499 2114 dignus
519 2078 564 2104 est
591 2073 720 2110 habitus,
737 2078 846 2113 quanto
875 2074 1015 2113 majorem

1100 2074 1205 2114 εροχὴν,
1222 2074 1265 2102 καὶ
1293 2073 1343 2106 ὅση
1367 2075 1430 2100 Θεοῦ
1465 2072 1530 2111 πρὸς
1552 2070 1686 2109 ἄνθρωπον
1721 2070 1809 2110 λέγει,
1834 2069 1874 2098 καί

193 2121 282 2152 habet
308 2120 452 2150 honorem
480 2118 506 2149 is
547 2119 596 2158 qui
621 2118 784 2148 construxit
799 2117 919 2148 domum
931 2127 1018 2157 quam

1100 2130 1123 2146 σι
1140 2127 1147 2134 '
1169 2119 1264 2150 Πιστὸς
1280 2117 1328 2155 μὲν
1347 2117 1380 2150 ἦν
1396 2118 1495 2150 Μωσῆς
1516 2115 1580 2154 ὑπὲρ
1606 2115 1691 2143 πάντα
1718 2115 1766 2143 τὸν
1790 2115 1872 2150 οἶκον,

194 2166 259 2206 ipsa
273 2165 392 2196 domus.
410 2176 424 2191 ι
441 2163 611 2206 Ειιιιειιιοιιι
625 2171 702 2192 nunc
722 2161 805 2202 ponit
820 2163 1018 2201 praeeminen-

1100 2164 1187 2198 ιτέστι,
1204 2164 1250 2190 τὸν
1282 2162 1356 2190 λαόν.
1388 2160 1462 2194 Πλὴν
1485 2160 1529 2188 καὶ
1553 2160 1631 2191 «ore;
1652 2163 1698 2188 τοῦ
1733 2159 1810 2188 οἴκου
1829 2159 1874 2194 ἧν,

194 2198 265 2240 tiam
276 2209 346 2240 535
360 2213 528 2249 quantaque
544 2211 591 2237 est
605 2205 658 2237 Dei
676 2206 711 2237 ad
722 2198 890 2243 hominem,
908 2212 938 2237 et
952 2209 991 2237 ait
1007 2230 1014 2236 .

1100 2230 1103 2236 ν
1116 2211 1162 2236 τοῦ
1176 2207 1241 2235 λαοῦ
1254 2208 1307 2238 εἷς,
1332 2209 1460 2235 Τοσοῦτον
1489 2204 1534 2232 οὗν
1555 2203 1675 2235 πλείονος
1709 2202 1788 2238 δόξης
1802 2205 1816 2232 ὁ
1828 2213 1874 2231 κα-

194 2255 306 2286 Fidelis
328 2247 448 2294 quidem
472 2256 536 2282 erat
559 2253 656 2282 Moses
671 2259 762 2290 super
776 2254 865 2280 totam
883 2250 1015 2287 domum,

1106 2252 1189 2291 σάρκα
1211 2251 1322 2290 Χριστὸς
1336 2249 1408 2288 παρά
1431 2251 1530 2282 Μωσῆν
1544 2248 1678 2285 Minuci.”
1707 2247 1768 2277 ὅσον
1793 2248 1872 2294 εἰκὸς,

192 2299 222 2330 id
238 2304 292 2334 est.
309 2288 462 2338 populum,
477 2296 542 2336 ipse
558 2300 656 2326 tamen
683 2288 771 2325 etiam
796 2304 830 2325 ex
853 2295 941 2325 domo
957 2300 1018 2326 erat

1100 2288 1146 2334 σὶ,’
1164 2297 1209 2323 τὸν
1236 2288 1402 2334 ’δημιουργὸν
1432 2296 1477 2338 τοῦ
1515 2292 1762 2331 δημιουργήματος,
1793 2288 1872 2338 Ὀσον

191 2348 220 2375 et
247 2335 323 2374 unus
348 2335 364 2374 ὲ
390 2335 510 2382 populo.
541 2339 635 2371 Tanto
662 2339 755 2378 igitur
779 2339 913 2370 Christus
933 2340 1018 2379 juxta

1100 2352 1119 2377 3,
1137 2340 1200 2380 φησὶ
1215 2338 1322 2367 πλείονα
1337 2338 1418 2375 τιμὴν
1433 2336 1492 2376 ἔχει
1518 2341 1564 2366 τοῦ
1592 2337 1668 2365 οἴκου
1683 2338 1697 2364 ὁ
1711 2335 1872 2365 κατασκευά-

193 2397 312 2419 carnem
345 2379 457 2427 majore
483 2384 577 2424 gloria
603 2384 710 2423 dignus
726 2387 771 2414 est
796 2383 914 2414 habitus
928 2393 1016 2424 quam

1100 2396 1106 2416 :
1123 2379 1211 2414 αὖτόν.
1227 2383 1312 2412 οἷκον
1324 2383 1373 2421 γὰρ
1388 2381 1507 2417 ἐνταῦθα,
1537 2381 1582 2409 τὸν
1605 2379 1670 2408 λαὸν
1698 2382 1745 2409 σὺν
1760 2384 1798 2419 τῷ
1812 2383 1872 2408 Μω-

193 2435 300 2471 Moses,
317 2424 439 2472 quanto,
456 2430 562 2470 inquit.
580 2433 748 2469 aequumest
760 2428 929 2459 Creatorem
938 2438 1016 2467 pra:-

1100 2436 1101 2440 ‘
1118 2428 1203 2468 λέγει,
1218 2426 1310 2460 ἐπειδὴ
1325 2427 1369 2454 καὶ
1384 2427 1496 2465 Μωσῆς,
1517 2425 1559 2457 εἷς
1587 2424 1620 2458 ἦν
1634 2429 1680 2454 τοῦ
1696 2424 1761 2454 λαοῦ
1778 2433 1785 2440 ·
1802 2434 1873 2456 ποιη-

192 2470 302 2509 cellere
326 2470 491 2507 creatum:
509 2483 590 2509 nam.
608 2478 718 2514 quanto
735 2473 892 2512 maforem,
908 2473 1015 2514 inquit,

1100 2485 1106 2506 ;
1127 2473 1154 2501 δὲ
1168 2476 1214 2501 τοῦ
1225 2471 1302 2500 οἴκου
1316 2472 1330 2499 ὁ
1345 2470 1468 2510 Χριστός.

190 2523 280 2553 habet
296 2522 440 2552 honorem
457 2520 481 2550 is
497 2519 549 2559 qui
563 2512 684 2548 domum
699 2518 875 2554 construxit,
906 2512 992 2558 quam
1008 2518 1072 2558 ipsa
1097 2517 1215 2548 domus.
1245 2515 1399 2555 Siquidem
1410 2558 1414 2559 γ
1427 2514 1548 2544 domum
1576 2513 1633 2544 hoc
1658 2513 1723 2545 loco
1737 2512 1871 2554 populum

188 2567 327 2607 appellat,
345 2564 396 2605 qui
411 2573 478 2594 cum
495 2558 574 2594 Mose
590 2566 672 2593 erat:
690 2562 930 2602 quandoquidem
947 2567 976 2593 et
992 2565 1085 2594 Moses
1101 2571 1179 2593 unus
1193 2565 1255 2591 erat
1283 2568 1300 2590 e
1328 2558 1457 2600 populo:
1487 2561 1654 2589 exstructor
1680 2567 1748 2589 vcro
1773 2559 1873 2589 domus

191 2615 253 2643 erat
268 2611 414 2642 Christus.

228 2639 478 2693 omnis
489 2653 569 2683 enim
585 2651 691 2682 domus
705 2652 901 2682 constituitur
908 2650 946 2682 ob
957 2651 1016 2682 ali-

1100 2663 1112 2680 ιι
1143 2654 1196 2682 Πᾶς
1224 2650 1274 2689 γὰρ
1301 2648 1377 2680 οἶκος
1405 2647 1625 2683 κατασκευάζεται
1662 2648 1713 2676 ὑπό
1740 2657 1820 2678 τινος,
1846 2639 1870 2672 Ὀ

188 2691 361 2741 quo.Porro
376 2699 429 2739 qui
439 2696 573 2728 condidit
587 2696 701 2735 omnia,
715 2696 796 2726 Deus
812 2700 855 2726 est
871 2696 911 2727 Et
923 2697 1015 2727 Moses

1119 2696 1151 2724 τὰ
1199 2696 1285 2723 πάντα
1323 2693 1521 2723 κατασκευάσας
1570 2691 1647 2724 Θεός.
1695 2692 1744 2721 Καὶ
1780 2691 1870 2721 Μωσῆς

227 2785 259 2811 ³ο
274 2784 369 2817 Exod.
387 2792 471 2819 χχιιι,
490 2783 517 2812 7.
