1936 3080
63 100 138 139 305

60 174 122 210 μὲν
155 175 248 206 πιστὸς

61 219 107 250 εἷς
160 219 300 258 μαρτύριον
329 223 381 247 τῶν
421 219 657 259 λαληθησομένων.
709 222 818 261 Χριστὸς
855 221 894 262 δὲ,

59 264 105 295 ὡς
147 265 218 300 Υἱὸς,
246 264 289 292 ἐπὶ
318 265 363 292 τὸν
399 265 477 294 οἷκον
506 268 597 301 αὺτοῦ,
643 267 673 293 οὔ
711 266 788 298 οἶκός
816 266 896 304 ἐσμεν

58 308 170 345 ἡμεῖς,
200 308 244 336 te»
271 308 321 348 πὲρ
362 310 411 342 τὴν
446 309 591 348 παρρησίαν
637 311 680 338 καὶ
709 311 739 338 τὸ
767 311 897 351 καύχημα

58 355 120 385 τῆς
173 352 278 385 ἐλπίδος
330 353 411 393 μέχρι
463 353 554 386 τέλους
601 353 706 392 βεϐαίαν
747 355 895 396 κατάσχω-

60 408 136 434 μεν.
156 410 169 425 ι

108 442 226 475 Ἐπειδὴ
241 443 318 470 οἶκον
332 444 377 470 τὸν
404 443 467 471 ὶαὺν
499 444 542 471 καὶ
569 443 615 471 τὸν
644 445 742 477 Mum-7w
772 443 895 472 ἐκάλεσεν

59 487 191 524 ἐνέμεινε
205 490 240 524 τῇ
264 490 362 525 τροπῇ,
397 488 440 516 καί
468 499 533 527 φησι
551 495 558 503 ⁵
599 489 790 528 Δημιούργημα
825 490 895 517 οὗτοί

60 532 120 559 εἰσι
138 532 182 559 καὶ
196 529 293 562 δοῦλοι.
311 533 347 560 0-D
366 532 416 571 γὰρ
437 531 473 559 ἔνι
491 532 579 569 οἶκος,
596 533 618 560 εἰ
632 533 670 569 μή
692 544 716 560 τι
732 533 893 561 κατεσκευά-

59 577 136 609 σθη.
152 576 361 605 κατεσκεύασται
375 575 449 604 δὲτὰ
474 576 570 614 πάντα,
588 576 645 614 μεθ“
672 578 709 605 ὡν
739 577 784 605 ιιαὲ
806 578 820 605 ὀ
846 578 892 606 οἶ-

59 631 116 652 κος
134 614 186 648 imo
201 625 246 649 τοῦ
282 623 402 659 Χριστοῦ.
434 615 524 654 ιὈσην
559 621 603 649 οὖν
625 622 706 657 εἰκὸς,
735 622 810 661 φησὶ,
834 621 893 650 δια-

58 665 154 704 φορὰν
191 664 264 704 ἔχειν
300 665 414 698 ποιητὴν
441 666 603 702 ποιήματος,
639 666 768 699 τοσαύτην
796 666 854 706 ἔχει
880 668 894 694 ὸ

61 709 188 745 Χριστὸς
217 709 282 747 πρὶς
306 711 415 742 Μωσῆν.
445 721 457 735 ι
477 710 525 738 Καὶ
554 713 652 742 Μωσῆς
680 711 728 748 μὲν
761 711 852 743 πιστὸς
867 713 893 738 εν

58 752 127 789 ὅλῳ
149 754 188 790 τῷ
209 753 279 790 οἴκῳ
294 754 382 782 αὐτοῦ.
401 764 414 779 ι
439 754 507 781 Εἶτα
536 755 579 782 καὶ
595 753 678 788 ἄλλην
707 754 778 794 λέγει
806 753 895 795 διαφοο

617 111 814 143 COMMENT.
837 111 879 142 IN
901 109 1020 143 EPIST.
1043 114 1095 145 AD
1114 115 1228 146 HEBR.

1703 109 1763 142 306

296 175 323 203 ἐν
365 175 420 212 δλῳ
434 179 473 212 τῷ
487 175 557 214 οἴκῳ
586 176 665 206 αὐτοῦ
712 178 748 208 ὡς
782 178 890 217 θεράπω-

962 177 1062 209 uidem
1075 179 1173 218 ﬁdelis
1187 179 1248 218 fuit
1262 183 1295 211 in
1310 183 1372 210 tota
1387 180 1472 210 domo
1486 178 1570 210 illius
1590 178 1684 210 ueluti
1698 179 1760 208 mi-

937 221 1045 258 nister,
1062 223 1094 254 in
1110 224 1282 255 testimonio
1296 232 1402 255 eorum
1426 232 1492 264 qua
1515 223 1643 254 dicenda
1658 225 1757 254 erant.

937 265 960 295 Α
968 268 979 296 t
987 265 1125 298 Christus
1133 270 1278 307 tanquam
1286 267 1385 298 Filius
1396 268 1622 299 administravit
1636 267 1760 298 domum

937 309 1044 349 ipsius,
1070 313 1159 347 cuius
1185 313 1291 343 domus
1315 321 1419 343 sumus
1434 321 1501 348 nos,
1517 313 1545 342 si
1560 311 1703 351 loquendi
1718 311 1758 341 ti-

937 353 1079 386 bertatem
1093 359 1123 387 et
1135 356 1353 396 gloriationem
1364 359 1438 397 spei,
1448 356 1487 387 ad
1496 356 1587 396 ﬁnem
1596 364 1690 395 usque
1700 355 1757 395 ﬁr-

937 407 1017 430 mam
1036 401 1237 431 tenuerimus.

976 444 1120 480 Quoniam
1137 446 1259 477 domum
1286 450 1443 478 vocaverat
1466 446 1608 487 populum
1622 450 1652 477 et
1665 446 1754 477 etiam

937 491 1049 526 Mosen,
1066 491 1227 530 permansit
1248 491 1278 521 in
1295 496 1388 532 tropo,
1407 495 1436 522 et
1450 490 1492 522 ait
1508 500 1514 522 :
1533 491 1674 521 Creatura
1688 494 1757 520 sunt

936 534 1067 574 hiatque
1083 535 1171 565 servi.
1189 535 1252 565 Non
1277 535 1356 566 enim
1381 535 1528 575 contingit
1551 544 1618 567 esse
1633 535 1754 565 domum

936 578 992 608 nisi
1021 579 1132 618 aliquid
1162 584 1328 610 exstruatur
1353 589 1359 610 :
1386 584 1534 610 exstructa
1562 583 1629 610 sunt
1657 582 1755 609 autem

935 622 1060 653 omniaa
1074 623 1201 660 Christo,
1220 623 1296 654 inter
1313 634 1378 664 quae
1392 625 1480 655 etiam
1497 628 1541 654 est
1558 623 1621 663 ipsa
1636 623 1753 653 domus.

935 666 1078 702 Quantam
1095 676 1163 706 ergo
1179 677 1295 708 aequum
1305 672 1388 698 estut
1403 668 1509 698 habeat
1524 667 1755 708 praecellentiam

935 710 960 741 is
974 711 1023 751 qui
1040 711 1173 741 condidit
1188 721 1278 752 supra
1298 722 1373 752 opus
1388 712 1465 752 quod
1481 711 1624 746 condidit,
1645 715 1754 742 tantam

936 755 1024 786 habet
1047 755 1179 786 Christus
1195 766 1284 797 supra
1299 759 1412 788 Mosen.
1431 770 1444 784 ι
1461 757 1497 787 Ει
1522 759 1617 787 Moses
1633 756 1754 797 quidem

60 798 116 836 ρὰν
136 801 249 836 Χριστοῦ
262 798 305 825 καὶ
330 797 458 834 λῖωσὲως,
487 797 527 826 ὅτι
555 799 570 826 ὁ
605 799 652 836 μὲν
673 800 709 830 ὡς
745 798 834 830 δοῦλος
862 799 890 832 ἦν

962 798 1031 829 ielis
1054 799 1107 830 fuit
1130 799 1160 830 in
1184 804 1242 831 tota
1263 801 1351 831 domo
1381 801 1469 832 illius.
1499 814 1512 828 »
1535 800 1650 832 Deinde
1665 800 1753 831 aliam

59 843 179 881 πιστὸς,
195 843 209 870 ὁ
224 841 251 870 δὲ
272 842 307 873 ὡς
325 843 382 874 Υἱος
416 842 526 880 γνήσιος
544 843 587 871 καὶ
614 843 765 880 ὁμοούσιος.
784 842 893 876 Ἐπειδὴ

60 887 118 925 γὰρ
143 886 200 914 ἄνω
225 887 318 914 πιστὸν
340 885 448 914 ἑκάλετε
469 887 514 914 τὸν
542 887 662 925 Χριστὸν,
693 888 784 915 πιστὸν
800 887 826 915 δὲ
850 888 893 915 καὶ

58 932 111 958 τὸν
128 933 243 969 Μωσῆν,
265 930 313 964 τὴν
327 929 450 969 διαφορὰν
464 941 509 958 του
531 934 624 959 πιστοῦ
653 931 798 969 ἐξηγεῖται.
819 944 832 959 ι
850 934 891 963 Εἰς

60 976 213 1014 μαρτύριον
238 978 290 1003 τῶν
314 974 549 1012 λαληθησομένων,
570 986 581 1003 n
614 976 656 1007 Εἷς
685 977 716 1003 τὸ
738 977 806 1004 εἶναι
821 977 890 1015 μάρ-

59 1031 135 1058 τυρα
169 1022 222 1047 τῶν
253 1018 422 1056 λαλουμένων
448 1019 518 1058 παρὰ
551 1022 616 1047 Θεοῦ
650 1026 708 1050 τοῖς
745 1019 889 1056 Ἰουδαίοις,

58 1064 112 1092 ’ἶνα
131 1063 172 1101 μὴ
187 1063 213 1091 ἐν
229 1066 312 1102 καιρῷ
326 1063 435 1102 κρίσεως
463 1063 639 1102 ἀρτήσωνται.
671 1058 754 1095 ’Ἐθος
789 1065 838 1103 γὰρ
852 1068 892 1101 τῷ

61 1112 128 1145 Θεῷ
144 1109 189 1136 καὶ
209 1108 317 1147 οὐρανὸν
345 1108 389 1135 καὶ
417 1109 468 1148 γῇνν
502 1108 546 1136 καὶ
580 1108 716 1147 φάραγγας
751 1108 890 1148 προσλαμ-

59 1153 158 1181 ϐάνειν
175 1153 211 1184 εἷς
227 1146 379 1191 μαρτυρίαν.
399 1163 411 1179 ιι
437 1146 539 1180 ’Ἄκουε
550 1146 717 1193 γὰρ,νφησὶν,
733 1146 834 1193 οῷανὲ,
847 1154 890 1181 καὶ

58 1198 203 1236 ἓνωτίζου,
214 1197 231 1230 ἡ
241 1197 290 1235 γῆ.
303 1206 317 1225 ι
332 1197 381 1224 Καὶ
395 1195 474 1224 πάλιν
491 1204 498 1211 ⁶
519 1208 532 1223 ι
550 1195 702 1234 Ἀκούσατε,
717 1198 859 1238 φάραγγες.
875 1209 887 1226 ι

58 1259 104 1264 —
113 1252 127 1269 Ι
144 1242 255 1280 Χριστὸς
267 1239 295 1268 δὲ
311 1241 347 1272 ὡς
364 1241 435 1272 Υἱός.
452 1251 464 1269 ι
484 1241 557 1269 Εἷκαὶ
567 1241 616 1280 γὰρ
626 1242 729 1280 πιστὸς,
739 1243 815 1281 φησὶ,
829 1240 890 1281 παρ’

60 1287 133 1323 ἐμοῦ
156 1286 320 1323 ὠνόμασται,
337 1283 396 1312 ἀλλ’
426 1286 461 1317 ὡς
484 1286 543 1318 Υἱὸς
565 1285 673 1323 γνήσιός
707 1287 762 1314 εστι
784 1287 888 1323 πιστὸς,

58 1332 92 1359 τὸ
110 1333 241 1369 Πατρῷον
256 1329 419 1368 ἀποπληρῶν
439 1329 555 1367 θέλημα,
571 1329 673 1367 μᾶλλον
700 1329 727 1357 δὲ
756 1330 786 1358 τὸ
801 1331 889 1358 κοινὸν

59 1378 114 1408 τῆς
147 1375 224 1413 ἁγίας
260 1373 378 1413 Τριάδος.
413 1383 427 1402 ε
464 1375 500 1402 Οὒ
539 1374 615 1405 οἶκός
657 1373 736 1412 ἔσμεν
762 1375 853 1411 ἡμεῖς.
873 1387 886 1402 ι

59 1421 99 1448 03
138 1422 252 1459 Χριστοῦ
282 1418 359 1450 οἶκός
408 1417 486 1455 ἐσμεν
538 1420 562 1446 οι
604 1419 702 1455 πιστοὶ,
746 1420 813 1446 κατὰ
846 1430 888 1458 το,

933 852 1052 884 quoque
1061 844 1143 884 ponit
1151 845 1348 876 differentiam
1359 845 1545 877 interMosen
1555 845 1753 881 etChristum,

933 888 1010 928 quod
1026 889 1077 919 ille
1092 889 1211 930 quidem
1230 895 1368 930 tanquam
1387 899 1488 920 servus
1505 894 1568 920 erat
1584 889 1690 926 ﬁdelis,
1708 890 1755 920 hic

932 941 1000 962 vero
1017 937 1154 973 tanquam
1170 934 1261 965 Filius
1274 934 1415 965 naturalis
1430 934 1600 974 etejusdem
1614 933 1754 965 substan-

931 976 989 1008 tiae.
1022 976 1166 1012 Quoniam
1207 979 1286 1009 enim
1323 979 1460 1019 superius
1496 978 1615 1009 ﬁdelem
1643 978 1755 1009 vocavit

930 1019 1088 1058 Christum,
1107 1022 1223 1053 ﬁdelem
1240 1028 1340 1053 autem
1366 1027 1394 1053 et
1421 1022 1532 1057 Mosen,
1549 1026 1648 1053 narrat
1666 1022 1755 1053 diﬁ‘e-

930 1065 1055 1095 rentiam
1072 1066 1100 1096 in
1117 1066 1269 1097 ﬁdelitate.
1288 1079 1298 1095 ι
1313 1066 1344 1097 In
1361 1067 1563 1097 testimonium
1572 1076 1675 1097 eorum
1689 1076 1754 1106 quae

931 1109 1058 1140 dicenda
1073 1114 1188 1140 erant.)
1208 1111 1244 1142 Ut
1259 1111 1342 1142 testis
1357 1115 1435 1142 esset
1451 1120 1554 1141 eorum
1567 1120 1632 1150 quas
1642 1110 1756 1141 Judaeis

931 1153 1102 1184 dicerentur
1110 1154 1246 1190 aDeo,ne
1262 1156 1365 1195 iudicii
1376 1161 1509 1195 tempore
1525 1155 1555 1186 id
1572 1155 1755 1186 factumesse

932 1198 1154 1237 negarent.Deo
1166 1199 1245 1230 enim
1271 1200 1362 1230 moris
1379 1203 1462 1230 estet
1476 1199 1582 1230 malum
1601 1203 1629 1230 et
1645 1203 1753 1229 terram

933 1251 966 1273 ac
974 1242 1063 1274 valles
1074 1242 1104 1273 in
1119 1243 1320 1274 testimonium
1341 1253 1502 1275 assumere.
1516 1256 1528 1271 α
1538 1243 1627 1280 Audi,
1643 1243 1752 1283 inquit,

932 1286 1054 1327 cmlum,
1071 1291 1101 1318 et
1115 1288 1236 1318 auribus
1255 1289 1386 1329 percipe.
1404 1292 1483 1319 terra
1496 1288 1553 1317 εί.»
1571 1288 1607 1319 Et
1621 1297 1752 1318 rursum:

934 1331 1073 1367 «Audite,
1086 1333 1185 1363 valles.
1195 1340 1245 1363 ι-
1259 1333 1314 1363 «At
1330 1332 1464 1364 Christus
1480 1336 1617 1373 tanquam
1629 1331 1753 1363 Filius.»

931 1375 1004 1406 Nam
1021 1376 1089 1406 licet
1104 1386 1120 1406 a
1138 1386 1195 1413 me,
1208 1377 1315 1417 inquit,
1338 1377 1506 1408 nominatus
1521 1377 1558 1407 sit
1572 1376 1683 1416 ﬁdelis,
1699 1377 1751 1407 sed

933 1423 1067 1460 tanquam
1085 1420 1177 1451 Filius
1193 1422 1336 1452 naturalis
1352 1426 1396 1452 est
1407 1421 1514 1459 ﬁdelis,
1531 1422 1688 1452 Paternam
1701 1430 1752 1452 ex-

63 1476 75 1491 ε
96 1463 255 1498 Ἐνοικήσω
268 1462 295 1491 ἐν
317 1464 418 1495 αὖτοῖς.
440 1474 451 1490 ι
473 1479 509 1485 -
523 1473 534 1490 α
553 1462 616 1491 Ἐὰν
641 1473 690 1502 περ
710 1463 758 1497 τὴν
785 1463 888 1502 παρρη-

963 1473 1015 1494 ens
1027 1465 1219 1502 voluntatem,
1238 1466 1330 1506 magis
1352 1471 1452 1497 autem
1477 1475 1542 1496 eam
1564 1475 1630 1506 qua:
1644 1470 1754 1496 sancta;

59 1509 135 1539 σίαν.
159 1519 171 1537 ι
187 1508 319 1545 Ἐσόμεϐα
334 1507 412 1536 αὗτοῡ
426 1508 513 1542 οἶκος,
550 1506 594 1534 ἐὰν
610 1508 649 1545 μὴ
667 1507 890 1546 ἐγκαλυπτώμεθα

59 1552 105 1581 ἐπὶ
121 1556 160 1590 τῇ
175 1553 212 1584 εἷς
228 1552 305 1580 αὐτὸν
319 1552 417 1588 πίστει,
446 1551 515 1579 ἀλλὰ
554 1553 621 1589 μετὰ
649 1551 792 1591 παρρησίας
822 1564 888 1581 καυ-

59 1597 193 1636 χώμεθα,
231 1597 275 1624 καὶ
303 1597 337 1624 τὰ
357 1596 464 1636 χρηστὰ
493 1595 622 1634 λήψεσθαι
649 1595 712 1635 παρ’
750 1598 828 1625 uino-3
851 1599 888 1629 ὡς

61 1646 131 1670 Θεου
147 1641 307 1680 ἒλπίζωμεν,
323 1641 362 1678 μὴ
387 1640 557 1678 σαλευόμενοι
587 1639 653 1678 μηδὲ
677 1640 839 1676 διστάζοντες
861 1642 887 1670 ἕν

59 1697 128 1716 τινι.

931 1507 1065 1538 Trinitati
1076 1511 1243 1540 communis
1254 1511 1423 1550 est.«Cujus
1434 1510 1541 1541 domus
1554 1518 1656 1540 sumus
1668 1519 1754 1540 uos.»

929 1552 1020 1592 Cujus
1043 1552 1152 1584 Christi
1175 1553 1280 1584 domus
1307 1564 1410 1584 sumus
1437 1554 1551 1590 ﬁdeles,
1575 1553 1649 1584 556
1669 1554 1753 1594 juxta

930 1596 1021 1627 illud:
1039 1608 1050 1624 α
1065 1597 1241 1628 Inhabitebo
1261 1598 1290 1628 in
1317 1598 1375 1628 illis
1386 1599 1423 1628 εἰ.
1440 1611 1451 1627 ι
1473 1616 1510 1621 -
1524 1610 1537 1626 α
1555 1598 1586 1629 Si
1609 1597 1751 1638 loquendi

929 1640 1074 1672 libertate.
1092 1654 1105 1670 ι
1119 1642 1238 1672 Erimus
1250 1642 1356 1673 domus
1371 1642 1464 1683 ipsius
1481 1643 1505 1673 si
1522 1652 1580 1673 non
1596 1642 1756 1673 erubueri-

929 1694 994 1715 mus
1009 1685 1047 1716 ob
1064 1686 1152 1716 ﬁdem
1169 1697 1234 1727 qua:
1254 1686 1351 1727 ipsum
1377 1691 1432 1724 est,
1463 1687 1516 1717 sed
1543 1696 1611 1718 cum
1635 1687 1754 1722 dicendi

60 1730 207 1761 libertate
220 1728 402 1767 gloriemur:
420 1731 450 1759 et
463 1737 530 1768 qua!
557 1727 631 1759 utila
659 1732 729 1759 sunt
751 1727 789 1760 ab
818 1728 882 1770 ipso
907 1733 1046 1770 tanquam
1075 1739 1093 1761 a
1121 1731 1181 1762 Deo
1211 1741 1264 1762 nos
1292 1735 1468 1772 accepturos
1496 1740 1663 1772 speremus,
1696 1741 1756 1762 non

64 1774 254 1809 vacillantes,
272 1782 327 1804 nec
343 1773 373 1804 in
387 1772 486 1814 aliquo
500 1772 680 1805 dubitantes.

110 1830 126 1847 α
147 1819 193 1846 Διὸ
208 1819 294 1849 καθὼς
315 1817 386 1856 λέγει
401 1819 430 1846 τὸ
457 1821 563 1855 Πνεῦμα
589 1819 619 1846 τὸ
646 1819 734 1858 ἅγιον,
768 1819 889 1858 Σήμερον

66 1864 112 1891 ἐὰν
141 1865 192 1896 τῆς
221 1865 311 1902 φωνῆς
347 1864 426 1891 αὐτοῦ
466 1862 608 1899 ἀκούσητε,
646 1863 684 1900 μὴ
726 1862 889 1902 σκληρύνητε

64 1909 114 1939 τὰς
145 1906 251 1945 καρδίας
278 1907 363 1944 ὑμῶν.
389 1907 426 1938 ὡς
454 1906 480 1934 ἐν
516 1909 554 1943 τῷ
591 1911 802 1946 παραπικρασμῷ
836 1919 888 1935 κα-

64 1953 99 1981 τὰ
133 1953 185 1986 τὴν
219 1953 320 1992 ἡμέραν
348 1956 394 1980 τοῦ
421 1957 568 1991 πειρασμοῦ
593 1951 620 1980 ιν
654 1955 688 1990 τῇ
722 1953 822 1992 ἐρήμῳ,
859 1953 890 1981 οὗ

64 1997 210 2037 ἔπειρασὰν
240 2007 272 2034 με
300 1998 324 2024 οἱ
370 1996 481 2036 πατέρες
522 1996 607 2033 ὐμῶν,
646 1995 820 2034 Ἐδοκίμασάν
856 2009 888 2035 με

65 2042 111 2069 καὶ
155 2039 228 2069 εἶδον
251 2041 286 2069 τὰ
313 2040 376 2080 ἔργα
416 2041 481 2078 fimo
514 2041 706 2080 τεσσαράκοντα
734 2040 792 2074 ἔτη,
844 2043 889 2069 Διὸ

67 2085 244 2125 προσώχθισα
258 2088 291 2123 τῇ
321 2088 398 2124 γενεᾷ
427 2085 526 2122 ἐκείνῃ,
556 2085 599 2113 καὶ
625 2092 714 2122 εἶπον,
736 2085 791 2113 Ἀεὶ
816 2085 888 2114 πλα-

67 2129 330 2168 νῶνταιτῇκαρόίᾳ.
361 2129 438 2158 Αὖτοὶ
464 2128 492 2157 δὲ
527 2130 573 2157 οὒκ
602 2128 718 2168 ἔγνωσαν
746 2130 793 2161 τὰς
815 2128 889 2161 ὁδοὺς

67 2185 133 2214 μου,
157 2175 192 2206 ὡς
214 2173 309 2211 ὤμοσα
323 2173 349 2202 ὲν
363 2177 397 2212 τῇ
422 2174 488 2213 ὀργῇ
515 2184 566 2211 μου
593 2174 614 2202 εἰ
643 2173 832 2202 εἰσελεύσονται
854 2175 889 2206 εἰς

68 2218 118 2251 τὴν
133 2218 296 2246 κατάπαυσίν
312 2229 372 2255 μου,
399 2230 411 2245 ι

111 2263 200 2292 Εἰπὼν
216 2262 256 2290 ὅτι
278 2263 333 2302 χρὴ
354 2262 387 2291 τὰ
412 2262 517 2302 χρηστὰ
551 2261 663 2298 ἐλπίζειν
678 2263 747 2302 παρὰ
760 2264 807 2291 τοῦ
823 2266 888 2303 Χρι-

70 2311 134 2336 στοῦ
150 2311 194 2336 νῦν
208 2317 287 2346 φησιν
304 2305 344 2334 ὅτι
369 2305 399 2334 οὗ
426 2305 466 2334 δεῖ
494 2307 557 2345 πρὸς
586 2307 634 2340 τὴν
664 2307 749 2335 πίστιν
776 2308 819 2335 καὶ
841 2308 890 2342 τὴν

69 2350 164 2379 ἐλπίδα
178 2351 275 2383 ταύτην
294 2350 490 2389 ἆποσκληρῡναι
518 2351 566 2383 τὴν
588 2349 693 2389 καρδίαν
726 2352 815 2390 ἡμῶν,
844 2352 890 2381 ’ίνα

69 2396 108 2433 μὴ
133 2394 259 2433 πάθωμεν
283 2394 350 2434 ἅπερ
385 2396 408 2424 οἱ
435 2395 462 2422 ἐν
497 2398 530 2433 τῇ
566 2395 657 2434 ἐρήμῳ
698 2395 890 2430 ἀπιστήσαντες

70 2440 227 2469 πεπόνθασι.
245 2440 281 2467 Τὸ
291 2438 318 2467 δὲ
353 2439 478 2477 σήμερον,
510 2439 539 2467 τὸ
564 2439 603 2467 ἀεὶ
631 2438 723 2476 δηλοῖ,
751 2441 814 2468 ὡσεὶ
829 2440 889 2468 ἕλι-

71 2494 115 2522 γεν
142 2491 150 2498 ⁸
168 2478 236 2512 ιὀτε
269 2482 300 2518 δή
335 2493 399 2512 ποτε
418 2483 461 2512 καὶ
488 2482 536 2516 ἕως
564 2483 618 2512 ἔστί
645 2484 676 2512 τὸ
709 2485 823 2524 σήμερον
846 2485 890 2513 ἐὰν

73 2527 203 2560 ἀκούσητε
231 2528 281 2560 τὴν
309 2529 399 2568 φωνὴν
432 2531 478 2556 τοῦ
526 2526 667 2559 καλοῦντος
698 2531 819 2568 Χριστοῦ,
850 2530 888 2566 μὴ

74 2572 183 2612 σκληροὶ
204 2572 248 2600 καὶ
276 2570 391 2606 δυσήνιοι
406 2571 515 2611 γένησθε
531 2572 577 2603 τὰς
612 2571 715 2610 καρδίας
745 2573 780 2604 εἷς
808 2574 838 2600 τὶ)
854 2575 892 2611 μὴ

74 2615 183 2645 ἀκοῦσαι
199 2616 288 2647 αὐτοῦ.
320 2627 332 2644 ι
349 2616 392 2650 Μὴ
418 2615 592 2656 σκληρύνητε.
611 2627 625 2643 ³
663 2617 698 2644 Τὸ
713 2617 762 2655 γὰρ
777 2617 892 2657 σκληρὸν

75 2663 116 2689 καὶ
151 2659 285 2689 δύσεικτον
313 2661 357 2688 καὶ
385 2660 517 2698 ἀκαμπὲς,
548 2660 612 2699 πρὸς
641 2661 685 2688 τὸν
707 2659 891 2701 διαλεγόμενίν

900 2220 921 2245 D

970 1818 1019 1857 III,
1045 1820 1134 1851 7-H.
1167 1820 1365 1861 Quapropter
1399 1822 1477 1852 sicut
1510 1821 1584 1852 dicit
1621 1821 1756 1861 Spiritus

928 1867 1071 1895 sanctus:
1087 1864 1186 1895 Hodie
1196 1866 1223 1895 si
1232 1874 1330 1896 vocem
1340 1866 1403 1905 ejus
1417 1866 1589 1904 audieritis,
1605 1874 1644 1896 ne
1655 1865 1752 1896 obdu-

929 1909 1003 1937 retis
1031 1908 1124 1938 corda
1147 1912 1255 1945 vestra,
1281 1910 1360 1939 sicut
1389 1909 1625 1940 exacerbatione
1650 1909 1752 1940 indie

931 1952 1107 1982 tentationis
1123 1953 1155 1982 in
1168 1952 1359 1990 deserto,ubi
1374 1957 1568 1985 tentaverunt
1583 1962 1630 1984 me
1644 1953 1753 1984 Patres

929 1995 1034 2035 vestri,
1055 1995 1264 2035 probaverunt
1288 2006 1337 2028 me
1361 2002 1390 2028 et
1413 1998 1556 2029 viderunt
1580 2006 1672 2037 opera
1687 2005 1753 2028 mea

930 2039 1135 2079 quadraginta
1150 2042 1250 2072 annis.
1270 2042 1463 2082 Quapropter
1477 2043 1613 2082 infensus
1636 2042 1686 2080 fui
1699 2050 1753 2081 ge-

930 2085 1083 2114 nerationi
1099 2085 1159 2122 illi,
1176 2089 1205 2117 et
1219 2086 1287 2117 disi
1302 2097 1309 2118 :
1326 2086 1452 2126 Semper
1466 2086 1500 2117 hi
1519 2090 1625 2117 errant
1640 2086 1730 2117 corde
1741 2098 1753 2122 ,-

930 2128 990 2167 ipsi
1004 2137 1074 2160 vero
1090 2139 1149 2160 non
1162 2134 1365 2170 cognoverunt
1381 2134 1446 2162 vias
1461 2139 1553 2168 meas,
1567 2133 1600 2162 ut
1613 2132 1753 2169 iurarem

932 2173 964 2202 in
980 2173 1028 2203 ira
1043 2182 1112 2204 mea
1126 2175 1154 2206 si
1169 2175 1339 2206 introibant
1356 2176 1387 2206 in
1402 2176 1535 2215 requiem
1550 2184 1658 2206 meam.

970 2262 1025 2295 Ubi
1039 2263 1112 2294 dixit
1124 2265 1202 2304 quod
1219 2269 1354 2305 oporteat
1364 2265 1448 2296 utilia
1463 2275 1608 2306 sperarea
1620 2267 1748 2305 Christo,

931 2317 1009 2338 nunc
1023 2308 1063 2338 ait
1080 2309 1158 2348 quod
1173 2309 1209 2339 ad
1227 2309 1315 2340 ﬁdem
1328 2314 1357 2341 et
1374 2320 1459 2350 spem
1484 2311 1570 2341 istam
1586 2320 1645 2342 non
1662 2321 1753 2351 opor-

931 2356 990 2382 teat
1004 2352 1150 2384 abdurare
1158 2354 1248 2384 corda
1259 2358 1411 2392 nostra,ne
1420 2355 1682 2394 contingantnobis
1688 2365 1755 2396 quae

933 2397 1118 2436 contigerunt
1142 2398 1188 2428 his
1204 2398 1253 2438 qui
1268 2398 1298 2428 in
1323 2398 1441 2430 deserto
1457 2399 1576 2430 fuerunt
1591 2400 1752 2432 increduli.

931 2441 1026 2472 Hodie
1051 2445 1160 2480 autem,
1184 2442 1330 2482 signiﬁcat
1354 2452 1481 2484 semper,
1507 2453 1541 2474 ac
1565 2444 1589 2474 si
1615 2444 1753 2477 diceret:

932 2484 1173 2530 Quandocumque
1189 2491 1217 2517 et
1233 2487 1310 2528 quod
1326 2488 1492 2528 appellatur
1510 2488 1573 2519 dies
1584 2489 1759 2530 hodiernus,

933 2528 958 2558 si
974 2529 1126 2561 audieritis
1148 2540 1250 2561 vocem
1276 2531 1424 2572 loquentis
1447 2533 1568 2571 Christi,
1591 2543 1628 2564 ne
1643 2533 1710 2564 duri
1727 2528 1757 2565 et

934 2574 1061 2605 eﬁ'renes
1085 2575 1254 2606 elIiciamini
1278 2577 1418 2608 cordibus
1439 2577 1476 2608 ad
1498 2587 1558 2609 non
1573 2578 1754 2609 audiendum

933 2618 1040 2658 ipsum.
1062 2631 1073 2647 ι
1086 2619 1129 2650 Ne
1144 2619 1308 2652 obduretis.
1326 2633 1339 2648 »
1353 2621 1465 2653 Durum
1482 2623 1561 2653 enim
1575 2627 1618 2654 est
1634 2622 1664 2653 id
1676 2622 1756 2663 quod

933 2671 1009 2702 aegre
1025 2663 1220 2704 obtemperat,
1238 2668 1267 2696 et
1279 2666 1359 2698 ﬂecti
1380 2675 1439 2698 non
1456 2670 1553 2707 potest
1567 2667 1604 2698 ad
1620 2676 1687 2698 cum
1703 2666 1754 2707 qui

111 2741 138 2766 2*
155 2739 241 2772 Deut.
258 2747 350 2777 χχιιι,
369 2742 396 2771 1.
413 2738 442 2765 Β
456 2739 548 2771 Levit.
564 2748 644 2779 nm,
665 2740 700 2773 12
716 2752 723 2781 ;
741 2740 767 2773 II
779 2740 846 2773 Cor.
860 2751 901 2782 v1,
920 2743 967 2774 t6.
