1936 3080
193 93 252 129 295

189 209 338 247 adductis,
355 212 510 241 auctorem
520 209 629 240 sulutis
639 208 759 240 illorum
772 217 828 248 per
839 208 1018 247 a/ﬂicticnes

186 254 353 294 perfectum
369 254 520 285 redderet.

229 298 405 335 Paululum,
419 297 456 328 ob
473 298 502 329 id
516 297 589 328 dicit
603 297 680 338 quod
700 297 796 327 tribus
810 296 915 327 diebus
927 295 1016 327 fuerit

188 343 266 383 apud
281 342 405 374 inferos.
426 353 438 370 (ι
458 343 582 382 Propter
610 341 773 372 cruciatum
790 341 904 373 mortis.
922 353 936 369 »
960 340 1013 370 Di-

188 386 309 418 cendo:
341 386 511 417 Cruciatum
544 385 659 422 mortis,
689 394 788 416 veram
818 384 1015 416 manifestavit

189 435 327 462 mortem.
348 441 359 459 ι
374 429 475 462 Gloria
490 434 519 461 et
533 430 646 461 honore
655 433 839 461 coronatum.
856 442 867 458 »
884 429 1013 461 Gloriam

190 479 219 505 et
234 475 378 505 honorem
410 478 496 505 vocat
523 482 657 506 crucem.
683 475 788 514 Neque
804 474 883 504 enim
900 477 1012 504 tantum

188 518 248 549 Deo
268 517 389 557 dignum
407 521 469 548 erat
479 521 599 558 tamque
611 517 772 556 gloriosum
785 517 892 549 fecisse
907 516 1014 548 coelum

190 567 218 593 et
235 566 343 593 terram
360 571 395 593 ac
411 562 563 593 hominem
580 571 784 603 supernasque
792 563 925 597 virtutes,
938 562 1015 592 sicut

190 608 270 647 quod
287 610 409 647 propter
437 615 490 637 nos
518 607 656 646 dignatus
680 607 767 638 fuerit
790 606 936 646 cruciﬁgi.
953 605 1014 636 Hoc

188 655 288 682 autem
301 650 373 681 dicit
384 650 474 681 etiam
499 653 579 691 ipsos
601 651 770 689 consolans,
786 660 820 682 ac
834 651 860 681 si
877 650 990 681 diceret
1005 663 1013 684 :

748 93 954 127 (ECUMENII
977 89 1125 126 TRICCIE
1144 91 1314 124 EPISGOPI

189 173 245 205 per
259 173 346 204 quem
358 167 430 196 sunt
444 164 560 205 omnia,
576 167 609 195 ut
623 163 726 195 multis
735 162 813 203 ﬁliis
837 163 871 194 in
881 162 1014 202 gloriam

1095 159 1118 191 ὃς
1159 159 1228 191 υἱοὺς
1271 159 1307 191 εἷς

1824 88 1884 121 296

1361 157 1436 191 δόξαν
1483 157 1630 198 ἄγαγόντα,
1671 157 1717 186 τὸν
1757 156 1883 197 ἀρχηγὸν

1057 206 1106 238 τῆς
1158 205 1289 243 σωτῆρίας
1340 205 1436 240 αὐτῶν,
1486 202 1527 231 διὰ
1576 203 1741 241 παθημάτων
1794 200 1880 229 τελει-

1057 260 1134 280 ωσαι,
1164 260 1175 277 ι

1097 294 1164 333 Βαρὺ
1179 292 1207 320 δέ
1227 303 1305 332 φησι,
1333 291 1375 320 διὰ
1393 292 1434 329 τὸ,
1463 292 1538 331 τρεῖς
1565 290 1667 330 ἡμέρας
1702 290 1729 318 ἒν
1750 293 1791 327 τῷ
1820 288 1881 326 ᾂόη,

1055 337 1184 375 γενέσθαι.
1211 348 1224 364 ι
1243 337 1292 364 Διὰ
1318 337 1349 364 τὸ
1370 336 1482 373 πάθημα
1509 339 1554 363 τοῦ
1575 335 1696 364 θανάτου.
1722 346 1736 363 ι
1768 334 1884 369 Πάθημα

1055 383 1165 412 θανάτου
1187 383 1278 422 εἰπὼν,
1302 382 1348 410 τὸν
1373 381 1460 416 άληθῆ
1487 381 1596 421 ἐνέφηνε
1626 381 1748 411 θάνατον.
1776 391 1789 408 ι
1817 378 1884 415 Δόξα

1055 428 1098 455 καὶ
1123 430 1189 466 τιμῆ
1225 426 1453 467 ἐστεφανωμένον.
1486 437 1497 455 υ
1531 426 1614 459 Δόξαν
1642 426 1686 454 καὶ
1713 424 1811 464 τιμὴν,
1839 425 1884 451 τὸν

1056 473 1166 512 σταυρὸν
1193 471 1282 501 καλεῖ.
1307 471 1342 500 Οὔ
1362 472 1412 511 γὰρ
1446 470 1528 503 οὕτως
1557 470 1628 504 ἄξιον
1658 473 1705 498 τοῦ
1741 472 1809 497 Θεοῦ
1838 469 1882 496 καὶ

1055 515 1220 556 ὑπερένόοξον
1233 517 1265 544 τὸ
1291 518 1402 549 ποιῆσαι
1431 515 1539 554 οὐρανὸν
1559 515 1604 543 καὶ
1632 517 1683 554 γῆν
1705 514 1749 542 καὶ
1777 513 1881 552 ἄλθρω-

1055 571 1105 588 πον
1125 561 1169 588 καὶ
1197 561 1244 592 τὰς
1270 560 1325 588 ἄνω
1350 559 1482 597 δυνάμεις,
1525 560 1562 590 ὡς
1601 560 1631 587 τὸ
1658 557 1822 591 καταξιῶσαι
1849 555 1881 584 δι’

1055 605 1127 642 ἡμᾶς
1146 606 1336 644 σταυρωθῆναι.
1354 603 1435 633 Τοῦτο
1459 602 1487 631 δέ
1515 614 1580 643 φησι
1601 603 1645 631 καὶ
1673 603 1767 635 αὐτοὺς
1797 611 1883 640 παρα-

1056 651 1229 689 μυθούμενος.
1246 651 1276 680 Εἰ
1302 650 1352 690 γὰρ
1373 661 1456 678 ταυτα
1484 649 1518 678 δι’
1539 650 1605 687 ὑμᾶς
1634 650 1648 677 ὁ
1674 649 1786 689 Χριστὸς
1815 647 1881 676 ὑκπέ-

190 695 221 727 Si
232 695 367 727 Christus
379 695 430 726 illa
437 699 558 736 propter
570 705 619 726 vos
632 696 782 734 sustinuit,
792 695 861 736 quid
873 695 979 725 mirum
991 694 1016 724 si

1095 705 1141 735 ινε,
1170 695 1194 722 τί
1224 694 1306 736 μέγα⁸
1330 695 1352 722 εἰ
1377 695 1421 722 καὶ
1454 695 1531 732 ὑμεῖς
1560 692 1593 721 δι’
1622 694 1700 722 αὐτὸν
1734 691 1881 730 ὑπομένετε

190 744 218 771 et
232 749 283 771 vos
298 744 418 780 propter
434 734 530 780 ipsum
547 740 721 772 afﬂictiones
736 734 930 771 sustineatis?
948 751 960 767 ο
978 738 1015 770 Ut

1095 739 1217 778 ιρασμούς
1232 747 1241 777 ;
1267 751 1281 766 α
1299 734 1398 770 ’Ὅπως
1420 738 1511 778 χάριτι
1527 741 1605 770 Θεοῦ,
1631 749 1643 767 ι
1669 738 1749 778 χάρις
1764 738 1818 777 γὰρ
1832 737 1880 769 τῆς

189 794 243 825 per
255 784 379 824 gratiam
395 784 458 816 Dei.
478 795 489 813 ι
507 783 574 815 Fuit
587 794 714 825 namque
729 788 839 815 sanctae
862 784 1014 814 Trinitatis

1095 784 1129 816 ξας
1158 783 1277 823 Τριάδος,
1314 785 1345 811 τὸ
1372 785 1467 811 παθεῖν
1492 784 1537 811 τὸν
1568 783 1638 814 Υἱόν.
1670 785 1706 812 Οὐ
1733 782 1784 822 γὰρ
1814 782 1881 809 κατὰ

188 829 282 869 gratia
293 829 373 869 quod
386 832 537 868 pateretur
544 828 648 859 Filius.
661 828 762 869 Neque
775 828 854 859 enim
867 837 902 859 ex
914 827 1014 858 debito

1095 827 1163 862 ειλὴν
1192 829 1205 856 ὁ
1233 828 1325 868 Πατὴρ
1346 829 1391 856 τὸν
1420 828 1480 855 ι’ἱὸν
1504 826 1610 867 ἔδωκεν,
1634 827 1653 862 ἢ
1675 828 1689 855 ὁ
1719 827 1781 858 Υἱὸς
1795 835 1878 854 κατε-

188 873 270 905 dedit
284 873 372 904 Pater
387 873 507 913 Filium,
516 877 566 903 aut
575 872 667 904 Fiiius
676 874 817 913 suseepit=
827 876 876 903 aut
887 871 1014 912 Spiritus

1098 883 1156 913 ατο,
1187 872 1205 906 ἢ
1235 873 1267 900 τὸ
1288 875 1394 910 Πνεῦμα
1415 871 1573 912 συνέργησεν
1597 873 1633 903 εἰς
1661 872 1707 900 τὸν
1749 871 1877 910 Σταυρὸν,

186 922 305 950 sanctus
334 921 508 958 cooperatus
532 921 578 948 est
594 917 630 948 ad
648 917 827 958 passionem.
845 917 896 947 sed
913 917 1014 947 omnia

1095 917 1122 945 διὰ
1133 918 1219 946 πάντα.
1231 917 1322 957 χάριτι
1350 917 1454 956 γέγονε.
1484 916 1577 949 Καλῶς
1606 915 1634 944 δὲ
1663 917 1702 954 τὸ,
1735 916 1876 949 Γεόσηται.

186 962 314 1001 gratiose
327 961 403 992 facta
430 966 509 993 sunt.
542 961 635 993 Recte
665 965 763 992 autem
780 961 845 992 ait:
863 960 1007 992 Gustaret.

1108 962 1158 1001 γὰρ
1180 961 1297 999 ἐνέμεινε
1324 965 1363 998 τῷ
1391 961 1504 998 θανάτῳ,
1519 961 1587 989 ἀλλὰ
1601 961 1682 998 μόνον
1710 961 1791 989 αὐτοῦ
1815 959 1878 999 τρό-

185 1005 287 1048 Neque
297 1006 377 1037 enim
387 1005 417 1036 in
427 1010 521 1036 morte
531 1006 703 1046 permansit,
721 1005 771 1036 sed
787 1006 883 1045 ipsam
900 1009 1011 1036 tantum

1095 1017 1103 1033 θ
1125 1007 1184 1034 τινὰ
1211 1006 1387 1045 ἀπεγεύσατο,
1417 1023 1456 1028 —
1487 1004 1758 1045 [OIKOYMENIOY],
1782 1003 1878 1032 Ἰστέον

185 1050 402 1091 quodammodo
417 1050 591 1089 degustavit.
612 1067 647 1073 —
663 1050 826 1081 Sciendum
846 1059 916 1080 vero
932 1049 1011 1090 quod

1109 1049 1149 1078 ὅτι
1178 1051 1201 1079 οἱ
1227 1051 1394 1090 Νεστοριανοὶ
1415 1055 1592 1090 παραποιοῦσι
1616 1050 1666 1083 τὴν
1687 1049 1806 1089 Γραφήν,
1835 1049 1878 1075 καὶ

186 1095 353 1127 Nestoriani
379 1095 546 1126 adulterant
574 1094 756 1135 Scripturam
787 1099 816 1125 et
831 1094 871 1125 ita
884 1094 1009 1134 legunt:

1095 1105 1134 1126 τως
1156 1094 1388 1134 ἀναγινώσκουσιν,
1418 1093 1491 1126 ὅπως
1520 1095 1603 1134 χωρὶς
1626 1098 1692 1123 Θεοῦ
1719 1093 1787 1134 ὑπὲρ
1813 1104 1876 1122 παν·

185 1145 216 1171 ut
231 1142 314 1181 χωρὶς
330 1144 408 1180 Θεοῦ,
431 1139 461 1170 id
485 1143 539 1176 est,
552 1139 618 1170 sine
642 1141 702 1171 D00
719 1148 772 1178 pro
787 1140 859 1170 529
872 1139 1011 1169 universo

1095 1150 1097 1168 ξ
1125 1139 1250 1178 γεύσηται
1284 1139 1408 1179 θανάτου,
1444 1142 1520 1167 τοῦτο
1557 1138 1811 1176 κατασκευάζοντες,
1838 1136 1876 1165 ὅτι

185 1184 257 1215 orbe
279 1187 411 1223 gustaret
433 1189 572 1221 mortem,
603 1184 658 1214 hoc
676 1187 732 1219 est,
749 1189 920 1214 astruenles
932 1182 1009 1224 quod

1097 1184 1183 1216 ίκησιν
1198 1183 1278 1223 ἔσχεν
1295 1184 1309 1211 ὁ
1325 1185 1449 1223 Χριστὸς,
1465 1184 1538 1224 φασὶ,
1560 1188 1607 1212 τοῦ
1636 1183 1701 1211 Θεοῦ
1732 1183 1822 1223 Λόγου
1835 1182 1876 1210 καὶ

183 1227 430 1260 inhabitationem
446 1227 549 1258 habuit
571 1227 707 1259 Christus
720 1227 811 1259 Verbi
822 1228 893 1268 Dei;
907 1231 937 1258 et
951 1237 1011 1258 non

1095 1240 1104 1268 ί
1125 1227 1229 1268 ἕνωσιν,
1245 1228 1284 1256 ὅτι
1313 1228 1496 1268 σταυρουμένῳ
1516 1228 1587 1266 αὖτῷ
1615 1229 1645 1257 οὗ
1673 1230 1755 1262 συνῆν
1777 1229 1795 1262 ἡ
1817 1226 1875 1255 θεό-

183 1273 334 1313 unionem,
354 1272 421 1312 quia
438 1281 497 1302 non
512 1276 575 1302 erat
590 1281 648 1302 una
665 1280 733 1302 cum
745 1281 779 1302 eo
791 1272 841 1312 qui
856 1271 1008 1311 cruciﬁge-

1095 1283 1114 1304 :.
1130 1271 1243 1311 Εἴρηται
1267 1273 1328 1312 γὰρ,
1359 1274 1433 1312 φασὶ,
1463 1273 1548 1312 Χωρὶς
1577 1275 1643 1301 Θεοῦ
1670 1273 1800 1311 γεύσηται
1833 1273 1876 1300 θα-

183 1316 269 1348 batur
293 1317 441 1348 divinitas.
468 1315 621 1356 Siquidem
647 1316 758 1347 dictum
787 1320 842 1353 est,
859 1315 1006 1356 inquiunt,

1095 1328 1140 1348 :oo.
1186 1315 1260 1345 Ἀλλ’
1302 1315 1350 1356 ὅρα
1390 1318 1447 1349 πῶς
1490 1315 1623 1356 ὁρθόδοξός
1664 1328 1705 1348 τις
1733 1316 1874 1355 ἀπεκρίθη.

183 1361 255 1392 Sine
269 1361 330 1392 Deo
346 1364 476 1400 gustaret
504 1365 643 1391 mortem.
672 1360 731 1391 Sed
761 1360 828 1391 vide
843 1370 902 1401 quo
918 1360 1008 1391 modo

1095 1364 1159 1389 ἶπον
1195 1362 1257 1399 μὲν,
1292 1362 1382 1401 χάριτι
1405 1364 1470 1390 Θεοῦ
1495 1367 1595 1392 κεῖται.
1619 1361 1694 1394 Πλὴν
1722 1361 1746 1389 εἷ
1761 1361 1806 1389 καὶ
1821 1358 1876 1388 καθ’

183 1405 302 1446 quidam
318 1404 497 1435 orthodoxus
523 1404 721 1444 responderit.
740 1404 870 1435 Primum
886 1405 1007 1445 quidem

1095 1409 1118 1438 ἱς
1161 1406 1243 1446 χωρὶς
1285 1405 1360 1445 Θεοῦ,
1404 1405 1521 1445 εἴρηται,
1565 1404 1647 1437 οὕτως
1667 1404 1779 1434 δεκτέον
1800 1405 1875 1434 αὐτό.

185 1450 312 1491 positum
328 1454 383 1490 est,
397 1450 488 1490 χάριτι
501 1454 576 1486 Θεοῦ,
590 1450 645 1480 hoc
658 1454 713 1487 est,
725 1451 817 1490 gratia
826 1451 871 1481 vel
883 1459 937 1491 per
946 1459 995 1489 gra

1119 1451 1203 1490 χωρὶς
1225 1455 1271 1479 τοῦ
1299 1450 1365 1478 Θεοῦ
1393 1450 1457 1490 ὑπὲρ
1483 1451 1589 1478 πάντων
1617 1453 1670 1478 τῶν
1698 1449 1789 1479 ἄλλων
1810 1449 1875 1477 ἀπέ-

185 1496 254 1525 tiam
270 1494 324 1526 Dei
341 1503 348 1525 ε
363 1498 493 1525 attamen
522 1494 611 1525 etiam
627 1493 652 1524 si
666 1498 699 1524 ut
714 1504 768 1526 vos
796 1494 882 1525 vultis
897 1495 1008 1526 dictum

1098 1505 1125 1522 εν
1140 1495 1154 1523 ὁ
1169 1495 1291 1534 Χριστός.
1318 1495 1367 1524 Καὶ
1395 1495 1445 1534 γὰρ
1466 1495 1496 1523 οὒ
1524 1495 1604 1532 μόνον
1624 1494 1689 1534 ὑπὲρ
1719 1494 1873 1534 ἀνθρώπων,

184 1538 222 1569 sit
236 1540 319 1579 χωρὶς
335 1542 410 1576 Θεοῦ,
423 1538 453 1569 id
475 1542 531 1576 est,
559 1537 625 1569 sine
642 1537 714 1579 Deo,
732 1538 771 1570 ita
786 1539 842 1569 hoc
855 1539 1009 1580 accipien-

1095 1540 1119 1569 ιὰ
1154 1540 1197 1567 καὶ
1231 1539 1296 1578 ὑπὲρ
1325 1540 1378 1568 τῶν
1407 1538 1461 1570 ἄνω
1489 1539 1622 1577 δυνάμεων
1647 1539 1791 1579 ἀπέθανεν,
1832 1539 1874 1567 ἵνα

185 1585 254 1614 dum
270 1590 315 1614 est
331 1583 409 1623 quod
426 1582 491 1614 sine
504 1583 566 1614 Deo
578 1587 627 1613 aut
639 1587 760 1623 excepto
773 1582 834 1614 Deo
850 1592 902 1624 pro
914 1583 1008 1614 omni-

1095 1595 1119 1622 m
1133 1585 1163 1612 τὸ
1179 1583 1337 1624 μεσότοιχον
1352 1588 1398 1613 τοῦ
1425 1587 1545 1624 φραγμοῦ
1561 1584 1604 1611 καὶ
1633 1583 1719 1624 ἑνώσῃ
1742 1584 1778 1612 τὰ
1806 1584 1875 1612 κάτω

185 1628 240 1659 bus
255 1628 322 1659 aliis
351 1632 483 1658 mortuus
509 1627 547 1658 sit
575 1627 720 1659 Christus.
746 1623 865 1660 Etenim
880 1638 940 1659 non
958 1638 1009 1669 pro

1097 1640 1110 1660 ς
1126 1628 1191 1659 ἄνω.
1215 1623 1306 1665 Τούτῴ
1318 1627 1410 1666 ὅμοιον
1426 1623 1456 1656 τὸ
1470 1628 1592 1668 ἀλλαχοῦ
1619 1629 1771 1669 εἰρημένον.
1790 1623 1873 1658 ιὀταν

184 1673 255 1704 solis
269 1672 454 1710 hominibus,
482 1672 535 1703 sed
562 1677 591 1703 et
619 1681 671 1713 pro
695 1673 834 1714 supernis
855 1673 1011 1705 virtutibus

1095 1672 1159 1712 εἴπῃ
1176 1672 1216 1701 ὅτι
1244 1673 1332 1703 πάντα
1358 1673 1544 1713 ὑποτέτακται,
1567 1672 1689 1707 δηλονότι
1718 1673 1797 1707 ἐκτὸς
1831 1676 1873 1701 τοῦ

184 1721 317 1749 mortuus
331 1721 386 1755 est,
400 1721 431 1747 ut
442 1716 633 1747 interstitium
655 1717 792 1748 maceria!
814 1717 959 1756 diruerat,
976 1728 1011 1749 ac

1095 1718 1227 1750 »τάξαντος
1242 1718 1315 1755 «om;
1328 1718 1362 1746 τὰ
1376 1718 1473 1749 πάντα.

182 1762 282 1792 uniret
295 1761 437 1792 inferiora
450 1761 599 1801 supernis.
617 1762 645 1786 ¹8
663 1761 737 1792 Huic
753 1766 782 1793 et
796 1761 895 1793 simile
910 1763 990 1803 quod
1005 1761 1077 1795 alibi
1091 1762 1202 1794 dictum
1218 1766 1274 1802 est,
1299 1761 1381 1803 atqui
1403 1771 1470 1793 cum
1497 1761 1577 1794 dicat
1586 1761 1667 1803 quod
1683 1762 1786 1793 omnia
1799 1762 1871 1794 sub-

178 1806 258 1847 jeeta
273 1810 353 1844 sunt,
371 1805 466 1846 palam
483 1810 527 1836 est
543 1806 752 1846 excipiendum
768 1816 836 1838 eum
854 1807 905 1847 qui
920 1807 1048 1849 subjecit
1063 1806 1235 1849 ipsiqomnia
1249 1807 1289 1838 49.

185 1852 260 1883 «Pro
277 1851 415 1882 universo
430 1850 503 1881 orbe
515 1854 646 1890 gustaret
662 1855 788 1882 mortem
806 1864 819 1880 ιο
836 1851 1008 1892 Quanquam

183 1895 264 1927 enim
276 1905 335 1926 non
349 1903 454 1925 omnes
465 1895 540 1926 salvi
549 1895 618 1926 facti
629 1895 688 1926 sint
702 1895 739 1927 ob
756 1905 839 1927 suam
850 1895 1010 1928 increduli-

182 1944 272 1971 tatem
290 1950 298 1970 :
315 1940 380 1980 ipse
393 1944 493 1970 tamen
507 1940 586 1980 quod
610 1949 698 1970 suum
729 1944 792 1971 erat
806 1941 843 1972 ad
859 1950 964 1973 omnes
979 1947 1010 1973 et

183 1994 235 2026 pro
251 1984 390 2016 omnibus
405 1983 488 2016 fecit.
504 1983 652 2015 «Decebat
662 1984 742 2015 enim
754 1993 853 2017 eum.)
867 1985 1006 2025 Decebat,

181 2029 288 2070 inquit,
306 2028 400 2060 Deum
417 2027 572 2060 elPatrem
586 2032 707 2069 propter
716 2038 804 2069 quem
816 2034 885 2060 sunt
895 2030 1006 2068 omnia,

1094 1863 1106 1881 I
1126 1847 1206 1891 Ὑπὲρ
1234 1852 1332 1883 παντὸς
1353 1851 1479 1891 γεύσηται
1501 1852 1623 1882 θανάτου,
1656 1862 1667 1880 ο
1698 1852 1729 1880 Εἰ
1751 1852 1803 1892 γὰρ
1831 1852 1872 1880 καὶ

1051 1896 1090 1935 μὴ
1125 1896 1222 1928 πάντες
1267 1896 1403 1930 ἐσώθησαν
1436 1895 1478 1924 διὰ
1511 1897 1561 1930 τὴν
1603 1896 1699 1925 οἰκείαν
1735 1896 1870 1936 ἀπιστίαν,

1050 1941 1127 1974 αὐτὸς
1149 1940 1198 1978 μέν
1212 1951 1253 1969 τοι
1274 1941 1429 1980 τὸθῖκεϊον
1454 1941 1496 1969 ἐπὶ
1517 1941 1618 1973 πάντας
1639 1941 1682 1969 καὶ
1708 1941 1777 1980 ὑπὲρ
1803 1942 1871 1970 πάν-

1049 1997 1097 2018 τας
1112 1973 1246 2020 ἐποίησεν.
1275 1995 1287 2014 α
1311 1973 1427 2025 νΕπρεπε
1442 1985 1492 2025 γὰρ
1520 1986 1602 2023 αὐτῷ.
1620 1997 1635 2014 »
1665 1973 1791 2025 "Rupe-ire
1811 1987 1869 2026 γὰρ,

1049 2032 1124 2071 φησὶ,
1147 2034 1185 2068 τῷ
1212 2034 1269 2069 Θεῷ
1290 2031 1335 2059 καὶ
1356 2031 1449 2070 Πατρὶ,
1481 2029 1515 2058 δι’
1543 2031 1573 2058 ὃν
1608 2031 1641 2060 τὰ
1661 2031 1760 2068 πάντα,
1799 2031 1871 2062 mino:

180 2074 246 2115 ipse
263 2083 335 2105 vero
348 2073 482 2104 omnium
499 2077 544 2104 est
559 2073 752 2114 principium.
772 2085 786 2101 α
800 2073 835 2104 Ει
849 2083 904 2115 per
918 2083 1005 2115 quem

1096 2076 1202 2104 πάντων
1217 2075 1313 2108 αἴτιος,
1335 2086 1345 2103 ι
1364 2076 1413 2104 Καὶ
1435 2073 1467 2103 δι’
1490 2076 1521 2104 οὗ
1541 2076 1573 2104 τὰ
1598 2075 1696 2107 πάντα.
1727 2086 1739 2104 ι
1767 2077 1797 2105 Ei
1823 2076 1869 2115 γὰρ

181 2123 250 2150 sunt
265 2117 376 2149 omnia.
394 2130 408 2146 ι
422 2116 494 2148 Nam
507 2117 532 2148 si
540 2117 628 2148 etiam
640 2126 693 2158 per
711 2118 808 2158 ipsum
819 2122 888 2149 sunt
896 2118 1007 2156 omnia,

181 2163 269 2194 Pater
284 2166 328 2193 est
339 2161 390 2203 qui
404 2162 505 2193 omnia
516 2162 638 2203 creavit,
651 2162 702 2202 qui
711 2164 883 2194 Creatorem
891 2163 1005 2203 genuit.

183 2218 196 2235 ιι
216 2206 252 2238 Et
266 2215 320 2248 per
335 2215 424 2247 quem
439 2210 510 2238 sunt
524 2206 637 2238 omnia.
655 2219 669 2234 ι
683 2207 741 2238 Per
755 2216 856 2247 quem,
869 2207 907 2238 de
919 2208 1005 2238 Patre

181 2251 311 2292 positum
328 2255 383 2283 est.
403 2262 416 2279 «ι
433 2250 534 2283 Multis
545 2251 625 2283 ﬁliis.
644 2263 655 2279 ι
671 2251 764 2282 Filius
778 2251 836 2282 hoe
846 2252 912 2283 loco
921 2257 1006 2283 vocat

182 2296 331 2328 homines.
343 2295 430 2333 Eum,
441 2295 549 2336 inquit,
559 2295 609 2336 qui
620 2295 757 2326 homiues
767 2295 798 2326 in
808 2295 1007 2336 gloriamUni—

179 2339 272 2380 geniti
282 2349 335 2380 per
342 2340 453 2371 donum
459 2339 628 2380 adoptionis
635 2339 1007 2378 introduxuisset,decebat

180 2389 212 2416 ut
222 2389 375 2417 auctorem
387 2384 488 2415 salutis
500 2385 607 2415 horum
627 2384 768 2422 ﬁliorum,
782 2385 839 2416 hoc
850 2389 905 2426 est,
917 2385 1004 2416 Chri-

179 2433 271 2470 stum,
283 2437 337 2470 per
348 2428 527 2460 afﬂictiones
542 2429 703 2469 perfectum
720 2429 871 2467 redderet,
883 2429 940 2460 hoc
947 2436 1004 2470 est,

180 2483 234 2514 per
248 2482 368 2505 crucem
384 2473 549 2513 perfectum
558 2474 776 2504 demonstraret
786 2483 820 2504 ac
830 2473 1003 2513 gloriosum.

178 2518 296 2550 Dictum
314 2522 361 2549 est
375 2521 473 2549 autem
491 2526 499 2549 :
531 2518 710 2559 Perfectum,
737 2522 874 2558 tanquam
897 2518 933 2549 ad
950 2528 1005 2550 nos

178 2563 341 2604 loquendo,
353 2563 403 2604 qui
416 2562 512 2603 ipsum
522 2563 654 2603 perfecte
672 2563 783 2594 bonum
797 2572 832 2595 ac
842 2564 1004 2595 humanum

176 2608 433 2649 depaebendimus
449 2617 502 2648 per
515 2617 648 2646 crucem,
661 2617 728 2639 cum
740 2609 804 2649 ipsc
815 2618 933 2650 semper
943 2619 1005 2640 om-

178 2653 249 2685 nino
260 2653 412 2694 pert‘ectus
418 2657 508 2692 esset,
521 2662 700 2694 semperque
712 2653 839 2684 maxime
846 2654 1002 2694 gloriosus.

217 2734 246 2760 ‘8
257 2733 366 2774 Ephes.
384 2741 417 2772 ir,
437 2734 485 2767 t4.
499 2734 528 2759 ‘9
544 2736 558 2765 1
577 2735 644 2767 Cor.
659 2743 706 2772 xv,
719 2734 770 2766 28.

1049 2120 1093 2149 καὶ
1114 2119 1147 2148 δι’
1163 2121 1193 2148 οὗ
1205 2120 1239 2148 τὰ
1253 2121 1349 2157 πάντα,
1378 2121 1392 2148 ὁ
1422 2120 1514 2160 Πατήρ
1535 2119 1606 2148 ἔστιν
1630 2121 1645 2148 ὃ
1659 2121 1692 2148 τὰ
1706 2120 1796 2149 πάντα
1823 2119 1867 2153 δη-

1048 2165 1225 2204 μιουργήσας,
1241 2165 1254 2192 6
1281 2165 1326 2192 τὸν
1357 2164 1523 2203 Δημιουργὸν
1544 2164 1723 2203 γεγεννηκώς.
1741 2176 1758 2192 α
1775 2165 1823 2194 Καὶ
1837 2163 1869 2192 δι’

1047 2209 1078 2237 οὗ
1090 2209 1124 2238 τὰ
1143 2208 1240 2239 πάντα.
1259 2220 1273 2236 ι
1291 2210 1327 2238 Τὸ
1348 2207 1382 2237 δι’
1407 2208 1449 2245 οὗ,
1478 2208 1520 2237 ἐπὶ
1543 2214 1589 2238 τοῦ
1615 2210 1717 2249 [ἰατρὸς
1739 2210 1868 2248 κείμενον,

1049 2263 1061 2281 ι
1086 2252 1204 2286 Πολλοὺς
1232 2254 1301 2286 uino;
1325 2265 1340 2281 ι
1370 2252 1479 2282 ἐνταῦθα
1505 2254 1566 2285 τοὺς
1593 2254 1743 2293 ἁνθρώπους
1779 2253 1866 2282 καλεῖ.

1047 2297 1097 2326 Τὸν
1113 2298 1299 2337 εἰσαγαγόντα,
1321 2298 1412 2339 φησὶν,
1434 2297 1462 2326 ἐν
1490 2301 1524 2337 τῇ
1549 2301 1596 2326 τοῦ
1625 2301 1790 2338 Μσνογενοῦς
1809 2297 1867 2336 δόξῃ

1046 2342 1105 2375 τοὺς
1127 2342 1277 2382 ἀνθρώπους
1304 2346 1338 2377 τῆ
1360 2344 1409 2377 της
1437 2343 1565 2376 ὒὶοθεσίας
1600 2342 1696 2383 δωρεᾷ,
1711 2344 1757 2372 τὸν
1779 2344 1867 2384 ἀρχη-

1045 2386 1094 2426 γὺν
1121 2387 1169 2421 τῆς
1197 2387 1329 2427 σωτηρίας
1352 2388 1453 2416 τούτων
1481 2391 1533 2416 τῶν
1561 2389 1635 2428 υἱῶν,
1664 2387 1796 2428 τουτέστι,
1825 2389 1866 2416 τὸν

1046 2432 1170 2472 Χριστὸν,
1206 2431 1247 2462 διὰ
1275 2432 1439 2470 παθημάτων
1473 2431 1624 2473 τελειῶσαι,
1667 2434 1725 2461 οἷον
1755 2432 1797 2461 διὰ
1824 2436 1866 2461 τοῦ

1045 2479 1157 2515 σταυροῦ
1169 2475 1272 2505 τέλειον
1286 2476 1422 2510 ἀποδεῖξαι
1439 2477 1483 2505 καὶ
1508 2475 1620 2510 ἔνδοξον.
1646 2477 1681 2506 Τὸ
1710 2476 1738 2505 δὲ
1767 2476 1862 2505 τέλειον

1045 2520 1082 2553 ὣς
1096 2522 1161 2560 πρὸς
1183 2521 1255 2559 ἣμᾶς
1283 2520 1389 2562 εἴρηται
1418 2522 1478 2554 τοὺς
1499 2521 1607 2555 τελείως
1630 2522 1708 2550 αὐτὸν
1738 2521 1862 2555 κατειλη-

1045 2564 1126 2604 φότας
1161 2566 1259 2605 ἀγαθὸν
1297 2567 1341 2594 καὶ
1377 2565 1559 2607 φιλάνθρωπον
1589 2565 1631 2594 διὰ
1663 2569 1709 2594 τοῦ
1744 2568 1859 2606 erumpat},

1045 2608 1101 2651 ᾆπεὶ
1128 2610 1169 2639 ἀεὶ
1195 2611 1273 2643 αὐτὸς
1294 2609 1448 2642 παντέλειος
1477 2611 1521 2648 ἦν,
1549 2611 1593 2639 καὶ
1621 2610 1661 2639 ἀεὶ
1688 2610 1859 2651 ὑπερενδοξος.

1047 2647 1119 2694 υορα
1140 2653 1167 2683 δὲ
1195 2655 1244 2688 τὴν
1272 2653 1396 2694 διαφορὰν
1411 2658 1464 2684 τῶν
1477 2647 1548 2686 υἱῶν.
1581 2651 1609 2684 ιΟ
1625 2655 1674 2693 μὲν
1689 2647 1744 2694 γὰρῖ
1760 2655 1861 2695 γνήσιος
