1936 3080
205 150 264 182 303

205 219 267 242 cem
286 210 481 249 confessionis
507 214 618 241 nostra!
636 209 789 241 Christum
805 210 907 243 Iesum
919 221 929 243 :
945 213 1027 253 quod

202 254 300 294 ﬁdelis
311 255 351 285 sit
365 257 392 285 et
407 255 566 294 qutipsum
582 255 918 294 fecit,quemadmodum
928 258 1024 289 Moses

200 299 307 330 intota
320 298 408 329 domo
422 307 488 328 sua.
519 299 614 329 Tanto
634 307 767 338 namque
787 300 902 338 majore
925 301 1024 340 gloria

202 352 295 383 quam
309 341 405 374 Moses
415 342 465 373 hic
479 342 591 382 dignus
601 346 645 373 est
659 342 790 379 habitus,
805 349 919 383 quanto
933 348 1025 384 maio-

201 395 265 418 rem
290 385 382 417 habet
401 386 549 416 honorem
575 386 602 417 ts
622 389 677 425 qui
701 389 874 419 construxit
903 389 1024 420 domum

201 440 293 471 quam
308 433 375 470 ipsa
390 431 508 462 domus.

244 475 276 507 Si
297 475 387 514 igitur
411 475 571 515 participes
598 484 631 506 ac
656 476 729 506 socii
765 477 834 507 estis
863 478 1024 510 vocationis

202 519 342 557 scelestis,
367 527 432 559 quae
454 519 496 549 ibi
517 523 585 550 sunt
609 521 749 559 quaerite.
777 521 914 561 nullaque
943 523 1024 554 vobis

199 564 275 595 ratio
286 564 436 594 siteorum
453 572 518 603 qua
539 563 585 593 hic
599 568 676 594 sunt.
694 577 707 591 (ι
721 565 895 605 Apostolum
907 571 935 597 et
947 577 1024 607 pon-

201 608 323 639 tiﬁcem.
343 619 356 638 ι
372 607 427 639 Ubi
438 608 474 638 ad
490 608 741 648 dispensationem
759 610 902 649 pervenit,
925 612 1024 642 omnia

200 652 344 693 deinceps
367 652 491 682 humilia
507 652 653 692 intrepide
671 653 829 693 eloquitur.
851 654 1022 694 Apostolum

200 701 298 728 autem
313 697 376 727 sive
391 696 519 736 legatum
532 697 605 727 dicit
620 697 727 737 ipsum.
745 698 814 737 quia
825 699 932 730 missus
949 704 994 730 est
1008 709 1024 730 a

200 742 288 772 Patre
309 744 447 781 tanquam
471 741 572 778 homo,
600 740 800 772 Confessionis
831 752 910 779 vero,
942 743 1021 775 ﬁdei.

201 796 216 817 ί
233 786 317 822 Quod
328 786 425 816 ﬁdelis
435 786 483 817 sit.
497 797 508 814 η
523 785 639 820 Fidem.
657 786 765 826 inquit,
783 787 912 817 servavit
928 787 1023 819 bene-

199 830 365 870 placentem
374 830 609 869 Patri,idemque
615 839 680 860 cum
693 840 726 860 eo
734 831 870 862 sensitde
878 833 1023 863 servando

200 876 320 916 populo.
339 875 384 915 Ei,
404 875 512 915 inquit,
537 876 587 914 qui
604 875 702 915 ipsum
724 876 792 906 fecit
807 877 975 916 apostolum
989 887 1023 908 ac

201 920 384 960 pontiﬁcem,
401 920 457 950 hoc
474 923 529 956 est,
543 919 619 950 Patri
635 929 701 950 suo.
718 919 797 950 Nihil
813 925 911 952 autem
924 922 1023 953 admi-

199 963 325 994 randum
341 963 366 993 si
381 963 422 993 ita
435 963 602 1003 loquantur,
620 963 694 994 facta
708 964 769 1003 jam
788 965 882 995 semel
898 965 1021 1005 dispen~

200 1008 323 1039 sationis
346 1007 506 1038 mentione.
527 1019 538 1034 ιι
556 1007 592 1038 Et
613 1009 663 1048 qui
691 1008 788 1048 ipsum
815 1009 886 1040 fecit
916 1023 927 1038 ι)
947 1009 1021 1046 Quid

199 1052 292 1084 fecit?
305 1052 476 1091 Apostolum
494 1061 528 1082 ac
544 1053 726 1091 pontiﬁcem.
745 1053 806 1083 Hoc
823 1054 888 1084 loco
914 1064 971 1084 non
985 1055 1022 1085 de

199 1097 361 1128 substantia
385 1096 517 1136 loquitur
538 1106 634 1134 neque
663 1097 701 1127 de
730 1097 896 1132 divinitate.
916 1099 968 1129 sed
984 1100 1022 1130 de

198 1141 388 1181 dignitatibus
404 1141 555 1172 humanis.
575 1153 588 1169 ι
606 1141 862 1177 Quemadmodum
880 1145 976 1174 Moses
991 1144 1020 1175 in

197 1190 259 1217 tota
281 1185 370 1216 domo
395 1194 458 1217 sua.
478 1198 491 1213 ιι
513 1185 656 1216 Futurum
680 1190 725 1216 est
749 1190 781 1216 ut
807 1187 837 1217 in
863 1197 1020 1228 progressu

197 1234 347 1271 prteponat
369 1229 517 1261 Christum
538 1230 630 1260 Mosi:
649 1239 752 1261 verum
769 1231 910 1271 quoniam
938 1232 967 1262 hi
983 1233 1019 1263 ad

198 1284 272 1315 quos
286 1278 331 1306 est
342 1283 454 1314 sermo,
470 1274 526 1304 etsi
550 1274 654 1304 ﬁdeles
676 1279 772 1312 erant,
800 1276 959 1315 plurimum
973 1281 1018 1307 ta-

199 1329 267 1350 men
284 1323 313 1349 et
325 1318 426 1358 gloriae
438 1323 466 1349 et
481 1318 603 1349 honoris
619 1318 716 1349 adhuc
737 1320 809 1350 Mosi
834 1320 1018 1351 deferebant.

196 1373 234 1394 ne
259 1363 394 1404 protinus
418 1371 487 1392 suas
511 1362 685 1393 obturarent
709 1373 806 1401 aures,
835 1374 893 1394 non
922 1365 1019 1395 statim

198 1407 344 1448 praponit
351 1407 501 1438 Christum
516 1407 658 1444 Mosi,sed
670 1407 788 1438 interim
796 1413 902 1449 aequat,
912 1409 1021 1440 deinde

763 149 939 183 CECUMEN
943 147 970 182 ΙΙ
991 147 1139 180 TRICGIE
1158 147 1324 180 EPISCOPI

1828 145 1886 178 304

1037 218 1115 249 Ατῆς
1151 215 1295 255 ὁμολογίας
1329 217 1406 254 ἡμῶν
1461 215 1563 250 Ἰησοῦν
1613 216 1735 256 Χριστὸν,
1790 215 1885 243 πιστὸν

1065 259 1126 288 ὄντα
1161 263 1199 297 τῷ
1227 271 1367 294 ποιησαντι
1395 261 1472 289 αὐτὸν
1500 262 1537 293 ὡς
1571 261 1615 289 καὶ
1644 263 1742 294 Μωσῆς
1776 259 1804 288 ἑν
1832 258 1886 296 ὅλῳ

1065 307 1103 341 τῷ
1131 303 1199 341 οἴκῳ
1228 304 1316 334 αὐτοῦ.
1358 304 1480 336 Πλείονος
1515 306 1565 345 γὰρ
1601 304 1678 338 δόξης
1711 305 1784 336 οὗτος
1815 304 1887 342 παρὰ

1067 350 1165 382 Μωσῆν
1192 348 1312 388 ἠξίωνται,
1342 347 1402 376 καθ’
1431 348 1494 377 ὅσον
1521 348 1630 377 πλείονα
1651 349 1734 386 τιμὴν
1755 348 1814 388 ἔχει
1843 358 1889 376 του

1066 392 1142 420 οἴκου
1163 394 1177 421 ὁ
1192 393 1390 424 κατασκευάσας
1405 393 1497 423 αὐτόν.
1517 404 1529 421 ι

1106 480 1135 508 Εἰ
1150 480 1195 508 οὖν
1221 481 1332 520 μέτοχοι
1369 481 1413 509 καὶ
1440 483 1561 510 κοινωνοί
1595 481 1653 510 ἐστε
1688 483 1737 515 τῆς
1765 480 1888 515 κλήσεως

1065 527 1114 558 τῆς
1129 523 1293 564 ἐπουρανίου,
1317 526 1350 554 τὰ
1381 525 1438 554 ἐκεῖ
1472 529 1589 562 ζητεῖτε,
1625 526 1668 554 καὶ
1696 529 1749 554 τῶν
1777 525 1888 553 ἐνταῦθα

1065 567 1143 607 λόγος
1165 569 1229 609 ὑμῖν
1250 569 1317 597 ἔστω
1339 569 1442 607 μηδείς.
1471 580 1482 597 I
1502 571 1552 599 Τὸν
1568 569 1715 598 ἀπόστολον
1729 571 1774 598 καὶ
1789 569 1887 609 ἀρχιε-

1065 612 1121 651 ρέα.
1143 624 1154 641 ι
1188 608 1285 641 Ἐλθὼν
1311 615 1347 645 εἰς
1382 614 1431 647 τὴν
1466 615 1625 652 οἰκονομίαν,
1663 613 1766 642 ἅπαντα
1794 613 1888 642 λοιπὸν

1064 655 1146 688 ἀδεῶς
1183 658 1216 685 τὰ
1239 658 1350 686 ταπεινὰ
1399 658 1548 698 φθέγγεται.
1587 657 1749 687 Ἀπόστολον
1772 657 1800 686 δὲ
1844 657 1888 685 αὒ-

1064 701 1108 729 τόν
1139 713 1216 741 φησι,
1245 701 1309 729 διότι
1338 702 1500 730 ἀπέσταλται
1545 703 1617 741 παρὰ
1643 706 1690 730 τοῦ
1713 703 1817 741 Πατρὸς
1853 703 1888 733 ὡς

1065 744 1210 784 ἅνθρωπος.
1243 741 1401 786 1Ομολογίηις
1441 745 1479 783 δὲ,
1508 749 1557 780 τῆς
1591 747 1715 778 πίστεως,
1755 755 1768 775 ι
1790 747 1887 774 Πιστὸν

1065 788 1138 818 ὄντα.
1157 801 1171 817 ι
1189 791 1328 826 Εὖνοϊκὸν,
1353 791 1428 830 φησὶ,
1451 792 1537 818 πίστιν
1562 791 1727 829 τετηρηκότσ
1738 793 1777 827 τῷ
1793 791 1885 828 Πιτρὶ,

1065 834 1108 861 καὶ
1122 835 1152 862 τὸ
1167 835 1229 863 αὐτὸ
1244 838 1370 874 φρονοῦτα
1387 835 1458 872 αὒτῴ
1485 836 1543 872 περὶ
1571 836 1602 863 τὸ
1635 836 1727 870 σώζειν
1749 836 1794 863 τὸν
1810 835 1884 864 λαόν.

1065 881 1108 914 Τῷ
1131 879 1270 912 ποιήσαντι
1307 879 1396 915 αὖτὸν,
1419 880 1510 919 φησὶν,
1535 879 1682 907 ἀπόστολον
1717 880 1760 907 καὶ
1795 879 1886 918 ἀρχιε-

1063 921 1120 960 ρέα,
1150 923 1280 963 τουτέστι,
1309 926 1348 959 τῷ
1382 923 1461 962 Πατρὶ
1490 924 1577 954 αὐτοῦ.
1615 922 1694 953 Οὐδὲν
1723 922 1750 951 δὲ
1777 923 1884 951 ἐνταῦθα

1063 967 1211 1004 θαυμαστὸν
1238 968 1259 994 εί
1280 966 1349 995 οὕτω
1372 967 1455 1006 λέγει,
1483 967 1551 1000 ἅπαξ
1579 970 1628 1001 τῆς
1655 968 1807 1005 οἰκονομίας
1823 967 1884 996 ἐπι-

1063 1010 1220 1048 λαϐόμενος.
1245 1023 1259 1038 ¢
1277 1015 1320 1048 Τῷ
1342 1013 1482 1046 ποιήσαντι
1504 1011 1593 1041 αὐτόν.
1612 1023 1624 1040 ι
1663 1013 1693 1041 Τί
1721 1013 1882 1050 ποιήσαντι;

1062 1055 1209 1084 ἀπόστολον
1237 1056 1280 1084 καὶ
1308 1056 1444 1096 ἀρχιερέα,
1475 1055 1600 1084 Ἐνταῦοσ
1648 1057 1679 1084 οὒ
1706 1056 1765 1095 περὶ
1797 1056 1882 1087 οὖσίας

1062 1100 1152 1139 φησὶν,
1185 1098 1242 1128 οὐδὲ
1276 1101 1335 1138 περὶ
1363 1100 1498 1137 Θεότητος,
1529 1099 1597 1128 ἀλλὰ
1623 1101 1682 1138 περὶ
1727 1099 1883 1137 ἀξιωμάτων

1062 1143 1240 1182 ἀνθρωπίνων.
1264 1153 1280 1174 (
1298 1139 1344 1176 ίΩς
1359 1145 1402 1172 καὶ
1418 1145 1515 1178 Μωσῆς
1544 1144 1572 1171 ἐν
1592 1143 1647 1182 ὅλῳ
1681 1148 1719 1181 τῷ
1747 1144 1818 1180 οἴκῳ
1834 1145 1880 1172 αὖ·

1061 1191 1118 1218 τοῦ.
1142 1199 1156 1215 ιι
1182 1187 1276 1216 Μέλλει
1291 1189 1394 1227 προϊὼν
1407 1189 1452 1216 τὸν
1467 1189 1535 1216 κατὰ
1563 1189 1645 1227 σάρκα
1673 1189 1797 1227 Χριστὸν,
1815 1199 1880 1227 προ-

1060 1231 1156 1260 τιθέναι
1179 1232 1321 1268 Μωϋσέως,
1337 1231 1397 1261 ἁλλ’
1419 1231 1511 1265 ἐπειδὴ
1527 1233 1549 1259 εἱ
1564 1233 1607 1260 καὶ
1621 1233 1709 1260 πιστοὶ
1728 1232 1798 1266 ἦσαν
1813 1234 1879 1260 οὗτοι

1061 1276 1126 1315 πρὸς
1144 1275 1188 1307 οῧς
1208 1277 1222 1304 ὁ
1232 1275 1322 1315 λόγος,
1339 1275 1458 1315 μεγάλας
1473 1276 1511 1304 ἔτι
1526 1275 1600 1308 δυξας
1616 1276 1697 1316 εἶχον
1712 1277 1772 1315 περὶ
1785 1276 1879 1304 Μωσέ-

1061 1330 1108 1357 ως,
1125 1320 1170 1348 ἵνα
1192 1320 1230 1358 μὴ
1246 1320 1339 1352 εὒθεως
1353 1320 1536 1360 ἆποφράξωσιν
1571 1321 1656 1348 αὐτῶν
1683 1321 1715 1348 τὰ
1743 1321 1813 1358 ὦτα,
1836 1321 1880 1348 οὐκ

1061 1364 1153 1396 ε’ὒθὲως
1196 1365 1332 1404 προτίθησι
1358 1365 1472 1396 Μωσέως
1499 1365 1544 1392 τὸν
1566 1365 1688 1404 Χριστὸν,
1718 1363 1789 1393 ἀλλὰ
1816 1364 1878 1395 τὲως

1061 1408 1155 1444 ἐξισοῖ,
1172 1409 1233 1436 εἶτα
1261 1409 1363 1448 προϊὼν
1391 1409 1554 1448 προτίθησιν.
1577 1409 1661 1437 Οἶκον
1687 1407 1714 1436 δὲ
1740 1411 1822 1438 αὖτοῦ
1835 1409 1877 1436 τὸν

1034 860 1054 884 Β

199 1451 229 1482 in
245 1460 404 1492 progressu
421 1450 575 1490 praeponit.
587 1450 674 1482 Suam
690 1455 787 1482 autem
803 1453 924 1483 domum
935 1463 1018 1484 voca-

1101 1455 1124 1480 iv
1146 1451 1279 1482 ἐκάλεσεν.
1303 1454 1387 1481 Αὺτοῦ
1408 1452 1436 1480 δὲ
1455 1453 1501 1480 τὸν
1528 1452 1591 1480 λαὸν
1606 1453 1668 1480 εἶπε
1683 1457 1730 1482 τοῦ
1750 1453 1876 1489 Μωσέως,

197 1495 391 1543 vitpopulum
405 1503 411 1525 :
428 1503 516 1535 porro
531 1495 759 1543 populum_dixit
769 1496 867 1543 Musis,
880 1498 1018 1537 quoniam

1101 1508 1125 1524 τι
1140 1497 1282 1543 προστήκει
1306 1499 1402 1543 αὐτων.
1433 1498 1481 1526 Καὶ
1507 1497 1592 1543 γὰρᾼὸ
1621 1497 1697 1543 Θεός.
1715 1508 1783 1537 φησι
1816 1498 1877 1536 πρὸς

196 1540 270 1581 ipsis
285 1539 440 1580 praefectus
455 1544 528 1570 erat.
541 1539 614 1570 Nam
630 1544 659 1571 et
674 1541 754 1571 Deus
773 1541 847 1571 dixit
862 1536 897 1572 ad
924 1551 990 1573 eum
1010 1552 1016 1575 :

1101 1542 1149 1579 τὸν,
1161 1536 1207 1570 «”Ο
1220 1541 1283 1573 λαός
1295 1552 1342 1569 σου
1356 1540 1483 1579 ἥμαρτεν.
1498 1551 1510 1569 ι
1522 1540 1662 1580 -[ΦΩΤ.]
1672 1536 1736 1573 σὨς
1745 1543 1791 1569 καὶ
1803 1545 1877 1569 Matii-

201 1597 211 1613 ι
225 1584 361 1616 Peccavit
372 1584 498 1624 populus
509 1587 577 1614 tuus
587 1583 630 1616 90.
646 1584 980 1620 n—«Quemadmodum
992 1591 1018 1617 et

1101 1595 1131 1618 :'
1149 1597 1163 1613 ι
1181 1585 1249 1614 ὣστε
1277 1586 1364 1618 μάτην
1384 1584 1604 1624 διαλοιδοροῦνταί
1623 1596 1669 1622 μοι
1688 1587 1754 1625 πρὸς
1773 1587 1842 1620 ὑμᾶς
1857 1587 1878 1613 οἱ

199 1632 308 1667 Moses,
325 1641 339 1656 »
358 1627 466 1668 inquit.
490 1629 610 1659 Frustra
633 1629 722 1667 igitur
742 1639 788 1660 me
803 1630 1018 1662 calumniantur

1101 1631 1221 1658 οστασίαν
1242 1640 1276 1668 με
1290 1629 1411 1669 λέγοντες
1441 1630 1494 1657 άπὸ
1529 1629 1644 1662 Μωσέως
1671 1628 1816 1667 διδάσκειν,
1838 1631 1878 1658 καὶ

198 1675 278 1714 apud
295 1682 358 1710 vos,
371 1672 420 1712 qui
436 1682 484 1703 me
493 1672 597 1703 dicunt
608 1673 827 1705 defunctionem
843 1683 859 1704 a
874 1676 955 1706 Mose
964 1675 1018 1706 do-

1101 1676 1125 1705 ‘oc
1138 1674 1214 1702 αὗτὸν
1248 1673 1382 1712 δυσμενῶς
1396 1673 1554 1705 διακεῖσθαι,
1584 1673 1738 1707 Λεληθότως
1761 1674 1790 1702 δὲ
1819 1678 1878 1702 τοῦ·

197 1727 277 1756 cere,
291 1722 319 1748 et
334 1726 403 1757 erga
420 1717 518 1756 ipsum
533 1717 656 1748 inimico
672 1718 811 1748 affectum
828 1727 893 1749 esse
905 1720 1016 1751 animo.

1116 1720 1159 1747 καὶ
1194 1720 1224 1747 οὗ
1257 1719 1324 1747 κατὰ
1358 1718 1555 1757 προηγούμενον
1582 1717 1660 1757 λόγον
1692 1719 1804 1758 εἰσάγει,
1834 1719 1876 1746 'z'vz

198 1763 262 1794 Hoc
289 1765 388 1793 autem
414 1762 489 1792 clam
515 1765 544 1791 et
566 1771 623 1791 non
645 1771 679 1792 ex
705 1762 854 1802 proposito
880 1772 1018 1794 sermone

1101 1763 1160 1791 λλον
1174 1763 1263 1802 πείσῃ.
1287 1764 1322 1792 Τὸ
1352 1764 1401 1801 γὰρ
1429 1763 1466 1794 εὶς
1494 1761 1639 1801 ἆπολογίᾶν
1665 1764 1878 1802 παρεσκευαῳέ-

195 1806 310 1838 inducit
323 1810 355 1837 ut
369 1805 462 1845 magis
478 1806 673 1845 persuadeat:
688 1815 756 1836 nam
772 1806 849 1846 quod
867 1807 902 1838 ad
917 1808 1018 1839 defen-

1117 1807 1217 1845 μᾶλλον
1246 1807 1374 1837 ὕποπτον.
1394 1818 1407 1834 ε
1426 1806 1548 1838 Πλείονος
1570 1807 1619 1846 γὰρ
1647 1805 1726 1841 δόξης
1756 1809 1843 1840 οὗτος.
1863 1819 1874 1834 ι

194 1852 310 1882 sionem
335 1855 469 1891 paratum
494 1855 549 1889 est,
567 1850 730 1890 suspicioni
755 1851 847 1890 magis
871 1851 1016 1892 subjacet.

1101 1853 1146 1880 τὼν
1168 1852 1216 1885 τὴν
1250 1852 1316 1890 πρὸς
1346 1853 1444 1884 Μωσῆν
1474 1851 1582 1885 ἰσότητα
1614 1854 1657 1879 τοῦ
1686 1854 1812 1891 Χριστοῦ,
1835 1855 1876 1880 νῦν

199 1907 210 1924 α
229 1895 333 1935 Majori
352 1895 446 1934 gloria
464 1894 512 1924 hic
528 1894 645 1932 dignus.
666 1906 678 1922 ι)
694 1895 765 1925 Cum
781 1895 903 1926 dixisset
917 1905 1017 1936 mqua-

1101 1897 1144 1934 ἱμα
1158 1897 1206 1929 τὴν
1221 1896 1356 1936 ὑπεροχὴν
1377 1895 1460 1935 λέγει,
1481 1907 1494 1922 α
1512 1894 1633 1927 Πλείονος
1669 1897 1755 1927 οὗτος,
1775 1906 1790 1926 ι
1815 1897 1874 1935 Τίς,

194 1939 306 1971 litatem
327 1939 437 1970 Christi
459 1939 494 1969 ad
518 1939 642 1975 Mosem,
673 1947 752 1969 nunc
780 1940 919 1978 paulatim
945 1940 1018 1971 dixit

1101 1941 1168 1969 κατὰ
1197 1941 1279 1980 σάρκα
1313 1940 1451 1977 νοούμενος
1474 1939 1597 1979 Χριστός.
1630 1951 1643 1967 σ
1675 1941 1747 1978 Παρὰ
1780 1943 1876 1973 Μωσῆν

194 1983 415 2015 excellentiam.
446 1995 459 2010 «
484 1981 592 2021 Majore
616 1983 676 2013 hic.
700 1995 713 2010 ιο
743 1983 836 2019 Quis?
857 1983 912 2020 Qui
934 1985 1018 2024 juxta

1102 1997 1135 2018 ης
1157 1985 1275 2022 ἠξίωται,
1292 1985 1351 2013 καθ’
1378 1984 1450 2021 ὅσον,
1481 1985 1555 2024 φησὶ,
1585 1983 1692 2012 πλείονα
1719 1986 1804 2022 τιμὴν
1819 1984 1874 2024 ἔχει

193 2038 313 2060 carnem
325 2027 500 2066 intelligitur
514 2027 660 2058 Christus.
681 2028 809 2066 «)lajore
822 2028 915 2066 gloria
929 2038 1016 2068 quam

1101 2029 1205 2069 ιοῖκου,
1222 2031 1236 2057 ὁ
1251 2029 1447 2061 κατασκευάσας
1470 2029 1558 2057 αὐτόν.
1585 2039 1596 2057 υ
1627 2029 1677 2057 Νῦν
1698 2029 1747 2062 τὴν
1764 2029 1876 2062 ὑστάτην

194 2073 290 2104 Moses
319 2071 369 2102 hic
391 2071 498 2110 dignus
518 2075 563 2101 est
590 2071 719 2108 habitus,
736 2076 844 2110 quanto
874 2073 1014 2112 majorem

1101 2074 1204 2114 ιροχὴν,
1220 2075 1263 2101 καὶ
1292 2073 1342 2106 ὅση
1365 2077 1429 2101 Θεοῦ
1463 2073 1528 2112 πρὸς
1550 2072 1685 2111 ἄνθρωπον
1720 2072 1809 2113 λέγει,
1833 2073 1874 2101 καί

191 2116 281 2148 habet
307 2116 451 2146 honorem
480 2115 505 2145 is
546 2116 595 2154 qui
621 2116 783 2146 construxit
798 2116 917 2146 domum
929 2126 1016 2156 quam

1101 2130 1122 2146 τι
1139 2127 1145 2133 ⁸
1168 2119 1263 2150 Πιστὸς
1279 2118 1326 2155 μὲν
1347 2118 1378 2151 ἦν
1394 2120 1493 2151 Μωσῆς
1515 2117 1579 2156 ὑπὲρ
1604 2117 1690 2145 πάντα
1717 2118 1763 2145 τὸν
1789 2118 1871 2154 οἷκον,

193 2161 258 2201 ipsa
272 2161 390 2191 domus.
409 2172 422 2188 ιι
440 2159 607 2190 Extremam
623 2169 701 2190 nunc
721 2159 803 2199 ponit
819 2161 1017 2200 praeminen-

1101 2163 1186 2198 ιτέστι,
1203 2164 1248 2190 τὸν
1280 2162 1354 2192 λαόν,
1386 2161 1460 2196 Πλὴν
1484 2162 1527 2190 καὶ
1551 2162 1630 2193 ὠτὸς
1650 2165 1696 2190 τοῦ
1731 2162 1809 2191 οἴκου
1828 2162 1873 2198 ἧν,

194 2197 264 2236 tiam
275 2205 345 2236 555
360 2209 527 2245 quantaque
543 2208 589 2234 est
604 2203 657 2234 Dei
674 2204 709 2234 ad
721 2197 889 2241 hominem,
907 2211 936 2236 et
950 2208 989 2235 ait
1006 2229 1012 2235 .

1115 2211 1160 2235 τοῦ
1174 2207 1239 2235 luo?)
1252 2209 1305 2239 εἷς,
1330 2210 1458 2235 Τοσοῦτον
1488 2206 1532 2234 οὖν
1553 2205 1673 2238 πλείονος
1707 2205 1787 2241 δόξης
1801 2208 1815 2234 ὁ
1827 2197 1873 2234 xu?

192 2250 304 2281 Fidelis
326 2250 446 2290 quidem
471 2253 535 2279 erat
557 2249 654 2279 Moses
669 2257 760 2288 super
775 2252 864 2278 totam
881 2249 1013 2286 domum,

1104 2251 1187 2291 σάρκα
1208 2252 1320 2290 Χριστὸς
1334 2251 1406 2289 παρά
1429 2252 1529 2283 Μωσῆν
1542 2249 1675 2288 ﬂauum”
1705 2249 1767 2279 ὅσον
1796 2251 1870 2289 εἰκὸς,

190 2295 221 2326 id
237 2299 291 2330 est,
308 2294 460 2334 populum,
476 2292 540 2333 ipse
557 2297 655 2323 tamen
681 2293 769 2323 etiam
794 2302 828 2323 ex
851 2293 939 2324 domo
954 2299 1018 2325 erat

1101 2297 1132 2333 πὶ,
1162 2297 1207 2323 τὸν
1242 2295 1400 2335 δημιουργὸν
1430 2297 1475 2322 τοῦ
1513 2293 1759 2333 δημιουργήματος.
1792 2291 1871 2323 Ὀσον

189 2344 218 2370 et
245 2348 321 2370 unus
346 2348 362 2369 e
388 2337 508 2378 populo.
540 2336 633 2367 Tanto
661 2337 753 2375 igitur
777 2337 912 2368 Christus
930 2339 1016 2378 juxta

1101 2352 1116 2376 ι,
1135 2340 1198 2380 φησὶ
1213 2338 1320 2368 πλείονα
1335 2339 1416 2376 τιμὴν
1431 2337 1489 2378 ἔχει
1516 2343 1562 2368 τοῦ
1589 2339 1666 2367 οἴκου
1681 2340 1694 2367 ὁ
1708 2339 1871 2368 κατασκευᾶ-

191 2393 311 2415 carnem
343 2383 454 2422 majore
482 2381 575 2421 gloria
601 2381 708 2420 dignus
724 2385 769 2412 est
794 2381 911 2413 habitus
926 2393 1014 2423 quam

1101 2396 1104 2416 ;
1120 2384 1208 2414 αὐτόν.
1225 2384 1309 2412 Οἷκον
1321 2384 1370 2422 γὰρ
1386 2383 1505 2419 ἐνταῦθα,
1535 2383 1579 2411 τὸν
1603 2382 1667 2410 λαὸν
1695 2384 1741 2411 σὺν
1757 2387 1796 2421 τῷ
1810 2386 1870 2411 Μω-

191 2430 299 2467 Moses,
315 2432 437 2468 quanto,
454 2426 560 2467 inquit.
578 2430 746 2466 aaquumest
758 2427 926 2457 Creatorem
936 2437 1014 2466 prae-

1115 2428 1200 2468 λέγει,
1215 2427 1308 2461 ἐπειδὴ
1322 2428 1366 2455 καὶ
1381 2429 1493 2466 Μωσῆς,
1514 2427 1556 2459 εἷς
1584 2426 1617 2460 ἧν
1631 2431 1678 2456 τοῦ
1693 2426 1759 2456 λαοῦ
1775 2435 1783 2443 '
1799 2437 1871 2459 ποιη-

189 2473 299 2505 cellere
329 2476 489 2503 creaturae:
508 2480 587 2507 nam,
605 2475 715 2511 quanto
732 2471 889 2510 maiorem,
905 2472 1012 2513 inquit,

1101 2485 1103 2504 ;
1124 2472 1151 2501 δὲ
1165 2476 1210 2501 τοῦ
1222 2472 1299 2500 οἴκου
1313 2473 1327 2500 ὁ
1341 2471 1465 2511 Χριστός.

188 2518 278 2549 habet
294 2518 437 2548 honorem
454 2516 479 2546 is
495 2515 545 2555 qui
561 2515 681 2545 domum
697 2516 872 2553 construxit,
903 2527 989 2557 quam
1005 2517 1069 2557 ipsa
1094 2517 1212 2548 domus.
1242 2515 1395 2556 Siquidem
1424 2515 1545 2546 domum
1574 2515 1630 2546 hoc
1654 2515 1719 2547 loco
1734 2515 1869 2557 populum

185 2562 324 2602 appellat,
342 2560 393 2601 qui
408 2569 475 2591 cum
492 2560 571 2590 Mose
587 2564 668 2591 erat:
688 2560 927 2600 quandoquidem
943 2566 972 2592 et
989 2564 1082 2593 Moses
1098 2571 1176 2593 unus
1189 2565 1252 2592 erat
1280 2569 1297 2591 ο
1325 2559 1453 2600 populo:
1484 2563 1650 2591 exstructor
1676 2569 1744 2592 vcro
1770 2561 1870 2592 domus

188 2611 251 2638 erat
266 2606 411 2638 Christus.

225 2651 276 2688 IlI,
286 2651 354 2682 4-6.
367 2651 474 2680 Omnis
485 2649 567 2679 enim
581 2647 687 2679 domus
701 2650 898 2680 constituitur
905 2649 942 2681 ab
954 2650 1012 2681 ali-

185 2697 358 2736 quo.Porro
373 2695 426 2735 qui
436 2693 570 2725 condidit
583 2693 698 2732 omnia,
712 2694 792 2724 Deus
808 2698 851 2725 est
867 2694 908 2725 Et
919 2696 1012 2726 Moses

1116 2696 1148 2724 τὰ
1196 2696 1281 2724 πάντα
1319 2694 1517 2724 κατασκευάσας
1566 2693 1642 2726 Θεός.

1096 2663 1108 2680 ι
1139 2654 1193 2683 Πᾶς
1221 2651 1270 2689 γὰρ
1297 2649 1374 2681 οἶκος
1401 2649 1621 2684 κατασκευάζεται
1659 2650 1709 2678 ὑπό
1736 2660 1817 2681 τινος.
1843 2643 1867 2675 Ὀ

1692 2695 1740 2723 Καὶ
1776 2694 1867 2725 Μωσῆς

223 2781 255 2807 ³ο
271 2780 365 2813 Exod.
384 2788 468 2815 xxm,
487 2779 513 2808 7.
