1936 3080
58 114 126 154 305

57 188 112 225 μὲν
144 189 237 220 πιστὸς

57 233 98 265 εἷς
149 233 288 272 μαρτύριον
318 236 369 261 τῶν
409 233 645 272 λαληθησομένων,
697 235 807 274 Χριστὸς
844 233 883 274 δὲ,

56 278 96 310 ὡς
136 279 207 314 Υἱὸς,
235 277 278 306 ἐπὶ
307 279 351 306 τὸν
387 279 465 306 οἷκον
494 280 585 314 αὑτοῦ,
632 280 662 306 οὗ
700 279 777 311 οἶκός
805 279 885 316 ἔσμεν

54 323 158 359 ἡμεῖς,
188 322 233 350 ἐάν
259 322 309 362 πὲρ
351 323 400 356 τὴν
435 322 580 361 παῤῥησίαν
626 324 669 351 καὶ
697 324 728 351 τὸ
756 323 885 363 καύλημα

55 370 110 400 τῆς
162 366 266 399 ἐλπίδος
318 366 400 406 μέχρι
452 366 542 399 τέλους
589 366 695 405 βεϐαίαν
736 368 883 408 κατάσχω-

56 423 124 449 μεν.
144 424 158 440 ι

99 455 214 490 Ἐπειδὴ
230 457 307 484 οἶκον
321 457 366 484 τὸν
394 456 456 484 ὶαὸν
487 457 531 484 καὶ
558 457 603 484 τὸν
633 457 731 490 Μωσῆν
761 456 884 485 ἐκάλεσεν

55 501 180 539 ἐνέμεινε
194 504 228 538 τῇ
253 504 350 539 τροπῇ,
386 502 430 530 καί
457 509 547 541 φησι·
587 502 780 540 Δημιούργημα
814 502 884 530 οὗτοι

56 546 110 573 εἶσι
126 546 170 574 καὶ
185 544 282 576 δοῦλοι.
300 546 336 574 Οὒ
355 546 405 584 γὰρ
426 545 463 573 ἔνι
480 546 568 582 οἶκος,
585 546 607 573 εἰ
621 546 659 582 μή
681 557 705 573 τι
721 546 882 574 κατεσκευά-

55 591 124 623 σθη.
141 590 350 619 Κατεσκεύασται
364 589 391 617 δὲ
406 590 438 618 τὰ
463 590 560 627 πάντα,
577 589 634 628 μεθ’
661 591 697 618 ὧν
728 590 774 618 χαί
796 590 809 618 ὁ
836 590 882 618 οἴ-

55 646 106 666 κος
122 628 176 662 iure
190 639 235 663 τοῦ
271 637 392 674 Χριστοῦ.
423 629 514 667 ΗΟσην
548 634 592 662 οὖν
614 635 696 670 εἰκὸς,
724 635 800 674 φησὶ,
823 633 882 662 δια-

54 679 144 718 φορὰν
180 678 253 718 ἔχειν
289 678 403 712 ποιητὴν
430 679 592 716 ποιήματος,
627 679 757 712 τοσαύτην
785 678 843 718 ἔχει
870 680 883 706 ὁ

56 724 178 759 Χριστὸς
207 723 272 762 πρὸς
295 725 405 756 Μωσῆν.
434 734 447 750 α
467 724 514 751 Καὶ
543 726 641 755 Μωσῆς
669 723 717 761 μὲν
751 724 842 755 πιστὸς
857 725 883 751 ὲν

54 767 116 804 ὅλῳ
139 769 178 804 τῷ
199 767 268 804 οἴκῳ
284 768 372 796 αὐτοῦ.
390 778 404 794 ι
429 767 497 795 Εἶτα
526 769 569 795 καὶ
585 766 667 801 ἄλλην
697 767 767 806 λέγει
796 766 885 807 διαφο-

605 124 802 156 COMMENT.
826 123 867 154 IN
889 122 1008 155 EPIST.
1031 126 1083 157 AD
1102 126 1217 157 HEBR.

285 188 312 217 ἐν
353 189 409 226 ὅλῳ
422 192 461 225 τῷ
476 189 545 226 οἴκῳ
574 189 653 218 αὖτοῦ
700 191 736 221 ὡς
770 190 881 229 θεράπωπ

953 189 1050 221 uidem
1064 190 1162 230 ﬁdelis
1175 191 1237 230 fuit
1251 194 1284 222 in
1299 194 1361 222 tota
1376 191 1460 221 domo
1474 189 1558 222 illius
1578 189 1672 221 veluti
1686 190 1748 219 mi-

1690 121 1750 152 306

925 234 1033 270 nister,
1050 235 1083 265 in
1098 236 1271 266 testimonio
1285 243 1391 266 eorum
1415 243 1480 275 qua
1503 234 1632 266 dicenda
1647 236 1745 264 erant.

925 277 967 308 At
976 277 1114 310 Christus
1121 282 1267 319 tanquam
1274 279 1303 310 F
1304 279 1374 310 ilius
1385 279 1611 310 administravit
1625 278 1749 309 domum

925 321 1033 361 ipsius,
1058 324 1147 359 cuius
1174 324 1280 354 domus
1304 332 1408 354 sumus
1423 332 1490 359 nos,
1506 324 1533 353 si
1548 322 1691 362 loquendi
1707 321 1746 352 li-

925 366 1067 398 bertatem
1082 371 1111 399 et
1124 367 1342 408 gloriationcm
1353 370 1428 408 spei,
1437 367 1476 398 ad
1486 367 1576 407 ﬁnem
1585 375 1679 406 usque
1689 366 1746 406 ﬁr-

926 419 1006 441 mam
1025 413 1226 443 tenuerimus.

965 456 1109 492 Quoniam
1125 457 1248 489 domum
1275 461 1432 489 vocaverat
1456 457 1597 498 populum
1611 460 1640 487 et
1654 456 1742 488 etiam

926 503 1037 538 Mosen,
1055 503 1217 542 permansit
1236 502 1267 532 in
1284 507 1378 543 tropo,
1396 506 1425 533 et
1440 501 1481 532 ait
1497 511 1503 533 :
1522 501 1662 532 Creatura
1677 504 1746 531 sunt

924 546 1057 586 hiatque
1072 547 1160 577 servi.
1177 546 1241 577 Non
1266 547 1346 577 enim
1371 546 1517 586 contingit
1541 555 1607 577 esse
1623 546 1744 576 domum

925 590 981 620 nisi
1011 591 1121 630 aliquid
1151 595 1317 622 exstruatur
1342 600 1349 622 :
1376 595 1523 621 exstructa
1551 594 1619 620 sunt
1647 593 1745 619 autem

925 634 1050 665 omniaa
1064 635 1191 672 Christo,
1209 635 1286 666 inter
1302 645 1367 676 quin.
1381 636 1470 666 etiam
1486 639 1531 665 est
1547 635 1610 674 ipsa
1626 634 1742 664 domus.

924 678 1067 715 Quantam
1084 689 1153 718 ergo
1168 689 1284 720 {equum
1294 684 1338 710 est
1348 683 1378 710 ut
1393 679 1499 710 habeat
1514 678 1745 718 praecellentiam

925 723 950 753 is
963 723 1013 763 qui
1029 723 1163 753 condidit
1178 733 1267 764 supra
1287 733 1362 764 opus
1377 723 1455 763 quod
1471 723 1614 757 condidit,
1635 726 1744 753 tantam

925 767 1013 798 habet
1037 767 1169 799 Christus
1185 778 1273 808 supra
1288 771 1402 800 Mosen.
1421 781 1434 795 α
1451 767 1487 798 Ει
1512 770 1607 798 Moses
1623 767 1744 808 quidem

55 813 106 851 ρὰν
125 815 238 850 Χριστοῦ
251 812 295 839 καὶ
320 810 447 848 Μωσέως,
477 810 516 839 ὅτι
545 813 559 839 ὁ
594 812 641 849 μὲν
663 813 699 843 ὡς
735 811 824 843 δοῦλος
852 811 881 844 ἦν

953 810 1021 841 ielis
1043 811 1097 842 fuit
1120 811 1150 842 in
1173 816 1231 842 tota
1253 812 1340 842 domo
1370 812 1460 843 illius.
1489 825 1502 839 n
1525 811 1639 843 Deinde
1655 811 1742 841 aliam

55 857 169 895 πιστὸς,
185 857 199 884 ὃ
213 855 240 883 δὲ
261 856 297 887 ὼς
314 857 372 887 Υἱος
406 856 515 894 γνήσιος
534 856 576 884 καὶ
603 857 755 893 ὁμοούσιος,
775 854 883 888 Ἐπειδὴ

55 902 108 940 γὰρ
134 900 189 928 ἅνω
214 901 308 928 πιστὸν
330 899 438 927 ἐκάλετε
459 900 504 927 τὸν
532 901 652 939 Χριστὸν,
682 901 774 928 πιστὸν
790 899 816 928 δὲ
840 901 883 928 καὶ

54 946 102 973 τὸν
117 947 233 983 Μωσῆν,
254 945 303 977 τὴν
317 943 441 983 διαφορὰν
454 955 499 972 του
521 947 614 972 πιστοῦ
643 944 788 983 ἐξηγεῖται,
809 956 822 972 σ
840 946 882 976 Εἰς

55 990 203 1028 μαρτύριον
227 992 280 1016 τῶν
304 987 539 1025 λαληθησομένων.
560 1000 571 1016 ι
604 990 646 1020 Εἰς
675 990 706 1017 τὸ
727 990 795 1016 εἶναι
812 990 881 1028 μάρ-

54 1045 123 1072 τυρα
159 1036 212 1061 τῶν
243 1032 412 1070 λαλουμένων
438 1033 509 1072 παρὰ
541 1036 606 1060 Θεοῦ
640 1039 698 1064 τοῖς
735 1032 879 1069 Ἰουδαίοις,

54 1071 103 1106 ’ἵνα
120 1078 161 1115 μὴ
177 1077 203 1105 ἐν
219 1079 302 1116 χαιρῷ
316 1077 425 1116 κρίσεως
454 1076 630 1116 ἀρτήσωνται.
661 1071 744 1108 ’Ἐθος
779 1078 827 1116 γὰρ
842 1081 882 1114 τῷ

57 1127 118 1159 Θεῷ
134 1123 179 1150 καὶ
199 1122 307 1161 οὖρανὸν
335 1123 378 1149 καὶ
407 1123 458 1160 γῆν
492 1121 536 1149 καὶ
570 1122 706 1161 φάραγγας
741 1121 880 1161 προσλαμ-

54 1166 148 1195 ϐάνειν
165 1168 201 1198 εἷς
217 1167 369 1205 μαρτυρίαν,
389 1178 401 1193 ιι
427 1160 530 1194 ’Ἄκουε
540 1166 600 1205 γὰρ,
617 1167 707 1206 φησὶν,
723 1166 824 1206 οὒρανὲ,
837 1167 881 1194 καὶ

54 1213 194 1250 ἓνωτίζου,
204 1212 222 1244 ἡ
232 1211 280 1249 γῆ.
293 1220 308 1239 ι
323 1211 371 1239 Καὶ
386 1209 464 1238 πάλιν
481 1218 488 1224 ·
509 1222 522 1237 ι
541 1209 692 1247 Ἀκούσατε,
707 1211 849 1250 φάραγγες.
865 1221 877 1239 ν

54 1273 96 1278 -
105 1267 118 1283 σ
134 1255 246 1294 Χριστὸς
258 1253 286 1282 δὲ
301 1255 338 1286 ὡς
355 1254 425 1286 Υἱός.
443 1266 454 1283 ι
474 1255 548 1283 Elui
557 1255 607 1293 γὰρ
616 1255 719 1294 πιστὸς,
729 1255 805 1294 φησὶ,
819 1253 880 1293 παρ’

55 1301 124 1337 ἐμοῦ
146 1300 311 1337 ὠνόμασται,
328 1297 387 1326 ἀλλ’
416 1300 452 1331 ὡς
474 1299 534 1331 Υἱὸς
556 1298 664 1337 γνήσιός
698 1300 753 1326 εστι
775 1299 878 1335 πιστὸς,

54 1346 85 1373 τὸ
102 1347 232 1383 Πατρῷον
247 1342 410 1382 ἀποπληρῶν
429 1342 546 1380 θέλημα,
562 1342 664 1380 μᾶλλον
691 1341 718 1370 δὲ
746 1343 777 1371 τὸ
792 1344 880 1371 κοινὸν

55 1392 106 1422 τῆς
137 1389 216 1428 ἁγίας
251 1387 370 1427 Τριάδος.
403 1396 417 1416 Ι
454 1388 490 1415 OG
530 1387 606 1419 οἶκός
648 1386 726 1424 ἔσμεν
753 1388 844 1424 ἡμεῖς.
864 1399 877 1415 ι

55 1435 92 1462 0-3
129 1435 243 1473 Χριστοῦ
273 1432 350 1463 οἶκός
399 1431 478 1469 ἐσμεν
529 1433 552 1460 oi
594 1432 693 1468 πιστοὶ,
737 1432 803 1460 κατὰ
837 1443 878 1470 το,

923 865 1042 896 quoque
1051 856 1133 896 ponit
1141 857 1338 887 differentiam
1349 857 1428 888 inter
1435 858 1536 888 Mosen
1545 856 1743 892 etChristum,

923 900 1001 940 quod
1016 901 1067 931 ille
1082 901 1201 941 quidem
1220 907 1358 942 tanquam
1377 911 1479 932 servus
1495 905 1558 932 erat
1574 900 1680 936 ﬁdelis,
1698 900 1745 930 hic

922 953 990 974 vero
1007 949 1144 985 tanquam
1160 946 1251 976 Filius
1264 946 1405 976 naturalis
1421 945 1590 985 etejusdem
1604 944 1744 975 substan—

921 988 979 1020 tiae.
1012 988 1156 1025 Quoniam
1197 991 1276 1021 enim
1314 990 1451 1030 superius
1486 989 1606 1020 ﬁdelem
1634 989 1746 1019 vocavit

921 1031 1079 1070 Christum,
1097 1034 1214 1065 lidelem
1230 1040 1330 1065 autem
1356 1038 1384 1064 et
1411 1033 1522 1068 Mosen,
1540 1037 1638 1064 narrat
1656 1033 1745 1063 diﬂ‘e-

920 1077 1046 1108 rentiam
1063 1079 1091 1108 in
1108 1078 1260 1109 ﬁdelitate.
1278 1090 1289 1107 α
1303 1078 1335 1109 In
1352 1077 1554 1109 testimonium
1563 1087 1666 1108 eorum
1679 1087 1745 1117 qua;

921 1121 1049 1152 dicenda
1063 1126 1179 1152 erant.)
1198 1122 1234 1154 Ut
1250 1123 1332 1153 testis
1348 1127 1425 1153 esset
1442 1131 1545 1153 eorum
1557 1131 1623 1162 quae
1633 1121 1746 1152 Judazis

921 1165 1093 1196 dicerentur
1101 1166 1237 1201 aDeo,ne
1252 1167 1356 1207 judicii
1367 1173 1500 1206 tempore
1516 1166 1546 1197 id
1563 1166 1671 1197 factum
1680 1175 1746 1196 esse

922 1210 1144 1249 negarent.Deo
1157 1211 1236 1242 enim
1262 1211 1354 1242 moris
1370 1215 1414 1242 est
1425 1215 1453 1241 et
1466 1211 1573 1242 cwlum
1591 1215 1620 1241 et
1635 1214 1744 1240 terram

923 1264 956 1285 ac
965 1255 1054 1286 valles
1065 1255 1095 1285 in
1110 1255 1311 1286 testimonium
1332 1265 1493 1286 assumere.
1507 1267 1519 1283 ει
1530 1254 1618 1291 Audi,
1634 1253 1743 1294 inquit,

923 1299 1045 1339 caelum,
1062 1303 1091 1330 et
1106 1299 1228 1330 auribus
1246 1300 1377 1340 percipe.
1394 1304 1474 1330 terra
1487 1300 1544 1328 εί.»
1562 1299 1598 1330 Ει
1612 1308 1743 1329 rursum:

926 1343 1064 1380 «Audite,
1077 1344 1176 1375 valles.
1187 1353 1236 1375 1—-
1251 1345 1305 1375 αΑι
1321 1344 1455 1376 Christus
1471 1348 1608 1384 tanquam
1620 1342 1744 1373 Filius.»

922 1388 995 1418 Nam
1012 1388 1080 1419 licet
1095 1399 1111 1419 a
1128 1398 1186 1425 me,
1200 1388 1306 1429 inquit,
1329 1389 1497 1419 nominatus
1512 1388 1550 1418 sit
1564 1387 1674 1428 ﬁdelis,
1690 1387 1742 1418 sed

924 1436 1058 1472 tauquam
1075 1432 1168 1463 Filius
1184 1433 1328 1464 naturalis
1343 1437 1387 1464 est
1398 1433 1506 1470 ﬁdelis,
1522 1433 1679 1464 Paternam
1692 1441 1744 1463 ex-

59 1490 70 1505 ι
89 1477 245 1512 Ἐνοικήσω
259 1477 286 1505 ἒν
307 1477 409 1508 απῖγτοϊς.
431 1487 442 1504 ι
463 1493 500 1499 —
514 1486 525 1503 ι
543 1476 607 1504 Ἐὰν
632 1486 681 1515 περ
701 1476 750 1510 τὴν
775 1476 879 1515 παῤῥη-

953 1485 1006 1506 ens
1019 1477 1211 1514 voluntatem,
1229 1477 1322 1516 magis
1344 1482 1443 1508 autem
1469 1486 1533 1508 eam
1556 1486 1622 1517 quae
1636 1480 1745 1507 sanctae

55 1523 126 1554 σίαν,
149 1533 163 1551 ο
179 1521 310 1558 Ἐσόμεθα
324 1521 402 1550 αὖτοῦ
417 1521 504 1556 οἶκος,
540 1520 584 1548 ἐὰν
601 1521 641 1558 μὴ
658 1520 881 1559 ἐγχαλυπτώμεθα

55 1567 98 1595 ἐπὶ
113 1570 151 1604 τῇ
168 1567 203 1598 εἰς
219 1566 296 1594 αὑτὸν
311 1566 408 1602 πίστει,
437 1564 506 1592 ἀλλὰ
545 1566 612 1603 μετὰ
639 1564 783 1604 παρῤησῖας
812 1577 879 1593 καυ-

54 1611 185 1650 χώμεθα,
222 1611 267 1638 καὶ
295 1610 328 1638 τὰ
348 1610 455 1649 χρηστα
484 1609 613 1647 λήψεσθαι
641 1608 703 1648 παρ’
741 1610 820 1638 αἰγτοῦ
843 1611 879 1641 ὡς

56 1660 122 1684 Θεοῦ
138 1655 299 1694 ἐλπίζωμεν,
315 1654 354 1692 μὴ
378 1653 548 1692 σαλευόμενοι
577 1653 644 1691 μηδὲ
668 1653 830 1689 διστάζοντες
853 1654 879 1682 ἕν

54 1710 119 1731 τινι,

922 1519 1057 1551 Trinitati
1067 1522 1234 1552 communis
1245 1521 1414 1560 est.«Cujus
1426 1521 1533 1552 domus
1546 1530 1648 1551 sumus
1660 1530 1745 1551 uos.»

921 1565 1011 1604 Cujus
1035 1564 1143 1595 Christi
1166 1565 1272 1595 domus
1299 1574 1403 1596 sumus
1428 1565 1543 1601 ﬁdeles,
1567 1564 1640 1594 356
1661 1565 1745 1604 juxta

920 1608 1013 1639 illud:
1031 1620 1041 1636 α
1056 1608 1233 1640 Inhabitabo
1252 1610 1281 1639 in
1309 1610 1367 1640 illis
1377 1610 1415 1638 εἳ.
1432 1621 1443 1638 ι
1465 1627 1501 1632 -
1516 1621 1529 1636 α
1548 1609 1579 1640 Si
1602 1608 1743 1649 loquendi

921 1652 1066 1684 libertate.
1083 1666 1097 1681 ι
1111 1653 1229 1684 Erimus
1241 1654 1348 1684 domus
1363 1653 1456 1694 ipsius
1473 1653 1498 1683 si
1514 1662 1572 1683 non
1589 1653 1747 1684 erubueri-

920 1707 985 1728 mus
1001 1697 1038 1728 ob
1056 1697 1144 1728 ﬁdem
1161 1708 1225 1739 quae
1245 1698 1343 1739 ipsum
1369 1702 1424 1735 est,
1455 1697 1509 1728 sed
1535 1706 1603 1728 cum
1627 1697 1746 1732 dicendi

56 1743 199 1775 libertate
212 1742 393 1781 gloriemur:
412 1745 441 1772 et
455 1750 521 1782 qua
549 1741 623 1772 utila
651 1744 720 1772 sunt
743 1740 780 1772 ab
809 1741 873 1782 ipso
899 1745 1037 1782 tauquam
1067 1751 1085 1773 a
1112 1743 1173 1774 Deo
1203 1753 1256 1773 nos
1284 1746 1460 1784 accepturos
1488 1751 1655 1783 speremus,
1688 1751 1748 1773 non

59 1788 246 1823 vacillantes,
264 1796 319 1818 nec
335 1786 365 1817 in
379 1786 478 1827 aliquo
492 1785 672 1818 dubitantes.

102 1844 117 1861 ε
137 1834 185 1860 Διὸ
200 1833 286 1864 καθὼς
307 1831 378 1870 λέγει
393 1833 422 1859 τὸ
449 1835 554 1869 Πνεῦμα
581 1832 611 1859 τὸ
638 1831 725 1870 ἅγιον,
759 1832 880 1870 Σήμερον

61 1878 105 1905 ἐὰν
133 1879 184 1910 τῆς
213 1879 303 1916 ιρωνῆς
339 1878 418 1905 αὐτοῦ
458 1875 600 1912 ἀκούσητε,
638 1876 676 1912 μὴ
717 1875 881 1915 σκληρύνητε

59 1923 107 1953 τὰς
136 1920 244 1960 καρδίας
270 1921 355 1958 ὑμῶν.
382 1921 418 1952 ὡς
446 1919 472 1948 ἐν
507 1922 545 1956 τῷ
583 1924 795 1959 παραπικρασμῷ
829 1931 880 1948 χα-

59 1968 93 1995 τὰ
125 1968 177 2000 τὴν
212 1967 313 2006 ἡμέραν
340 1969 386 1994 τοῦ
413 1970 560 2004 πειρασμοῦ
585 1964 612 1993 ἓν
646 1968 680 2003 τῇ
714 1966 815 2005 ἐρήμῳ,
852 1966 882 1993 οὗ

59 2011 203 2051 ἐπειρασὰν
232 2021 265 2048 με
293 2012 316 2038 οἱ
363 2010 473 2049 πατέρες
514 2009 600 2046 ὒμῶν,
638 2008 812 2047 Ἐδοκίμασάν
848 2021 881 2047 με

60 2056 104 2083 καὶ
148 2054 221 2084 εἶδον
244 2055 278 2083 τὰ
305 2054 368 2094 ἔργα
408 2055 473 2091 ῐμου
506 2054 698 2093 τεσσαράκοντα
726 2054 784 2087 ἔτη.
836 2055 882 2082 Διὸ

61 2099 236 2139 προσώχθισα
251 2102 284 2137 τῇ
313 2101 390 2138 γενεᾷ
419 2099 518 2136 εκείνη,
549 2099 591 2126 καὶ
618 2104 707 2134 εἴπον,
728 2097 783 2126 Ἀεὶ
809 2098 880 2126 πλα-

63 2142 322 2182 νῶνταιτῇκαρόίᾳ.
354 2143 430 2171 Αὐτοὶ
456 2142 484 2170 δὲ
520 2143 565 2170 οῦκ
595 2141 711 2181 ἔγνωσαν
739 2143 786 2174 τὰς
807 2141 882 2174 ὁδοὺς

63 2199 125 2228 μου,
149 2189 186 2219 ὡς
208 2187 302 2225 ὤμοσα
315 2187 342 2215 ἐν
356 2191 390 2226 τῇ
415 2187 480 2226 ὀργῇ
507 2198 558 2224 μου
585 2187 607 2214 εἰ
635 2186 824 2215 εἰσελεύσονται
846 2187 882 2219 εἰς

63 2233 112 2266 τὴν
125 2232 289 2260 κατάπαυσίν
303 2243 364 2269 μου,
391 2243 403 2258 ι

104 2277 194 2306 Εἰπὼν
209 2275 249 2304 ὅτι
270 2277 326 2316 χρὴ
347 2276 380 2305 τὰ
404 2275 510 2316 χρηστὰ
544 2274 656 2310 ἐλπίζειν
670 2276 740 2315 παρὰ
754 2276 800 2304 τοῦ
816 2279 881 2315 Χρι-

65 2325 126 2350 στοῦ
142 2326 186 2350 νῦν
201 2331 280 2360 φησιν
296 2319 336 2348 ὅτι
362 2320 392 2348 οῦ
418 2319 459 2348 δεῖ
486 2320 550 2358 πρὸς
579 2319 627 2352 τὴν
657 2320 743 2348 πίστιν
769 2320 812 2348 καὶ
834 2321 883 2354 τὴν

65 2364 157 2393 ἐλπίδα
170 2365 268 2397 ταύτην
287 2363 483 2403 ἆποσκληρόναι
511 2364 560 2397 τὴν
581 2362 686 2403 καρδίαν
720 2365 808 2402 ήμὼν,
837 2365 883 2394 ἵνα

65 2410 103 2447 μὴ
125 2409 252 2446 πάθωμεν
277 2408 343 2448 ἅπερ
378 2410 401 2437 οἱ
428 2408 456 2436 ἐν
490 2411 523 2446 τῇ
559 2408 650 2447 ἐρήμῳ
690 2408 882 2443 ἀπιστήσαντες

66 2454 220 2483 πεπόνθασι.
239 2454 274 2481 Τὸ
285 2452 311 2480 δὲ
347 2453 471 2492 σήμερον,
502 2453 532 2480 τὸ
557 2453 597 2480 ἀεὶ
624 2451 716 2489 δηλοῖ,
745 2453 807 2481 ὡσεὶ
822 2452 882 2481 ἔλε-

66 2509 110 2536 γεν
134 2506 142 2513 ·
161 2492 229 2526 ιὈτε
262 2496 293 2532 δή
329 2507 392 2525 ποτε
411 2497 454 2525 καὶ
481 2496 529 2529 ἕως
557 2496 612 2525 ἐστί
638 2497 669 2524 τὸ
702 2498 817 2536 σήμερον
839 2497 884 2526 ἐὰν

69 2541 196 2575 ἀκούσητε
225 2542 275 2574 τὴν
303 2542 392 2582 φωνὴν
425 2545 472 2569 τοῦ
519 2540 661 2572 καλοῦντος
692 2544 813 2581 Χριστοῦ,
843 2542 882 2579 μὴ

69 2586 176 2626 σκληροὶ
197 2586 241 2614 καὶ
270 2584 384 2620 δυσήνιοι
399 2585 509 2625 γένησθε
525 2585 571 2616 τὰς
605 2584 709 2624 καρδίας
739 2586 774 2617 εἷς
802 2586 832 2613 τὸ
847 2587 886 2624 μὴ

69 2630 176 2659 ἀκοῦσαι
192 2630 282 2661 αὐτοῦ,
314 2641 325 2658 ι
342 2630 386 2663 Μὴ
412 2629 586 2669 σκληρύνητε.
605 2641 618 2657 ι
657 2630 692 2658 Τὸ
707 2630 755 2669 γὰρ
771 2629 886 2669 σκληρὸν

70 2677 110 2704 καὶ
145 2674 279 2703 Neam-rev
306 2675 351 2702 καὶ
379 2674 510 2712 ἀκαμπὲς,
542 2674 606 2713 πρὸς
634 2674 679 2702 τὸν
701 2673 885 2714 ὂιαλεγόμενίν

962 1830 1012 1869 III,
1037 1832 1126 1863 ’ῑ-Η.
1158 1832 1357 1873 Quapropter
1391 1833 1469 1864 sicut
1502 1832 1577 1863 dicit
1613 1831 1748 1871 Spiritus

920 1879 1063 1907 sanctus:
1079 1876 1177 1907 Hodie
1188 1877 1214 1907 si
1224 1886 1323 1907 vocem
1332 1877 1395 1916 ejus
1409 1877 1582 1915 audieritis,
1598 1885 1636 1907 ne
1648 1876 1745 1907 obdu-

921 1922 995 1950 retis
1023 1920 1115 1950 corda
1139 1924 1247 1957 vestra,
1273 1922 1352 1951 sicut
1381 1920 1617 1952 exacerbatione
1643 1920 1676 1950 in
1692 1920 1745 1950 die

923 1964 1099 1994 tentationis
1115 1965 1147 1994 in
1160 1964 1351 2002 deserto,ubi
1367 1968 1561 1996 tentaverunt
1575 1973 1622 1994 me
1637 1964 1746 1994 Patres

922 2007 1026 2048 vestri,
1047 2008 1257 2047 probaverunt
1281 2018 1329 2040 me
1354 2013 1382 2040 et
1406 2009 1548 2040 viderunt
1573 2016 1665 2048 opera
1679 2016 1747 2039 mea

923 2051 1127 2091 quadraginta
1142 2054 1243 2084 annis.
1262 2054 1456 2093 Quapropter
1470 2054 1607 2093 infensus
1629 2053 1678 2091 fui
1692 2061 1746 2092 ge-

922 2097 1075 2127 nerationi
1091 2097 1151 2134 illi,
1168 2101 1197 2129 et
1212 2098 1279 2129 diei
1294 2109 1300 2129 :
1318 2098 1445 2138 Semper
1459 2097 1492 2129 hi
1512 2101 1617 2129 errant
1633 2097 1723 2128 corde
1734 2108 1746 2133 ;

923 2141 983 2180 ipsi
996 2149 1067 2172 vero
1082 2151 1141 2172 non
1154 2146 1358 2182 cognoverunt
1374 2146 1439 2174 vias
1454 2151 1546 2179 meas,
1560 2145 1593 2173 ut
1606 2143 1746 2180 iurarem

925 2185 957 2215 in
973 2185 1021 2215 ira
1037 2194 1105 2216 mea
1118 2187 1146 2217 si
1162 2186 1332 2218 introibant
1348 2187 1380 2217 in
1395 2187 1528 2227 requiem
1543 2195 1652 2218 meam.

963 2275 1018 2307 Ubi
1032 2275 1105 2306 dixit
1117 2277 1194 2316 quod
1212 2280 1347 2317 oporteat
1357 2277 1441 2308 utilia
1456 2286 1601 2318 sperarea
1613 2278 1741 2315 Christo,

924 2330 1002 2351 nunc
1017 2320 1056 2351 ait
1073 2321 1151 2361 quod
1167 2321 1202 2352 ad
1220 2321 1308 2352 tidem
1321 2325 1350 2353 et
1368 2331 1453 2362 spem
1477 2322 1563 2352 istam
1579 2332 1638 2353 non
1655 2331 1746 2362 opor-

925 2369 983 2395 teat
997 2364 1143 2396 abdurare
1151 2366 1241 2396 corda
1252 2370 1404 2403 nostra,ne
1414 2366 1584 2406 contingant
1591 2366 1675 2397 nobis
1681 2376 1748 2407 qua:

926 2409 1112 2449 contigerunt
1136 2410 1181 2440 his
1196 2410 1246 2450 qui
1261 2411 1291 2440 in
1317 2410 1434 2442 deserto
1450 2411 1569 2442 fuerunt
1584 2411 1744 2443 increduli.

925 2453 1020 2484 Hodie
1044 2457 1154 2492 autem,
1177 2454 1324 2494 signiticet
1347 2464 1475 2496 semper,
1501 2464 1534 2486 ac
1558 2455 1583 2486 si
1609 2455 1746 2488 diceret:

925 2497 1166 2538 Quandocunque
1182 2503 1210 2529 et
1226 2499 1303 2540 quod
1319 2500 1486 2540 appellatur
1503 2499 1567 2530 dies
1578 2500 1752 2541 hodiernus,

927 2541 952 2571 si
968 2542 1120 2573 audieritis
1142 2552 1243 2574 vocem
1270 2543 1418 2584 loquentis
1441 2544 1561 2582 Christi,
1584 2554 1622 2576 ne
1636 2545 1703 2575 duri
1720 2549 1750 2576 et

928 2587 1055 2617 etl'renes
1079 2587 1248 2618 eﬁiciamini
1271 2588 1411 2619 cordibus
1434 2589 1469 2620 ad
1492 2599 1551 2620 non
1566 2588 1747 2620 audiendum

927 2630 1033 2670 ipsum.
1055 2643 1067 2659 α
1080 2631 1123 2662 Ne
1138 2631 1302 2663 obduretis.
1319 2645 1333 2660 ι
1347 2633 1459 2664 Durum
1476 2634 1555 2664 enim
1568 2638 1612 2664 est
1628 2633 1658 2664 id
1670 2632 1749 2673 quod

926 2683 1002 2714 aegre
1018 2675 1214 2716 obtemperat,
1232 2679 1261 2707 et
1273 2678 1353 2709 ﬂecti
1374 2687 1433 2709 non
1450 2682 1547 2718 potest
1561 2678 1598 2709 ad
1613 2687 1681 2709 cum
1696 2677 1748 2716 qui

106 2754 132 2780 ²¹
148 2754 235 2787 Deut.
251 2761 344 2790 xuii,
363 2756 390 2784 1.
407 2752 436 2778 39
450 2752 542 2784 Levit.
558 2761 638 2792 xxvi,
659 2753 694 2786 12
709 2765 717 2793 ;
735 2753 840 2786 llCor.
854 2763 895 2795 v1,
914 2756 961 2786 t6.
