  <div class='ocr_page' id='page_1' title='image "/cluster/home/n/w/nwhite01/storage/ocr_20150623/119/njp.32101010943965/461.png"; bbox 0 0 1936 3080; ppageno 0'>
   <div class='ocr_carea' id='block_1_1' title="bbox 210 144 1892 178">
    <p class='ocr_par' dir='ltr' id='par_1_1' title="bbox 210 144 1892 178">
     <span class='ocr_line' id='line_1_1' title="bbox 210 144 1892 178; baseline 0 0"><span class='ocrx_word' id='word_1_1' title='bbox 210 145 268 178; x_wconf 83' lang='lat'><strong>307</strong></span> <span class='ocrx_word' id='word_1_2' title='bbox 767 146 971 178; x_wconf 70' lang='lat' dir='ltr'><strong>OECUMENZI</strong></span> <span class='ocrx_word' id='word_1_3' title='bbox 993 145 1140 177; x_wconf 67' lang='lat' dir='ltr'><strong>TRICGE</strong></span> <span class='ocrx_word' id='word_1_4' title='bbox 1161 145 1330 178; x_wconf 85' lang='lat' dir='ltr'><strong>EPISCOPI</strong></span> <span class='ocrx_word' id='word_1_5' title='bbox 1833 144 1892 178; x_wconf 84' lang='lat'><strong>308</strong></span> 
     </span>
    </p>
   </div>
   <div class='ocr_carea' id='block_1_2' title="bbox 208 211 1031 253">
    <p class='ocr_par' dir='ltr' id='par_1_2' title="bbox 208 211 1026 252">
     <span class='ocr_line' id='line_1_2' title="bbox 208 211 1026 252; baseline -0.001 -9"><span class='ocrx_word' id='word_1_6' title='bbox 208 212 460 243; x_wconf 84' lang='lat' dir='ltr'><strong>disserit.«Corda</strong></span> <span class='ocrx_word' id='word_1_7' title='bbox 476 216 598 243; x_wconf 74' lang='lat' dir='ltr'><strong>vestra.»</strong></span> <span class='ocrx_word' id='word_1_8' title='bbox 616 212 734 243; x_wconf 89' lang='lat' dir='ltr'><strong>Etenim</strong></span> <span class='ocrx_word' id='word_1_9' title='bbox 749 211 903 249; x_wconf 70' lang='lat' dir='ltr'><strong>Israelitze,</strong></span> <span class='ocrx_word' id='word_1_10' title='bbox 918 212 1026 252; x_wconf 82' lang='lat' dir='ltr'><strong>inquit,</strong></span> 
     </span>
    </p>
   </div>
   <div class='ocr_carea' id='block_1_3' title="bbox 1116 211 1892 253">
    <p class='ocr_par' dir='ltr' id='par_1_3' title="bbox 1116 211 1892 253">
     <span class='ocr_line' id='line_1_3' title="bbox 1116 211 1892 253; baseline 0.003 -13"><span class='ocrx_word' id='word_1_11' title='bbox 1116 223 1149 242; x_wconf 86' lang='lat' dir='ltr'><strong>tv.</strong></span> <span class='ocrx_word' id='word_1_12' title='bbox 1180 223 1192 241; x_wconf 77' lang='grc' dir='ltr'>(ι</span> <span class='ocrx_word' id='word_1_13' title='bbox 1210 214 1260 244; x_wconf 83' lang='grc' dir='ltr'><strong>Τὰς</strong></span> <span class='ocrx_word' id='word_1_14' title='bbox 1289 211 1394 253; x_wconf 80' lang='grc' dir='ltr'>καρδίας</span> <span class='ocrx_word' id='word_1_15' title='bbox 1419 214 1505 250; x_wconf 83' lang='grc' dir='ltr'>ὑμῶν.</span> <span class='ocrx_word' id='word_1_16' title='bbox 1529 225 1543 240; x_wconf 68' lang='grc' dir='ltr'><strong>ι</strong></span> <span class='ocrx_word' id='word_1_17' title='bbox 1576 213 1625 242; x_wconf 83' lang='grc' dir='ltr'><strong>Καὶ</strong></span> <span class='ocrx_word' id='word_1_18' title='bbox 1646 213 1694 252; x_wconf 76' lang='grc' dir='ltr'><strong>γὰρ</strong></span> <span class='ocrx_word' id='word_1_19' title='bbox 1729 214 1753 241; x_wconf 75' lang='grc' dir='ltr'>οἱ</span> <span class='ocrx_word' id='word_1_20' title='bbox 1782 212 1892 252; x_wconf 84' lang='grc' dir='ltr'>Ἰσραη-</span> 
     </span>
    </p>
   </div>
   <div class='ocr_carea' id='block_1_4' title="bbox 208 256 1031 298">
    <p class='ocr_par' dir='ltr' id='par_1_4' title="bbox 208 256 1025 296">
     <span class='ocr_line' id='line_1_4' title="bbox 208 256 1025 296; baseline -0.001 -9"><span class='ocrx_word' id='word_1_21' title='bbox 208 257 283 288; x_wconf 89' lang='lat' dir='ltr'><strong>duro</strong></span> <span class='ocrx_word' id='word_1_22' title='bbox 298 256 388 287; x_wconf 89' lang='lat' dir='ltr'><strong>corde</strong></span> <span class='ocrx_word' id='word_1_23' title='bbox 402 257 483 294; x_wconf 90' lang='lat' dir='ltr'><strong>facti,</strong></span> <span class='ocrx_word' id='word_1_24' title='bbox 504 256 754 287; x_wconf 82' lang='lat' dir='ltr'><strong>exacerbaverunt</strong></span> <span class='ocrx_word' id='word_1_25' title='bbox 770 262 799 286; x_wconf 88' lang='lat' dir='ltr'><strong>et</strong></span> <span class='ocrx_word' id='word_1_26' title='bbox 814 256 849 287; x_wconf 90' lang='lat' dir='ltr'><strong>ad</strong></span> <span class='ocrx_word' id='word_1_27' title='bbox 865 256 938 286; x_wconf 88' lang='lat' dir='ltr'><strong>iram</strong></span> <span class='ocrx_word' id='word_1_28' title='bbox 955 265 1025 296; x_wconf 89' lang='lat' dir='ltr'><strong>pro-</strong></span> 
     </span>
    </p>
   </div>
   <div class='ocr_carea' id='block_1_5' title="bbox 1116 256 1891 298">
    <p class='ocr_par' dir='ltr' id='par_1_5' title="bbox 1116 257 1891 298">
     <span class='ocr_line' id='line_1_5' title="bbox 1116 257 1891 298; baseline 0.001 -13"><span class='ocrx_word' id='word_1_29' title='bbox 1116 268 1150 298; x_wconf 69' lang='grc' dir='ltr'>αι,</span> <span class='ocrx_word' id='word_1_30' title='bbox 1187 259 1262 298; x_wconf 76' lang='grc' dir='ltr'>φησὶ,</span> <span class='ocrx_word' id='word_1_31' title='bbox 1296 257 1405 297; x_wconf 80' lang='grc' dir='ltr'>σκληροὶ</span> <span class='ocrx_word' id='word_1_32' title='bbox 1429 259 1476 290; x_wconf 72' lang='grc' dir='ltr'>τὰς</span> <span class='ocrx_word' id='word_1_33' title='bbox 1500 257 1605 296; x_wconf 78' lang='grc' dir='ltr'>καρδίας</span> <span class='ocrx_word' id='word_1_34' title='bbox 1637 258 1784 297; x_wconf 79' lang='grc' dir='ltr'>γενόμενοι,</span> <span class='ocrx_word' id='word_1_35' title='bbox 1821 270 1891 298; x_wconf 83' lang='grc' dir='ltr'>παρ-</span> 
     </span>
    </p>
   </div>
   <div class='ocr_carea' id='block_1_6' title="bbox 207 300 1031 341">
    <p class='ocr_par' dir='ltr' id='par_1_6' title="bbox 207 300 1026 341">
     <span class='ocr_line' id='line_1_6' title="bbox 207 300 1026 341; baseline 0 -10"><span class='ocrx_word' id='word_1_36' title='bbox 207 304 387 332; x_wconf 87' lang='lat' dir='ltr'><strong>vocaverunt</strong></span> <span class='ocrx_word' id='word_1_37' title='bbox 408 301 501 331; x_wconf 93' lang='lat' dir='ltr'><strong>Deum</strong></span> <span class='ocrx_word' id='word_1_38' title='bbox 530 301 579 341; x_wconf 90' lang='lat' dir='ltr'><strong>qui</strong></span> <span class='ocrx_word' id='word_1_39' title='bbox 604 301 677 340; x_wconf 89' lang='lat' dir='ltr'><strong>ipsis</strong></span> <span class='ocrx_word' id='word_1_40' title='bbox 696 301 879 341; x_wconf 76' lang='lat' dir='ltr'><strong>loquebatur.</strong></span> <span class='ocrx_word' id='word_1_41' title='bbox 901 313 914 327; x_wconf 80' lang='grc' dir='ltr'><strong><em>α</em></strong></span> <span class='ocrx_word' id='word_1_42' title='bbox 931 300 964 331; x_wconf 94' lang='lat' dir='ltr'><strong>In</strong></span> <span class='ocrx_word' id='word_1_43' title='bbox 979 301 1026 331; x_wconf 92' lang='lat' dir='ltr'><strong>die</strong></span> 
     </span>
    </p>
   </div>
   <div class='ocr_carea' id='block_1_7' title="bbox 1116 300 1890 341">
    <p class='ocr_par' dir='ltr' id='par_1_7' title="bbox 1116 301 1890 341">
     <span class='ocr_line' id='line_1_7' title="bbox 1116 301 1890 341; baseline 0.001 -12"><span class='ocrx_word' id='word_1_44' title='bbox 1116 312 1207 341; x_wconf 68' lang='grc' dir='ltr'>ιραναν</span> <span class='ocrx_word' id='word_1_45' title='bbox 1221 303 1266 330; x_wconf 81' lang='grc' dir='ltr'>τὸν</span> <span class='ocrx_word' id='word_1_46' title='bbox 1281 301 1411 331; x_wconf 73' lang='grc' dir='ltr'>λαλοῦντα</span> <span class='ocrx_word' id='word_1_47' title='bbox 1427 303 1516 335; x_wconf 75' lang='grc' dir='ltr'>αὐτοῖς</span> <span class='ocrx_word' id='word_1_48' title='bbox 1535 302 1611 333; x_wconf 85' lang='grc' dir='ltr'>Θεόν.</span> <span class='ocrx_word' id='word_1_49' title='bbox 1631 312 1643 329; x_wconf 80' lang='grc' dir='ltr'>ι</span> <span class='ocrx_word' id='word_1_50' title='bbox 1662 303 1735 330; x_wconf 79' lang='grc' dir='ltr'><strong>Κατὰ</strong></span> <span class='ocrx_word' id='word_1_51' title='bbox 1750 303 1799 336; x_wconf 84' lang='grc' dir='ltr'>τὴν</span> <span class='ocrx_word' id='word_1_52' title='bbox 1819 303 1890 340; x_wconf 79' lang='grc' dir='ltr'>ἡμέ-</span> 
     </span>
    </p>
   </div>
   <div class='ocr_carea' id='block_1_8' title="bbox 208 345 1031 386">
    <p class='ocr_par' dir='ltr' id='par_1_8' title="bbox 208 345 1028 385">
     <span class='ocr_line' id='line_1_8' title="bbox 208 345 1028 385; baseline -0.001 -9"><span class='ocrx_word' id='word_1_53' title='bbox 208 345 390 376; x_wconf 84' lang='lat' dir='ltr'><strong>tentationis.</strong></span> <span class='ocrx_word' id='word_1_54' title='bbox 411 357 423 375; x_wconf 78' lang='grc' dir='ltr'>ι)</span> <span class='ocrx_word' id='word_1_55' title='bbox 439 345 474 376; x_wconf 91' lang='lat' dir='ltr'><strong>Et</strong></span> <span class='ocrx_word' id='word_1_56' title='bbox 489 345 583 385; x_wconf 83' lang='lat' dir='ltr'><strong>qualis</strong></span> <span class='ocrx_word' id='word_1_57' title='bbox 607 345 663 376; x_wconf 81' lang='lat' dir='ltr'><strong>fuit</strong></span> <span class='ocrx_word' id='word_1_58' title='bbox 688 346 750 376; x_wconf 69' lang='lat' dir='ltr'><strong>haec</strong></span> <span class='ocrx_word' id='word_1_59' title='bbox 763 345 946 376; x_wconf 81' lang='lat' dir='ltr'><strong>exacerbatio</strong></span> <span class='ocrx_word' id='word_1_60' title='bbox 963 354 1028 385; x_wconf 68' lang='lat' dir='ltr'><strong>quae</strong></span> 
     </span>
    </p>
   </div>
   <div class='ocr_carea' id='block_1_9' title="bbox 1116 345 1891 386">
    <p class='ocr_par' dir='ltr' id='par_1_9' title="bbox 1149 347 1891 386">
     <span class='ocr_line' id='line_1_9' title="bbox 1149 347 1891 386; baseline 0 -12"><span class='ocrx_word' id='word_1_61' title='bbox 1149 350 1195 374; x_wconf 87' lang='grc' dir='ltr'>τοῦ</span> <span class='ocrx_word' id='word_1_62' title='bbox 1224 350 1380 386; x_wconf 79' lang='grc' dir='ltr'>πειρασμοῦ.</span> <span class='ocrx_word' id='word_1_63' title='bbox 1400 359 1413 374; x_wconf 70' lang='grc' dir='ltr'><strong><em>ι</em></strong></span> <span class='ocrx_word' id='word_1_64' title='bbox 1447 347 1496 375; x_wconf 87' lang='grc' dir='ltr'><strong>Καὶ</strong></span> <span class='ocrx_word' id='word_1_65' title='bbox 1524 353 1602 378; x_wconf 82' lang='grc' dir='ltr'>ποῖος</span> <span class='ocrx_word' id='word_1_66' title='bbox 1625 347 1700 378; x_wconf 83' lang='grc' dir='ltr'>οὗτος</span> <span class='ocrx_word' id='word_1_67' title='bbox 1729 348 1743 374; x_wconf 84' lang='grc' dir='ltr'>ὁ</span> <span class='ocrx_word' id='word_1_68' title='bbox 1771 358 1891 386; x_wconf 83' lang='grc' dir='ltr'>παραπι-</span> 
     </span>
    </p>
   </div>
   <div class='ocr_carea' id='block_1_10' title="bbox 207 386 1031 430">
    <p class='ocr_par' dir='ltr' id='par_1_10' title="bbox 207 389 1028 429">
     <span class='ocr_line' id='line_1_10' title="bbox 207 389 1028 429; baseline 0 -9"><span class='ocrx_word' id='word_1_69' title='bbox 207 389 239 420; x_wconf 90' lang='lat' dir='ltr'><strong>in</strong></span> <span class='ocrx_word' id='word_1_70' title='bbox 254 389 303 420; x_wconf 92' lang='lat' dir='ltr'><strong>die</strong></span> <span class='ocrx_word' id='word_1_71' title='bbox 314 390 391 420; x_wconf 87' lang='lat' dir='ltr'><strong>facta</strong></span> <span class='ocrx_word' id='word_1_72' title='bbox 404 389 463 420; x_wconf 82' lang='lat' dir='ltr'><strong>est?</strong></span> <span class='ocrx_word' id='word_1_73' title='bbox 474 389 591 429; x_wconf 85' lang='lat' dir='ltr'><strong>quando</strong></span> <span class='ocrx_word' id='word_1_74' title='bbox 606 389 752 421; x_wconf 86' lang='lat' dir='ltr'><strong>increduli</strong></span> <span class='ocrx_word' id='word_1_75' title='bbox 767 389 834 420; x_wconf 86' lang='lat' dir='ltr'><strong>facti</strong></span> <span class='ocrx_word' id='word_1_76' title='bbox 851 391 923 424; x_wconf 72' lang='lat' dir='ltr'><strong>Deo,</strong></span> <span class='ocrx_word' id='word_1_77' title='bbox 935 394 1028 420; x_wconf 89' lang='lat' dir='ltr'><strong>tenta-</strong></span> 
     </span>
    </p>
   </div>
   <div class='ocr_carea' id='block_1_11' title="bbox 1116 386 1891 430">
    <p class='ocr_par' dir='ltr' id='par_1_11' title="bbox 1116 386 1891 430">
     <span class='ocr_line' id='line_1_11' title="bbox 1116 386 1891 430; baseline 0.001 -13"><span class='ocrx_word' id='word_1_78' title='bbox 1116 391 1187 428; x_wconf 71' lang='grc' dir='ltr'>ῑσμός</span> <span class='ocrx_word' id='word_1_79' title='bbox 1203 392 1216 418; x_wconf 82' lang='grc' dir='ltr'><strong>ὁ</strong></span> <span class='ocrx_word' id='word_1_80' title='bbox 1240 391 1308 418; x_wconf 78' lang='grc' dir='ltr'><strong>κατᾶ</strong></span> <span class='ocrx_word' id='word_1_81' title='bbox 1335 391 1383 424; x_wconf 78' lang='grc' dir='ltr'>τὴν</span> <span class='ocrx_word' id='word_1_82' title='bbox 1405 391 1505 430; x_wconf 76' lang='grc' dir='ltr'>ἡμέραν</span> <span class='ocrx_word' id='word_1_83' title='bbox 1541 391 1709 430; x_wconf 68' lang='grc' dir='ltr'>γενόμενοςς</span> <span class='ocrx_word' id='word_1_84' title='bbox 1733 386 1802 419; x_wconf 61' lang='grc' dir='ltr'><strong>Η(ιτε</strong></span> <span class='ocrx_word' id='word_1_85' title='bbox 1826 391 1891 419; x_wconf 74' lang='grc' dir='ltr'>ἀπι-</span> 
     </span>
    </p>
   </div>
   <div class='ocr_carea' id='block_1_12' title="bbox 208 433 1031 475">
    <p class='ocr_par' dir='ltr' id='par_1_12' title="bbox 208 433 1028 474">
     <span class='ocr_line' id='line_1_12' title="bbox 208 433 1028 474; baseline 0 -10"><span class='ocrx_word' id='word_1_86' title='bbox 208 434 371 466; x_wconf 89' lang='lat' dir='ltr'><strong>banteum.</strong></span> <span class='ocrx_word' id='word_1_87' title='bbox 387 447 400 462; x_wconf 79' lang='lat'>«</span> <span class='ocrx_word' id='word_1_88' title='bbox 419 433 493 464; x_wconf 90' lang='lat' dir='ltr'><strong>Num</strong></span> <span class='ocrx_word' id='word_1_89' title='bbox 510 433 628 474; x_wconf 89' lang='lat' dir='ltr'><strong>poterit,</strong></span> <span class='ocrx_word' id='word_1_90' title='bbox 644 434 790 474; x_wconf 92' lang='lat' dir='ltr'><strong>inquiunt,</strong></span> <span class='ocrx_word' id='word_1_91' title='bbox 808 438 836 464; x_wconf 88' lang='lat' dir='ltr'><strong>et</strong></span> <span class='ocrx_word' id='word_1_92' title='bbox 851 442 956 474; x_wconf 84' lang='lat' dir='ltr'><strong>panem</strong></span> <span class='ocrx_word' id='word_1_93' title='bbox 973 434 1028 464; x_wconf 89' lang='lat' dir='ltr'><strong>da-</strong></span> 
     </span>
    </p>
   </div>
   <div class='ocr_carea' id='block_1_13' title="bbox 1116 433 1891 475">
    <p class='ocr_par' dir='ltr' id='par_1_13' title="bbox 1116 434 1891 475">
     <span class='ocr_line' id='line_1_13' title="bbox 1116 434 1891 475; baseline 0.001 -13"><span class='ocrx_word' id='word_1_94' title='bbox 1116 438 1191 466; x_wconf 59' lang='grc' dir='ltr'>ηὖντες</span> <span class='ocrx_word' id='word_1_95' title='bbox 1226 439 1263 472; x_wconf 87' lang='grc' dir='ltr'>τῷ</span> <span class='ocrx_word' id='word_1_96' title='bbox 1278 439 1346 472; x_wconf 81' lang='grc' dir='ltr'>Θεῷ,</span> <span class='ocrx_word' id='word_1_97' title='bbox 1364 436 1497 475; x_wconf 75' lang='grc' dir='ltr'>ἐπείραζον</span> <span class='ocrx_word' id='word_1_98' title='bbox 1518 435 1608 464; x_wconf 79' lang='grc' dir='ltr'>αὺτόν.</span> <span class='ocrx_word' id='word_1_99' title='bbox 1635 447 1649 462; x_wconf 71' lang='grc' dir='ltr'>ι</span> <span class='ocrx_word' id='word_1_100' title='bbox 1673 436 1717 468; x_wconf 76' lang='grc' dir='ltr'><strong>Μὴ</strong></span> <span class='ocrx_word' id='word_1_101' title='bbox 1739 434 1891 470; x_wconf 73' lang='grc' dir='ltr'>δυνήσεται,</span> 
     </span>
    </p>
   </div>
   <div class='ocr_carea' id='block_1_14' title="bbox 207 477 1031 519">
    <p class='ocr_par' dir='ltr' id='par_1_14' title="bbox 207 477 1029 518">
     <span class='ocr_line' id='line_1_14' title="bbox 207 477 1029 518; baseline 0 -9"><span class='ocrx_word' id='word_1_102' title='bbox 207 488 242 510; x_wconf 88' lang='lat' dir='ltr'><strong>re</strong></span> <span class='ocrx_word' id='word_1_103' title='bbox 256 482 305 509; x_wconf 89' lang='lat' dir='ltr'><strong>aut</strong></span> <span class='ocrx_word' id='word_1_104' title='bbox 320 488 424 518; x_wconf 85' lang='lat' dir='ltr'><strong>parare</strong></span> <span class='ocrx_word' id='word_1_105' title='bbox 449 488 583 509; x_wconf 84' lang='lat' dir='ltr'><strong>mensam</strong></span> <span class='ocrx_word' id='word_1_106' title='bbox 607 479 716 518; x_wconf 93' lang='lat' dir='ltr'><strong>populo</strong></span> <span class='ocrx_word' id='word_1_107' title='bbox 733 488 786 509; x_wconf 91' lang='lat' dir='ltr'><strong>suo</strong></span> <span class='ocrx_word' id='word_1_108' title='bbox 796 478 850 508; x_wconf 61' lang='lat'><strong>93?</strong></span> <span class='ocrx_word' id='word_1_109' title='bbox 862 491 875 506; x_wconf 70' lang='grc' dir='ltr'><strong>π</strong></span> <span class='ocrx_word' id='word_1_110' title='bbox 889 495 928 500; x_wconf 86' lang='grc'><strong>-</strong></span> <span class='ocrx_word' id='word_1_111' title='bbox 943 490 953 506; x_wconf 82' lang='grc' dir='ltr'><strong>ιι</strong></span> <span class='ocrx_word' id='word_1_112' title='bbox 972 477 1029 509; x_wconf 91' lang='lat' dir='ltr'><strong>Ubi</strong></span> 
     </span>
    </p>
   </div>
   <div class='ocr_carea' id='block_1_15' title="bbox 1116 477 1892 519">
    <p class='ocr_par' dir='ltr' id='par_1_15' title="bbox 1116 479 1892 519">
     <span class='ocr_line' id='line_1_15' title="bbox 1116 479 1892 519; baseline 0.001 -13"><span class='ocrx_word' id='word_1_113' title='bbox 1116 479 1144 516; x_wconf 73' lang='lat' dir='ltr'><strong>ri,</strong></span> <span class='ocrx_word' id='word_1_114' title='bbox 1174 480 1218 507; x_wconf 80' lang='grc' dir='ltr'>καὶ</span> <span class='ocrx_word' id='word_1_115' title='bbox 1246 479 1324 519; x_wconf 73' lang='grc' dir='ltr'>ἤρτον</span> <span class='ocrx_word' id='word_1_116' title='bbox 1359 479 1457 519; x_wconf 72' lang='grc' dir='ltr'>δοῦναι,</span> <span class='ocrx_word' id='word_1_117' title='bbox 1481 480 1499 514; x_wconf 72' lang='grc' dir='ltr'><strong>ἢ</strong></span> <span class='ocrx_word' id='word_1_118' title='bbox 1521 480 1658 517; x_wconf 67' lang='grc' dir='ltr'>ἑτοιμάσαι</span> <span class='ocrx_word' id='word_1_119' title='bbox 1693 480 1826 519; x_wconf 77' lang='grc' dir='ltr'>τράπεζαν</span> <span class='ocrx_word' id='word_1_120' title='bbox 1856 483 1892 516; x_wconf 82' lang='grc' dir='ltr'>τῷ</span> 
     </span>
    </p>
   </div>
   <div class='ocr_carea' id='block_1_16' title="bbox 209 522 1028 562">
    <p class='ocr_par' dir='ltr' id='par_1_16' title="bbox 209 522 1028 562">
     <span class='ocr_line' id='line_1_16' title="bbox 209 522 1028 562; baseline -0.001 -9"><span class='ocrx_word' id='word_1_121' title='bbox 209 527 397 554; x_wconf 85' lang='lat' dir='ltr'><strong>tentaverunt</strong></span> <span class='ocrx_word' id='word_1_122' title='bbox 413 533 472 554; x_wconf 90' lang='lat' dir='ltr'><strong>me.</strong></span> <span class='ocrx_word' id='word_1_123' title='bbox 495 535 504 551; x_wconf 69' lang='grc' dir='ltr'><strong>ι</strong></span> <span class='ocrx_word' id='word_1_124' title='bbox 524 525 564 559; x_wconf 73' lang='grc' dir='ltr'><strong>οὗ,</strong></span> <span class='ocrx_word' id='word_1_125' title='bbox 577 523 606 554; x_wconf 92' lang='lat' dir='ltr'><strong>id</strong></span> <span class='ocrx_word' id='word_1_126' title='bbox 623 528 679 560; x_wconf 86' lang='lat' dir='ltr'><strong>est,</strong></span> <span class='ocrx_word' id='word_1_127' title='bbox 705 523 769 557; x_wconf 90' lang='lat' dir='ltr'><strong>ubi.</strong></span> <span class='ocrx_word' id='word_1_128' title='bbox 800 532 908 562; x_wconf 89' lang='lat' dir='ltr'><strong>nempe</strong></span> <span class='ocrx_word' id='word_1_129' title='bbox 933 523 962 553; x_wconf 94' lang='lat' dir='ltr'><strong>in</strong></span> <span class='ocrx_word' id='word_1_130' title='bbox 978 522 1028 552; x_wconf 87' lang='lat' dir='ltr'><strong>de-</strong></span> 
     </span>
    </p>
   </div>
   <div class='ocr_carea' id='block_1_17' title="bbox 210 566 1027 608">
    <p class='ocr_par' dir='ltr' id='par_1_17' title="bbox 210 566 1027 608">
     <span class='ocr_line' id='line_1_17' title="bbox 210 566 1027 608; baseline -0.001 -10"><span class='ocrx_word' id='word_1_131' title='bbox 210 572 300 598; x_wconf 89' lang='lat' dir='ltr'><strong>serto.</strong></span> <span class='ocrx_word' id='word_1_132' title='bbox 322 569 421 599; x_wconf 82' lang='grc' dir='ltr'><strong>Αυιοῦ</strong></span> <span class='ocrx_word' id='word_1_133' title='bbox 430 573 576 608; x_wconf 76' lang='grc' dir='ltr'>πειρασμοῦ</span> <span class='ocrx_word' id='word_1_134' title='bbox 587 566 617 597; x_wconf 92' lang='lat' dir='ltr'><strong>id</strong></span> <span class='ocrx_word' id='word_1_135' title='bbox 638 571 692 603; x_wconf 87' lang='lat' dir='ltr'><strong>est,</strong></span> <span class='ocrx_word' id='word_1_136' title='bbox 711 577 768 607; x_wconf 90' lang='lat' dir='ltr'><strong>qua</strong></span> <span class='ocrx_word' id='word_1_137' title='bbox 783 567 946 597; x_wconf 82' lang='lat' dir='ltr'><strong>tentatione</strong></span> <span class='ocrx_word' id='word_1_138' title='bbox 960 571 1027 597; x_wconf 89' lang='lat' dir='ltr'><strong>ten-</strong></span> 
     </span>
    </p>
   </div>
   <div class='ocr_carea' id='block_1_18' title="bbox 210 611 1028 649">
    <p class='ocr_par' dir='ltr' id='par_1_18' title="bbox 210 611 1028 649">
     <span class='ocr_line' id='line_1_18' title="bbox 210 611 1028 649; baseline -0.001 -7"><span class='ocrx_word' id='word_1_139' title='bbox 210 615 346 642; x_wconf 86' lang='lat' dir='ltr'><strong>taverunt</strong></span> <span class='ocrx_word' id='word_1_140' title='bbox 360 621 420 649; x_wconf 88' lang='lat' dir='ltr'><strong>me,</strong></span> <span class='ocrx_word' id='word_1_141' title='bbox 435 615 468 642; x_wconf 90' lang='lat' dir='ltr'><strong>ut</strong></span> <span class='ocrx_word' id='word_1_142' title='bbox 483 614 512 640; x_wconf 78' lang='grc' dir='ltr'>οὗ</span> <span class='ocrx_word' id='word_1_143' title='bbox 526 611 565 642; x_wconf 91' lang='lat' dir='ltr'><strong>sit</strong></span> <span class='ocrx_word' id='word_1_144' title='bbox 577 612 719 642; x_wconf 82' lang='lat' dir='ltr'><strong>articulus</strong></span> <span class='ocrx_word' id='word_1_145' title='bbox 735 616 763 642; x_wconf 88' lang='lat' dir='ltr'><strong>et</strong></span> <span class='ocrx_word' id='word_1_146' title='bbox 786 622 843 642; x_wconf 86' lang='lat' dir='ltr'><strong>non</strong></span> <span class='ocrx_word' id='word_1_147' title='bbox 859 611 916 641; x_wconf 90' lang='lat' dir='ltr'><strong>loci</strong></span> <span class='ocrx_word' id='word_1_148' title='bbox 932 611 1028 641; x_wconf 86' lang='lat' dir='ltr'><strong>mani-</strong></span> 
     </span>
    </p>
   </div>
   <div class='ocr_carea' id='block_1_19' title="bbox 1070 522 1892 564">
    <p class='ocr_par' dir='ltr' id='par_1_19' title="bbox 1070 522 1892 564">
     <span class='ocr_line' id='line_1_19' title="bbox 1070 522 1892 564; baseline 0.004 -14"><span class='ocrx_word' id='word_1_149' title='bbox 1070 522 1127 559; x_wconf 79' lang='grc' dir='ltr'>λαῷ</span> <span class='ocrx_word' id='word_1_150' title='bbox 1142 525 1241 564; x_wconf 62' lang='grc' dir='ltr'>αὐτοῦς</span> <span class='ocrx_word' id='word_1_151' title='bbox 1262 536 1272 551; x_wconf 74' lang='grc' dir='ltr'><strong>ι</strong></span> <span class='ocrx_word' id='word_1_152' title='bbox 1311 541 1349 546; x_wconf 85' lang='grc'><strong><em>-</em></strong></span> <span class='ocrx_word' id='word_1_153' title='bbox 1367 536 1379 552; x_wconf 78' lang='grc' dir='ltr'><strong>ιι</strong></span> <span class='ocrx_word' id='word_1_154' title='bbox 1411 526 1447 553; x_wconf 78' lang='grc' dir='ltr'><strong>Οὗ</strong></span> <span class='ocrx_word' id='word_1_155' title='bbox 1468 524 1607 564; x_wconf 67' lang='grc' dir='ltr'>ἐπείρασαν</span> <span class='ocrx_word' id='word_1_156' title='bbox 1629 535 1674 562; x_wconf 78' lang='grc' dir='ltr'>με.</span> <span class='ocrx_word' id='word_1_157' title='bbox 1700 535 1714 551; x_wconf 69' lang='grc' dir='ltr'><strong><em>ι</em></strong></span> <span class='ocrx_word' id='word_1_158' title='bbox 1748 525 1794 560; x_wconf 77' lang='grc' dir='ltr'><strong>Οὗ,</strong></span> <span class='ocrx_word' id='word_1_159' title='bbox 1812 524 1892 563; x_wconf 78' lang='grc' dir='ltr'>ὅπου,</span> 
     </span>
    </p>
   </div>
   <div class='ocr_carea' id='block_1_20' title="bbox 1071 559 1895 608">
    <p class='ocr_par' dir='ltr' id='par_1_20' title="bbox 1071 559 1895 608">
     <span class='ocr_line' id='line_1_20' title="bbox 1071 559 1895 608; baseline 0.002 -14"><span class='ocrx_word' id='word_1_160' title='bbox 1071 568 1214 606; x_wconf 70' lang='grc' dir='ltr'><strong>τουτέστιν,</strong></span> <span class='ocrx_word' id='word_1_161' title='bbox 1233 559 1265 597; x_wconf 48' lang='grc' dir='ltr'><strong>’ἐν</strong></span> <span class='ocrx_word' id='word_1_162' title='bbox 1301 572 1335 606; x_wconf 70' lang='grc' dir='ltr'>τῇ</span> <span class='ocrx_word' id='word_1_163' title='bbox 1362 569 1464 608; x_wconf 76' lang='grc' dir='ltr'>ἐρήμῳ,</span> <span class='ocrx_word' id='word_1_164' title='bbox 1498 559 1539 608; x_wconf 63' lang='grc' dir='ltr'><strong>Ἠ,</strong></span> <span class='ocrx_word' id='word_1_165' title='bbox 1570 570 1606 597; x_wconf 79' lang='grc' dir='ltr'><strong>Οὔ</strong></span> <span class='ocrx_word' id='word_1_166' title='bbox 1631 559 1895 607; x_wconf 18' lang='grc' dir='ltr'>’ἐπείρασαννπειραί</span> 
     </span>
    </p>
   </div>
   <div class='ocr_carea' id='block_1_21' title="bbox 1071 612 1891 652">
    <p class='ocr_par' dir='ltr' id='par_1_21' title="bbox 1071 612 1891 652">
     <span class='ocr_line' id='line_1_21' title="bbox 1071 612 1891 652; baseline 0.001 -13"><span class='ocrx_word' id='word_1_167' title='bbox 1071 617 1148 649; x_wconf 81' lang='grc' dir='ltr'><strong>σμοῦ,</strong></span> <span class='ocrx_word' id='word_1_168' title='bbox 1163 612 1209 640; x_wconf 77' lang='grc' dir='ltr'>ἵνα</span> <span class='ocrx_word' id='word_1_169' title='bbox 1223 613 1241 650; x_wconf 75' lang='grc' dir='ltr'>ᾗ</span> <span class='ocrx_word' id='word_1_170' title='bbox 1265 614 1306 650; x_wconf 77' lang='grc' dir='ltr'><strong>τὸ,</strong></span> <span class='ocrx_word' id='word_1_171' title='bbox 1335 615 1381 650; x_wconf 70' lang='lat'><strong>0&#39;3,</strong></span> <span class='ocrx_word' id='word_1_172' title='bbox 1408 613 1509 652; x_wconf 73' lang='grc' dir='ltr'>ἄρθρον,</span> <span class='ocrx_word' id='word_1_173' title='bbox 1539 612 1606 641; x_wconf 77' lang='grc' dir='ltr'>ἀλλὰ</span> <span class='ocrx_word' id='word_1_174' title='bbox 1628 613 1667 650; x_wconf 77' lang='grc' dir='ltr'>μὴ</span> <span class='ocrx_word' id='word_1_175' title='bbox 1694 613 1777 640; x_wconf 79' lang='grc' dir='ltr'>τὸπου</span> <span class='ocrx_word' id='word_1_176' title='bbox 1799 612 1891 646; x_wconf 80' lang='grc' dir='ltr'>δηλω-</span> 
     </span>
    </p>
   </div>
   <div class='ocr_carea' id='block_1_22' title="bbox 209 655 1031 698">
    <p class='ocr_par' dir='ltr' id='par_1_22' title="bbox 209 655 1030 696">
     <span class='ocr_line' id='line_1_22' title="bbox 209 655 1030 696; baseline 0 -10"><span class='ocrx_word' id='word_1_177' title='bbox 209 656 387 688; x_wconf 87' lang='lat' dir='ltr'><strong>festativum.</strong></span> <span class='ocrx_word' id='word_1_178' title='bbox 404 669 417 684; x_wconf 72' lang='grc' dir='ltr'><strong><em>κ</em></strong></span> <span class='ocrx_word' id='word_1_179' title='bbox 432 656 567 686; x_wconf 87' lang='lat' dir='ltr'><strong>Infensus</strong></span> <span class='ocrx_word' id='word_1_180' title='bbox 583 665 648 686; x_wconf 91' lang='lat' dir='ltr'><strong>sum</strong></span> <span class='ocrx_word' id='word_1_181' title='bbox 664 656 847 696; x_wconf 87' lang='lat' dir='ltr'><strong>generationi</strong></span> <span class='ocrx_word' id='word_1_182' title='bbox 863 656 916 687; x_wconf 90' lang='lat' dir='ltr'><strong>illi.</strong></span> <span class='ocrx_word' id='word_1_183' title='bbox 936 669 949 683; x_wconf 79' lang='grc' dir='ltr'>ι)</span> <span class='ocrx_word' id='word_1_184' title='bbox 967 655 1030 686; x_wconf 87' lang='lat' dir='ltr'><strong>Hoc</strong></span> 
     </span>
    </p>
   </div>
   <div class='ocr_carea' id='block_1_23' title="bbox 1116 655 1893 698">
    <p class='ocr_par' dir='ltr' id='par_1_23' title="bbox 1116 657 1893 698">
     <span class='ocr_line' id='line_1_23' title="bbox 1116 657 1893 698; baseline 0.001 -14"><span class='ocrx_word' id='word_1_185' title='bbox 1116 657 1154 685; x_wconf 79' lang='grc' dir='ltr'><strong>όν.</strong></span> <span class='ocrx_word' id='word_1_186' title='bbox 1182 667 1194 684; x_wconf 67' lang='grc' dir='ltr'><em>α</em></span> <span class='ocrx_word' id='word_1_187' title='bbox 1211 658 1384 698; x_wconf 80' lang='grc' dir='ltr'>Προσώχθισα</span> <span class='ocrx_word' id='word_1_188' title='bbox 1413 660 1446 695; x_wconf 79' lang='grc' dir='ltr'>τῇ</span> <span class='ocrx_word' id='word_1_189' title='bbox 1474 661 1551 696; x_wconf 85' lang='grc' dir='ltr'>γενεᾷ</span> <span class='ocrx_word' id='word_1_190' title='bbox 1578 657 1677 695; x_wconf 76' lang='grc' dir='ltr'>ἐκείνῃ.</span> <span class='ocrx_word' id='word_1_191' title='bbox 1695 669 1709 684; x_wconf 75' lang='grc' dir='ltr'><strong><em>ι</em></strong></span> <span class='ocrx_word' id='word_1_192' title='bbox 1745 659 1824 697; x_wconf 81' lang='grc' dir='ltr'><strong>Οἴον⁷</strong></span> <span class='ocrx_word' id='word_1_193' title='bbox 1843 657 1893 685; x_wconf 79' lang='grc' dir='ltr'><strong>ἒπ-</strong></span> 
     </span>
    </p>
   </div>
   <div class='ocr_carea' id='block_1_24' title="bbox 210 700 1031 741">
    <p class='ocr_par' dir='ltr' id='par_1_24' title="bbox 210 700 1029 740">
     <span class='ocr_line' id='line_1_24' title="bbox 210 700 1029 740; baseline -0.001 -9"><span class='ocrx_word' id='word_1_194' title='bbox 210 705 266 738; x_wconf 90' lang='lat' dir='ltr'><strong>est,</strong></span> <span class='ocrx_word' id='word_1_195' title='bbox 282 701 362 740; x_wconf 81' lang='lat' dir='ltr'><strong>gravi</strong></span> <span class='ocrx_word' id='word_1_196' title='bbox 378 705 407 731; x_wconf 88' lang='lat' dir='ltr'><strong>et</strong></span> <span class='ocrx_word' id='word_1_197' title='bbox 429 700 573 731; x_wconf 87' lang='lat' dir='ltr'><strong>iracundo</strong></span> <span class='ocrx_word' id='word_1_198' title='bbox 594 700 636 730; x_wconf 81' lang='lat' dir='ltr'><strong>fui</strong></span> <span class='ocrx_word' id='word_1_199' title='bbox 651 701 749 730; x_wconf 85' lang='lat' dir='ltr'><strong>animo</strong></span> <span class='ocrx_word' id='word_1_200' title='bbox 778 709 848 740; x_wconf 76' lang='lat' dir='ltr'><strong>erga</strong></span> <span class='ocrx_word' id='word_1_201' title='bbox 870 700 976 740; x_wconf 77' lang='lat' dir='ltr'><strong>ipsam,</strong></span> <span class='ocrx_word' id='word_1_202' title='bbox 994 709 1029 730; x_wconf 90' lang='lat' dir='ltr'><strong>eo</strong></span> 
     </span>
    </p>
   </div>
   <div class='ocr_carea' id='block_1_25' title="bbox 1116 700 1893 741">
    <p class='ocr_par' dir='ltr' id='par_1_25' title="bbox 1116 701 1893 741">
     <span class='ocr_line' id='line_1_25' title="bbox 1116 701 1893 741; baseline 0.001 -13"><span class='ocrx_word' id='word_1_203' title='bbox 1116 703 1161 732; x_wconf 64' lang='lat' dir='ltr'><strong>id);</strong></span> <span class='ocrx_word' id='word_1_204' title='bbox 1178 701 1259 741; x_wconf 75' lang='grc' dir='ltr'>ἔσχον</span> <span class='ocrx_word' id='word_1_205' title='bbox 1274 703 1339 741; x_wconf 81' lang='grc' dir='ltr'>πρὸς</span> <span class='ocrx_word' id='word_1_206' title='bbox 1362 702 1455 737; x_wconf 69' lang='grc' dir='ltr'>αὑτὴν,</span> <span class='ocrx_word' id='word_1_207' title='bbox 1473 701 1513 730; x_wconf 79' lang='grc' dir='ltr'><strong>διὰ</strong></span> <span class='ocrx_word' id='word_1_208' title='bbox 1528 703 1558 730; x_wconf 75' lang='grc' dir='ltr'>τὸ</span> <span class='ocrx_word' id='word_1_209' title='bbox 1570 701 1610 730; x_wconf 71' lang='grc' dir='ltr'>ἀεὶ</span> <span class='ocrx_word' id='word_1_210' title='bbox 1631 701 1753 730; x_wconf 79' lang='grc' dir='ltr'>ἂπιστεῖν</span> <span class='ocrx_word' id='word_1_211' title='bbox 1772 703 1818 729; x_wconf 78' lang='grc' dir='ltr'>καὶ</span> <span class='ocrx_word' id='word_1_212' title='bbox 1833 712 1893 729; x_wconf 85' lang='grc' dir='ltr'>πει-</span> 
     </span>
    </p>
   </div>
   <div class='ocr_carea' id='block_1_26' title="bbox 210 742 1031 786">
    <p class='ocr_par' dir='ltr' id='par_1_26' title="bbox 210 744 1027 786">
     <span class='ocr_line' id='line_1_26' title="bbox 210 744 1027 786; baseline -0.002 -10"><span class='ocrx_word' id='word_1_213' title='bbox 210 745 287 786; x_wconf 89' lang='lat' dir='ltr'><strong>quod</strong></span> <span class='ocrx_word' id='word_1_214' title='bbox 310 754 429 785; x_wconf 86' lang='lat' dir='ltr'><strong>semper</strong></span> <span class='ocrx_word' id='word_1_215' title='bbox 443 754 460 775; x_wconf 88' lang='lat' dir='ltr'><strong>a</strong></span> <span class='ocrx_word' id='word_1_216' title='bbox 475 754 522 775; x_wconf 90' lang='lat' dir='ltr'><strong>me</strong></span> <span class='ocrx_word' id='word_1_217' title='bbox 545 744 736 781; x_wconf 87' lang='lat' dir='ltr'><strong>descisceret,</strong></span> <span class='ocrx_word' id='word_1_218' title='bbox 765 754 870 785; x_wconf 87' lang='lat' dir='ltr'><strong>meque</strong></span> <span class='ocrx_word' id='word_1_219' title='bbox 890 748 1027 775; x_wconf 80' lang='lat' dir='ltr'><strong>tentaret.</strong></span> 
     </span>
    </p>
   </div>
   <div class='ocr_carea' id='block_1_27' title="bbox 1116 742 1893 786">
    <p class='ocr_par' dir='ltr' id='par_1_27' title="bbox 1119 742 1893 786">
     <span class='ocr_line' id='line_1_27' title="bbox 1119 742 1893 786; baseline 0.003 -13"><span class='ocrx_word' id='word_1_220' title='bbox 1119 756 1155 773; x_wconf 79' lang='grc' dir='ltr'><strong>ειν</strong></span> <span class='ocrx_word' id='word_1_221' title='bbox 1178 757 1222 783; x_wconf 85' lang='grc' dir='ltr'>με,</span> <span class='ocrx_word' id='word_1_222' title='bbox 1243 759 1252 773; x_wconf 72' lang='grc' dir='ltr'><strong>ε</strong></span> <span class='ocrx_word' id='word_1_223' title='bbox 1275 742 1320 777; x_wconf 65' lang='grc' dir='ltr'>Ὠς</span> <span class='ocrx_word' id='word_1_224' title='bbox 1336 746 1428 784; x_wconf 79' lang='grc' dir='ltr'>ὤμοσα</span> <span class='ocrx_word' id='word_1_225' title='bbox 1450 746 1476 774; x_wconf 86' lang='grc' dir='ltr'>ἐν</span> <span class='ocrx_word' id='word_1_226' title='bbox 1491 750 1525 785; x_wconf 82' lang='grc' dir='ltr'>τῇ</span> <span class='ocrx_word' id='word_1_227' title='bbox 1548 748 1614 786; x_wconf 76' lang='grc' dir='ltr'><strong>ὀργῇ</strong></span> <span class='ocrx_word' id='word_1_228' title='bbox 1627 757 1688 784; x_wconf 78' lang='grc' dir='ltr'>μου.</span> <span class='ocrx_word' id='word_1_229' title='bbox 1716 758 1727 774; x_wconf 69' lang='grc' dir='ltr'><em>υ</em></span> <span class='ocrx_word' id='word_1_230' title='bbox 1742 747 1786 778; x_wconf 82' lang='grc' dir='ltr'><strong>Εἰς</strong></span> <span class='ocrx_word' id='word_1_231' title='bbox 1803 751 1893 775; x_wconf 74' lang='grc' dir='ltr'>τοσοῦ-</span> 
     </span>
    </p>
   </div>
   <div class='ocr_carea' id='block_1_28' title="bbox 213 789 1031 830">
    <p class='ocr_par' dir='ltr' id='par_1_28' title="bbox 213 789 1029 829">
     <span class='ocr_line' id='line_1_28' title="bbox 213 789 1029 829; baseline 0 -11"><span class='ocrx_word' id='word_1_232' title='bbox 213 802 227 818; x_wconf 75' lang='grc' dir='ltr'>α</span> <span class='ocrx_word' id='word_1_233' title='bbox 241 789 421 829; x_wconf 86' lang='lat' dir='ltr'><strong>Utjurarem</strong></span> <span class='ocrx_word' id='word_1_234' title='bbox 436 789 467 819; x_wconf 91' lang='lat' dir='ltr'><strong>in</strong></span> <span class='ocrx_word' id='word_1_235' title='bbox 482 789 526 819; x_wconf 87' lang='lat' dir='ltr'><strong>ira</strong></span> <span class='ocrx_word' id='word_1_236' title='bbox 542 798 620 820; x_wconf 86' lang='lat' dir='ltr'><strong>mea.</strong></span> <span class='ocrx_word' id='word_1_237' title='bbox 640 802 651 818; x_wconf 74' lang='grc' dir='ltr'>ι)</span> <span class='ocrx_word' id='word_1_238' title='bbox 670 789 702 819; x_wconf 92' lang='lat' dir='ltr'><strong>In</strong></span> <span class='ocrx_word' id='word_1_239' title='bbox 717 793 842 826; x_wconf 86' lang='lat' dir='ltr'><strong>tantum,</strong></span> <span class='ocrx_word' id='word_1_240' title='bbox 857 789 1029 828; x_wconf 83' lang='lat' dir='ltr'><strong>inquit,non</strong></span> 
     </span>
    </p>
   </div>
   <div class='ocr_carea' id='block_1_29' title="bbox 1116 789 1892 830">
    <p class='ocr_par' dir='ltr' id='par_1_29' title="bbox 1121 790 1892 830">
     <span class='ocr_line' id='line_1_29' title="bbox 1121 790 1892 830; baseline 0.001 -13"><span class='ocrx_word' id='word_1_241' title='bbox 1121 814 1127 829; x_wconf 67' lang='lat'><strong>,</strong></span> <span class='ocrx_word' id='word_1_242' title='bbox 1150 791 1240 830; x_wconf 65' lang='grc' dir='ltr'>φησὶν,</span> <span class='ocrx_word' id='word_1_243' title='bbox 1257 791 1303 818; x_wconf 72' lang='grc' dir='ltr'>οὒκ</span> <span class='ocrx_word' id='word_1_244' title='bbox 1319 791 1435 830; x_wconf 73' lang='grc' dir='ltr'>ἔγνωσαν</span> <span class='ocrx_word' id='word_1_245' title='bbox 1463 792 1508 823; x_wconf 78' lang='grc' dir='ltr'>τὰς</span> <span class='ocrx_word' id='word_1_246' title='bbox 1537 791 1611 822; x_wconf 81' lang='grc' dir='ltr'>ὁδοὺς</span> <span class='ocrx_word' id='word_1_247' title='bbox 1635 802 1696 828; x_wconf 80' lang='grc' dir='ltr'>μου,</span> <span class='ocrx_word' id='word_1_248' title='bbox 1724 790 1775 822; x_wconf 79' lang='grc' dir='ltr'><strong>ἕως</strong></span> <span class='ocrx_word' id='word_1_249' title='bbox 1805 792 1836 819; x_wconf 81' lang='grc' dir='ltr'>οὗ</span> <span class='ocrx_word' id='word_1_250' title='bbox 1857 792 1892 822; x_wconf 77' lang='grc' dir='ltr'>εἷς</span> 
     </span>
    </p>
   </div>
   <div class='ocr_carea' id='block_1_30' title="bbox 210 833 1031 874">
    <p class='ocr_par' dir='ltr' id='par_1_30' title="bbox 210 833 1030 874">
     <span class='ocr_line' id='line_1_30' title="bbox 210 833 1030 874; baseline -0.002 -10"><span class='ocrx_word' id='word_1_251' title='bbox 210 837 411 874; x_wconf 86' lang='lat' dir='ltr'><strong>cognoverunt</strong></span> <span class='ocrx_word' id='word_1_252' title='bbox 426 833 487 863; x_wconf 81' lang='lat' dir='ltr'><strong>vias</strong></span> <span class='ocrx_word' id='word_1_253' title='bbox 502 843 594 872; x_wconf 89' lang='lat' dir='ltr'><strong>meas,</strong></span> <span class='ocrx_word' id='word_1_254' title='bbox 617 843 769 873; x_wconf 85' lang='lat' dir='ltr'><strong>quousque</strong></span> <span class='ocrx_word' id='word_1_255' title='bbox 785 834 820 864; x_wconf 91' lang='lat' dir='ltr'><strong>ad</strong></span> <span class='ocrx_word' id='word_1_256' title='bbox 836 834 891 863; x_wconf 91' lang='lat' dir='ltr'><strong>hoc</strong></span> <span class='ocrx_word' id='word_1_257' title='bbox 910 842 956 863; x_wconf 91' lang='lat' dir='ltr'><strong>me</strong></span> <span class='ocrx_word' id='word_1_258' title='bbox 982 834 1030 862; x_wconf 90' lang='lat' dir='ltr'><strong>in-</strong></span> 
     </span>
    </p>
   </div>
   <div class='ocr_carea' id='block_1_31' title="bbox 1116 833 1892 874">
    <p class='ocr_par' dir='ltr' id='par_1_31' title="bbox 1118 835 1892 874">
     <span class='ocr_line' id='line_1_31' title="bbox 1118 835 1892 874; baseline 0.003 -13"><span class='ocrx_word' id='word_1_259' title='bbox 1118 835 1146 861; x_wconf 85' lang='grc' dir='ltr'>τό</span> <span class='ocrx_word' id='word_1_260' title='bbox 1162 846 1194 871; x_wconf 91' lang='grc' dir='ltr'><strong>με</strong></span> <span class='ocrx_word' id='word_1_261' title='bbox 1223 835 1334 874; x_wconf 71' lang='grc' dir='ltr'><strong>ἤγαγον⁷</strong></span> <span class='ocrx_word' id='word_1_262' title='bbox 1363 835 1431 863; x_wconf 82' lang='grc' dir='ltr'>ὥστε</span> <span class='ocrx_word' id='word_1_263' title='bbox 1457 835 1551 872; x_wconf 79' lang='grc' dir='ltr'><strong>ὀμόσαι</strong></span> <span class='ocrx_word' id='word_1_264' title='bbox 1587 835 1625 873; x_wconf 81' lang='grc' dir='ltr'><strong>μη</strong></span> <span class='ocrx_word' id='word_1_265' title='bbox 1655 835 1782 863; x_wconf 71' lang='grc' dir='ltr'><strong>εἰσελθεῖν</strong></span> <span class='ocrx_word' id='word_1_266' title='bbox 1799 836 1892 867; x_wconf 69' lang='grc' dir='ltr'>αὖτοὺς</span> 
     </span>
    </p>
   </div>
   <div class='ocr_carea' id='block_1_32' title="bbox 210 878 1031 926">
    <p class='ocr_par' dir='ltr' id='par_1_32' title="bbox 210 878 1030 918">
     <span class='ocr_line' id='line_1_32' title="bbox 210 878 1030 918; baseline -0.004 -9"><span class='ocrx_word' id='word_1_267' title='bbox 210 878 368 916; x_wconf 89' lang='lat' dir='ltr'><strong>duxerunt,</strong></span> <span class='ocrx_word' id='word_1_268' title='bbox 384 879 555 918; x_wconf 89' lang='lat' dir='ltr'><strong>utjurarem</strong></span> <span class='ocrx_word' id='word_1_269' title='bbox 578 878 655 918; x_wconf 91' lang='lat' dir='ltr'><strong>quod</strong></span> <span class='ocrx_word' id='word_1_270' title='bbox 672 878 834 917; x_wconf 81' lang='lat' dir='ltr'><strong>ingressuri</strong></span> <span class='ocrx_word' id='word_1_271' title='bbox 855 887 914 908; x_wconf 90' lang='lat' dir='ltr'><strong>non</strong></span> <span class='ocrx_word' id='word_1_272' title='bbox 931 881 1030 907; x_wconf 89' lang='lat' dir='ltr'><strong>essent</strong></span> 
     </span>
    </p>
   </div>
   <div class='ocr_carea' id='block_1_33' title="bbox 1116 878 1894 926">
    <p class='ocr_par' dir='ltr' id='par_1_33' title="bbox 1142 879 1894 919">
     <span class='ocr_line' id='line_1_33' title="bbox 1142 879 1894 919; baseline 0.001 -13"><span class='ocrx_word' id='word_1_273' title='bbox 1142 879 1189 912; x_wconf 81' lang='grc' dir='ltr'>τὴν</span> <span class='ocrx_word' id='word_1_274' title='bbox 1217 880 1377 908; x_wconf 73' lang='grc' dir='ltr'>κατάπαυσίν</span> <span class='ocrx_word' id='word_1_275' title='bbox 1414 891 1473 919; x_wconf 77' lang='grc' dir='ltr'><strong>μου⁷</strong></span> <span class='ocrx_word' id='word_1_276' title='bbox 1523 879 1652 916; x_wconf 78' lang='grc' dir='ltr'><strong>τουτέστι,</strong></span> <span class='ocrx_word' id='word_1_277' title='bbox 1686 880 1735 912; x_wconf 80' lang='grc' dir='ltr'>τὴν</span> <span class='ocrx_word' id='word_1_278' title='bbox 1756 882 1808 918; x_wconf 83' lang='grc' dir='ltr'><strong>γῆν</strong></span> <span class='ocrx_word' id='word_1_279' title='bbox 1845 882 1894 910; x_wconf 76' lang='grc' dir='ltr'>τῆς</span> 
     </span>
    </p>
   </div>
   <div class='ocr_carea' id='block_1_34' title="bbox 209 922 1031 963">
    <p class='ocr_par' dir='ltr' id='par_1_34' title="bbox 209 922 1026 963">
     <span class='ocr_line' id='line_1_34' title="bbox 209 922 1026 963; baseline -0.002 -10"><span class='ocrx_word' id='word_1_280' title='bbox 209 923 240 953; x_wconf 90' lang='lat' dir='ltr'><strong>in</strong></span> <span class='ocrx_word' id='word_1_281' title='bbox 255 923 390 963; x_wconf 88' lang='lat' dir='ltr'><strong>requiem</strong></span> <span class='ocrx_word' id='word_1_282' title='bbox 408 933 514 960; x_wconf 79' lang='lat' dir='ltr'><strong>meam,</strong></span> <span class='ocrx_word' id='word_1_283' title='bbox 532 923 588 953; x_wconf 87' lang='lat' dir='ltr'><strong>hoc</strong></span> <span class='ocrx_word' id='word_1_284' title='bbox 606 927 659 960; x_wconf 85' lang='lat' dir='ltr'><strong>est,</strong></span> <span class='ocrx_word' id='word_1_285' title='bbox 678 927 785 953; x_wconf 85' lang='lat' dir='ltr'><strong>terram</strong></span> <span class='ocrx_word' id='word_1_286' title='bbox 813 922 1026 962; x_wconf 86' lang='lat' dir='ltr'><strong>promissionis,</strong></span> 
     </span>
    </p>
   </div>
   <div class='ocr_carea' id='block_1_35' title="bbox 1116 922 1892 963">
    <p class='ocr_par' dir='ltr' id='par_1_35' title="bbox 1116 923 1892 962">
     <span class='ocr_line' id='line_1_35' title="bbox 1116 923 1892 962; baseline 0.003 -12"><span class='ocrx_word' id='word_1_287' title='bbox 1116 923 1239 962; x_wconf 69' lang='grc' dir='ltr'><strong>ιγ-(ελίσις1</strong></span> <span class='ocrx_word' id='word_1_288' title='bbox 1266 923 1292 950; x_wconf 79' lang='grc' dir='ltr'>ἐν</span> <span class='ocrx_word' id='word_1_289' title='bbox 1320 926 1338 962; x_wconf 76' lang='grc' dir='ltr'>ᾗ</span> <span class='ocrx_word' id='word_1_290' title='bbox 1366 924 1523 956; x_wconf 80' lang='grc' dir='ltr'><strong>εἰσελθόντες</strong></span> <span class='ocrx_word' id='word_1_291' title='bbox 1551 923 1663 961; x_wconf 73' lang='grc' dir='ltr'>ἔμελλον</span> <span class='ocrx_word' id='word_1_292' title='bbox 1693 924 1744 951; x_wconf 68' lang='grc' dir='ltr'><strong>ἀπὸ</strong></span> <span class='ocrx_word' id='word_1_293' title='bbox 1774 927 1829 952; x_wconf 80' lang='grc' dir='ltr'><strong>τῶν</strong></span> <span class='ocrx_word' id='word_1_294' title='bbox 1844 935 1892 952; x_wconf 86' lang='grc' dir='ltr'>πο-</span> 
     </span>
    </p>
   </div>
   <div class='ocr_carea' id='block_1_36' title="bbox 209 966 1031 1008">
    <p class='ocr_par' dir='ltr' id='par_1_36' title="bbox 209 967 1029 1008">
     <span class='ocr_line' id='line_1_36' title="bbox 209 967 1029 1008; baseline -0.004 -10"><span class='ocrx_word' id='word_1_295' title='bbox 209 968 241 998; x_wconf 91' lang='lat' dir='ltr'><strong>in</strong></span> <span class='ocrx_word' id='word_1_296' title='bbox 253 977 341 1008; x_wconf 88' lang='lat' dir='ltr'><strong>quam</strong></span> <span class='ocrx_word' id='word_1_297' title='bbox 358 977 424 998; x_wconf 91' lang='lat' dir='ltr'><strong>cum</strong></span> <span class='ocrx_word' id='word_1_298' title='bbox 451 967 578 1006; x_wconf 81' lang='lat' dir='ltr'><strong>ingressi</strong></span> <span class='ocrx_word' id='word_1_299' title='bbox 603 971 714 1003; x_wconf 87' lang='lat' dir='ltr'><strong>essent,</strong></span> <span class='ocrx_word' id='word_1_300' title='bbox 742 967 870 997; x_wconf 90' lang='lat' dir='ltr'><strong>futurum</strong></span> <span class='ocrx_word' id='word_1_301' title='bbox 890 970 952 996; x_wconf 86' lang='lat' dir='ltr'><strong>erat</strong></span> <span class='ocrx_word' id='word_1_302' title='bbox 967 970 1029 996; x_wconf 86' lang='lat' dir='ltr'><strong>uta</strong></span> 
     </span>
    </p>
   </div>
   <div class='ocr_carea' id='block_1_37' title="bbox 1116 966 1892 1008">
    <p class='ocr_par' dir='ltr' id='par_1_37' title="bbox 1116 967 1892 1002">
     <span class='ocr_line' id='line_1_37' title="bbox 1116 967 1892 1002; baseline 0.003 -8"><span class='ocrx_word' id='word_1_303' title='bbox 1116 979 1158 994; x_wconf 83' lang='grc' dir='ltr'><strong>,ων</strong></span> <span class='ocrx_word' id='word_1_304' title='bbox 1179 967 1364 998; x_wconf 68' lang='grc' dir='ltr'>ἀναπαύεσθαι,</span> <span class='ocrx_word' id='word_1_305' title='bbox 1393 981 1406 995; x_wconf 72' lang='grc' dir='ltr'>α</span> <span class='ocrx_word' id='word_1_306' title='bbox 1430 970 1459 997; x_wconf 78' lang='grc' dir='ltr'>Εἰ</span> <span class='ocrx_word' id='word_1_307' title='bbox 1481 968 1670 996; x_wconf 69' lang='grc' dir='ltr'><strong>εἰσελεύσονται</strong></span> <span class='ocrx_word' id='word_1_308' title='bbox 1693 969 1728 1000; x_wconf 83' lang='grc' dir='ltr'>εἰς</span> <span class='ocrx_word' id='word_1_309' title='bbox 1743 969 1792 1002; x_wconf 77' lang='grc' dir='ltr'>τὴν</span> <span class='ocrx_word' id='word_1_310' title='bbox 1807 969 1892 996; x_wconf 65' lang='grc' dir='ltr'>κατά-</span> 
     </span>
    </p>
   </div>
   <div class='ocr_carea' id='block_1_38' title="bbox 210 1010 1031 1053">
    <p class='ocr_par' dir='ltr' id='par_1_38' title="bbox 210 1010 1028 1053">
     <span class='ocr_line' id='line_1_38' title="bbox 210 1010 1028 1053; baseline -0.004 -10"><span class='ocrx_word' id='word_1_311' title='bbox 210 1012 296 1043; x_wconf 90' lang='lat' dir='ltr'><strong>bellis</strong></span> <span class='ocrx_word' id='word_1_312' title='bbox 306 1012 505 1053; x_wconf 85' lang='lat' dir='ltr'><strong>quiescerent.</strong></span> <span class='ocrx_word' id='word_1_313' title='bbox 525 1013 593 1042; x_wconf 76' lang='grc'><strong>557</strong></span> <span class='ocrx_word' id='word_1_314' title='bbox 609 1023 623 1040; x_wconf 62' lang='grc' dir='ltr'>ί</span> <span class='ocrx_word' id='word_1_315' title='bbox 633 1011 664 1042; x_wconf 91' lang='lat' dir='ltr'><strong>Si</strong></span> <span class='ocrx_word' id='word_1_316' title='bbox 674 1011 837 1041; x_wconf 91' lang='lat' dir='ltr'><strong>introibunt</strong></span> <span class='ocrx_word' id='word_1_317' title='bbox 851 1011 881 1041; x_wconf 90' lang='lat' dir='ltr'><strong>in</strong></span> <span class='ocrx_word' id='word_1_318' title='bbox 896 1010 1028 1050; x_wconf 89' lang='lat' dir='ltr'><strong>requiem</strong></span> 
     </span>
    </p>
   </div>
   <div class='ocr_carea' id='block_1_39' title="bbox 1116 1010 1892 1053">
    <p class='ocr_par' dir='ltr' id='par_1_39' title="bbox 1116 1013 1892 1051">
     <span class='ocr_line' id='line_1_39' title="bbox 1116 1013 1892 1051; baseline 0.003 -12"><span class='ocrx_word' id='word_1_319' title='bbox 1116 1023 1164 1040; x_wconf 85' lang='grc' dir='ltr'>›σιν</span> <span class='ocrx_word' id='word_1_320' title='bbox 1180 1024 1242 1050; x_wconf 72' lang='grc' dir='ltr'>μου.</span> <span class='ocrx_word' id='word_1_321' title='bbox 1261 1023 1274 1042; x_wconf 63' lang='lat'><strong>3</strong></span> <span class='ocrx_word' id='word_1_322' title='bbox 1301 1013 1374 1042; x_wconf 80' lang='grc' dir='ltr'>Ἀλλ’</span> <span class='ocrx_word' id='word_1_323' title='bbox 1392 1014 1491 1042; x_wconf 75' lang='grc' dir='ltr'>ἐκεῖνοι</span> <span class='ocrx_word' id='word_1_324' title='bbox 1507 1014 1553 1051; x_wconf 80' lang='grc' dir='ltr'>μὲν</span> <span class='ocrx_word' id='word_1_325' title='bbox 1575 1014 1769 1048; x_wconf 66' lang='grc' dir='ltr'>ἀπιστήσαντες</span> <span class='ocrx_word' id='word_1_326' title='bbox 1783 1015 1826 1042; x_wconf 74' lang='grc' dir='ltr'>ιιαὶ</span> <span class='ocrx_word' id='word_1_327' title='bbox 1837 1025 1892 1042; x_wconf 85' lang='grc' dir='ltr'>πει-</span> 
     </span>
    </p>
   </div>
   <div class='ocr_carea' id='block_1_40' title="bbox 211 1055 1031 1095">
    <p class='ocr_par' dir='ltr' id='par_1_40' title="bbox 211 1055 1026 1095">
     <span class='ocr_line' id='line_1_40' title="bbox 211 1055 1026 1095; baseline -0.005 -7"><span class='ocrx_word' id='word_1_328' title='bbox 211 1066 316 1088; x_wconf 82' lang='lat' dir='ltr'><strong>meam.</strong></span> <span class='ocrx_word' id='word_1_329' title='bbox 334 1069 346 1086; x_wconf 76' lang='grc' dir='ltr'>ι)</span> <span class='ocrx_word' id='word_1_330' title='bbox 364 1055 421 1087; x_wconf 90' lang='lat' dir='ltr'><strong>Sed</strong></span> <span class='ocrx_word' id='word_1_331' title='bbox 436 1056 478 1086; x_wconf 89' lang='lat' dir='ltr'><strong>illi</strong></span> <span class='ocrx_word' id='word_1_332' title='bbox 494 1056 614 1095; x_wconf 90' lang='lat' dir='ltr'><strong>quidem</strong></span> <span class='ocrx_word' id='word_1_333' title='bbox 637 1065 703 1086; x_wconf 87' lang='lat' dir='ltr'><strong>cum</strong></span> <span class='ocrx_word' id='word_1_334' title='bbox 720 1055 867 1086; x_wconf 86' lang='lat' dir='ltr'><strong>increduli</strong></span> <span class='ocrx_word' id='word_1_335' title='bbox 892 1055 1026 1092; x_wconf 79' lang='lat' dir='ltr'><strong>fuissent,</strong></span> 
     </span>
    </p>
   </div>
   <div class='ocr_carea' id='block_1_41' title="bbox 1116 1055 1892 1095">
    <p class='ocr_par' dir='ltr' id='par_1_41' title="bbox 1116 1057 1892 1092">
     <span class='ocr_line' id='line_1_41' title="bbox 1116 1057 1892 1092; baseline 0.003 -8"><span class='ocrx_word' id='word_1_336' title='bbox 1116 1067 1196 1088; x_wconf 77' lang='grc' dir='ltr'>ἀντες</span> <span class='ocrx_word' id='word_1_337' title='bbox 1218 1059 1263 1085; x_wconf 78' lang='grc' dir='ltr'>τὸν</span> <span class='ocrx_word' id='word_1_338' title='bbox 1275 1059 1338 1086; x_wconf 84' lang='grc' dir='ltr'>Θεὸν</span> <span class='ocrx_word' id='word_1_339' title='bbox 1355 1061 1400 1088; x_wconf 67' lang='grc' dir='ltr'>οὐκ</span> <span class='ocrx_word' id='word_1_340' title='bbox 1415 1058 1535 1092; x_wconf 74' lang='grc' dir='ltr'>εἰσῆλθον</span> <span class='ocrx_word' id='word_1_341' title='bbox 1549 1059 1586 1090; x_wconf 82' lang='grc' dir='ltr'><strong>εἷς</strong></span> <span class='ocrx_word' id='word_1_342' title='bbox 1603 1057 1793 1092; x_wconf 82' lang='grc' dir='ltr'>Παλαιστίνην.</span> <span class='ocrx_word' id='word_1_343' title='bbox 1822 1059 1892 1091; x_wconf 68' lang='grc' dir='ltr'>Αὕτη</span> 
     </span>
    </p>
   </div>
   <div class='ocr_carea' id='block_1_42' title="bbox 211 1097 1031 1142">
    <p class='ocr_par' dir='ltr' id='par_1_42' title="bbox 211 1099 1030 1139">
     <span class='ocr_line' id='line_1_42' title="bbox 211 1099 1030 1139; baseline -0.004 -7"><span class='ocrx_word' id='word_1_344' title='bbox 211 1111 270 1132; x_wconf 91' lang='lat' dir='ltr'><strong>non</strong></span> <span class='ocrx_word' id='word_1_345' title='bbox 285 1105 354 1132; x_wconf 93' lang='lat' dir='ltr'><strong>sunt</strong></span> <span class='ocrx_word' id='word_1_346' title='bbox 377 1101 503 1139; x_wconf 86' lang='lat' dir='ltr'><strong>ingressi</strong></span> <span class='ocrx_word' id='word_1_347' title='bbox 533 1100 729 1131; x_wconf 80' lang='lat' dir='ltr'><strong>Palaestinam.</strong></span> <span class='ocrx_word' id='word_1_348' title='bbox 745 1099 817 1130; x_wconf 85' lang='lat' dir='ltr'><strong>Nam</strong></span> <span class='ocrx_word' id='word_1_349' title='bbox 835 1101 896 1131; x_wconf 74' lang='lat' dir='ltr'><strong>haec</strong></span> <span class='ocrx_word' id='word_1_350' title='bbox 912 1099 1030 1139; x_wconf 89' lang='lat' dir='ltr'><strong>requies</strong></span> 
     </span>
    </p>
   </div>
   <div class='ocr_carea' id='block_1_43' title="bbox 1116 1097 1893 1142">
    <p class='ocr_par' dir='ltr' id='par_1_43' title="bbox 1116 1097 1893 1142">
     <span class='ocr_line' id='line_1_43' title="bbox 1116 1097 1893 1142; baseline 0.003 -14"><span class='ocrx_word' id='word_1_351' title='bbox 1116 1113 1121 1128; x_wconf 90' lang='grc'><strong>›</strong></span> <span class='ocrx_word' id='word_1_352' title='bbox 1139 1102 1156 1134; x_wconf 82' lang='grc' dir='ltr'>ἡ</span> <span class='ocrx_word' id='word_1_353' title='bbox 1172 1103 1341 1135; x_wconf 73' lang='grc' dir='ltr'>κατάπαυσις.</span> <span class='ocrx_word' id='word_1_354' title='bbox 1360 1097 1441 1140; x_wconf 67' lang='grc' dir='ltr'>Ἠμῖν</span> <span class='ocrx_word' id='word_1_355' title='bbox 1456 1102 1483 1131; x_wconf 75' lang='grc' dir='ltr'><strong>δὲ.</strong></span> <span class='ocrx_word' id='word_1_356' title='bbox 1500 1104 1524 1130; x_wconf 81' lang='grc' dir='ltr'><strong>τί</strong></span> <span class='ocrx_word' id='word_1_357' title='bbox 1538 1102 1622 1140; x_wconf 72' lang='grc' dir='ltr'>ἔσται,</span> <span class='ocrx_word' id='word_1_358' title='bbox 1649 1104 1724 1142; x_wconf 67' lang='grc' dir='ltr'><strong>φησί⁷</strong></span> <span class='ocrx_word' id='word_1_359' title='bbox 1756 1103 1796 1141; x_wconf 72' lang='grc' dir='ltr'>μὴ</span> <span class='ocrx_word' id='word_1_360' title='bbox 1812 1103 1893 1136; x_wconf 69' lang='grc' dir='ltr'>οῧσης</span> 
     </span>
    </p>
   </div>
   <div class='ocr_carea' id='block_1_44' title="bbox 211 1144 1031 1187">
    <p class='ocr_par' dir='ltr' id='par_1_44' title="bbox 211 1144 1031 1185">
     <span class='ocr_line' id='line_1_44' title="bbox 211 1144 1031 1185; baseline -0.004 -8"><span class='ocrx_word' id='word_1_361' title='bbox 211 1150 283 1178; x_wconf 87' lang='lat' dir='ltr'><strong>erat.</strong></span> <span class='ocrx_word' id='word_1_362' title='bbox 301 1145 395 1178; x_wconf 90' lang='lat' dir='ltr'><strong>Nobis</strong></span> <span class='ocrx_word' id='word_1_363' title='bbox 410 1151 521 1181; x_wconf 85' lang='lat' dir='ltr'><strong>autem,</strong></span> <span class='ocrx_word' id='word_1_364' title='bbox 538 1145 645 1185; x_wconf 87' lang='lat' dir='ltr'><strong>inquit,</strong></span> <span class='ocrx_word' id='word_1_365' title='bbox 662 1145 731 1185; x_wconf 90' lang='lat' dir='ltr'><strong>quid</strong></span> <span class='ocrx_word' id='word_1_366' title='bbox 749 1145 815 1181; x_wconf 90' lang='lat' dir='ltr'><strong>erit,</strong></span> <span class='ocrx_word' id='word_1_367' title='bbox 832 1154 898 1174; x_wconf 92' lang='lat' dir='ltr'><strong>cum</strong></span> <span class='ocrx_word' id='word_1_368' title='bbox 915 1154 974 1174; x_wconf 89' lang='lat' dir='ltr'><strong>non</strong></span> <span class='ocrx_word' id='word_1_369' title='bbox 994 1144 1031 1174; x_wconf 91' lang='lat' dir='ltr'><strong>sit</strong></span> 
     </span>
    </p>
   </div>
   <div class='ocr_carea' id='block_1_45' title="bbox 1116 1144 1891 1187">
    <p class='ocr_par' dir='ltr' id='par_1_45' title="bbox 1116 1147 1891 1187">
     <span class='ocr_line' id='line_1_45' title="bbox 1116 1147 1891 1187; baseline 0.004 -15"><span class='ocrx_word' id='word_1_370' title='bbox 1116 1156 1160 1183; x_wconf 87' lang='grc' dir='ltr'><strong>ρας</strong></span> <span class='ocrx_word' id='word_1_371' title='bbox 1177 1147 1365 1178; x_wconf 77' lang='grc' dir='ltr'>καταπαύσεως</span> <span class='ocrx_word' id='word_1_372' title='bbox 1393 1147 1435 1175; x_wconf 74' lang='grc' dir='ltr'>ἐπὶ</span> <span class='ocrx_word' id='word_1_373' title='bbox 1464 1148 1525 1186; x_wconf 81' lang='grc' dir='ltr'><strong>γῆς,</strong></span> <span class='ocrx_word' id='word_1_374' title='bbox 1561 1147 1593 1181; x_wconf 83' lang='grc' dir='ltr'>ἧς</span> <span class='ocrx_word' id='word_1_375' title='bbox 1615 1147 1747 1184; x_wconf 79' lang='grc' dir='ltr'>μελλομεν</span> <span class='ocrx_word' id='word_1_376' title='bbox 1785 1154 1891 1187; x_wconf 83' lang='grc' dir='ltr'>στερεῖ-</span> 
     </span>
    </p>
   </div>
   <div class='ocr_carea' id='block_1_46' title="bbox 211 1188 1031 1232">
    <p class='ocr_par' dir='ltr' id='par_1_46' title="bbox 211 1188 1030 1230">
     <span class='ocr_line' id='line_1_46' title="bbox 211 1188 1030 1230; baseline -0.004 -9"><span class='ocrx_word' id='word_1_377' title='bbox 211 1191 268 1221; x_wconf 85' lang='lat' dir='ltr'><strong>alia</strong></span> <span class='ocrx_word' id='word_1_378' title='bbox 281 1190 401 1230; x_wconf 88' lang='lat' dir='ltr'><strong>requies</strong></span> <span class='ocrx_word' id='word_1_379' title='bbox 419 1190 451 1220; x_wconf 84' lang='lat' dir='ltr'><strong>in</strong></span> <span class='ocrx_word' id='word_1_380' title='bbox 478 1193 566 1224; x_wconf 81' lang='lat' dir='ltr'><strong>terra.</strong></span> <span class='ocrx_word' id='word_1_381' title='bbox 585 1198 641 1229; x_wconf 84' lang='lat' dir='ltr'><strong>qua</strong></span> <span class='ocrx_word' id='word_1_382' title='bbox 666 1189 797 1228; x_wconf 83' lang='lat' dir='ltr'><strong>privandi</strong></span> <span class='ocrx_word' id='word_1_383' title='bbox 814 1198 915 1219; x_wconf 89' lang='lat' dir='ltr'><strong>sumus</strong></span> <span class='ocrx_word' id='word_1_384' title='bbox 930 1188 955 1218; x_wconf 87' lang='lat' dir='ltr'><strong>si</strong></span> <span class='ocrx_word' id='word_1_385' title='bbox 970 1188 1030 1218; x_wconf 88' lang='lat' dir='ltr'><strong>Deo</strong></span> 
     </span>
    </p>
   </div>
   <div class='ocr_carea' id='block_1_47' title="bbox 1116 1188 1892 1232">
    <p class='ocr_par' dir='ltr' id='par_1_47' title="bbox 1116 1189 1892 1232">
     <span class='ocr_line' id='line_1_47' title="bbox 1116 1189 1892 1232; baseline 0.003 -16"><span class='ocrx_word' id='word_1_386' title='bbox 1116 1200 1130 1216; x_wconf 74' lang='grc' dir='ltr'><strong>ιι</strong></span> <span class='ocrx_word' id='word_1_387' title='bbox 1165 1189 1329 1222; x_wconf 74' lang='grc' dir='ltr'>ἀπειθοῦντες</span> <span class='ocrx_word' id='word_1_388' title='bbox 1358 1195 1432 1231; x_wconf 53' lang='lat' dir='ltr'><strong>Qui);</strong></span> <span class='ocrx_word' id='word_1_389' title='bbox 1464 1193 1522 1228; x_wconf 77' lang='lat' dir='ltr'><strong>Nati,</strong></span> <span class='ocrx_word' id='word_1_390' title='bbox 1553 1193 1642 1232; x_wconf 71' lang='grc' dir='ltr'>φησὶν,</span> <span class='ocrx_word' id='word_1_391' title='bbox 1680 1191 1751 1219; x_wconf 79' lang='grc' dir='ltr'>ἕσται</span> <span class='ocrx_word' id='word_1_392' title='bbox 1779 1193 1825 1220; x_wconf 78' lang='grc' dir='ltr'>καὶ</span> <span class='ocrx_word' id='word_1_393' title='bbox 1852 1197 1892 1221; x_wconf 76' lang='grc' dir='ltr'>νῦν</span> 
     </span>
    </p>
   </div>
   <div class='ocr_carea' id='block_1_48' title="bbox 211 1233 1031 1273">
    <p class='ocr_par' dir='ltr' id='par_1_48' title="bbox 211 1233 1031 1272">
     <span class='ocr_line' id='line_1_48' title="bbox 211 1233 1031 1272; baseline -0.004 -6"><span class='ocrx_word' id='word_1_394' title='bbox 211 1244 270 1266; x_wconf 91' lang='lat' dir='ltr'><strong>non</strong></span> <span class='ocrx_word' id='word_1_395' title='bbox 284 1235 440 1266; x_wconf 89' lang='lat' dir='ltr'><strong>credamus</strong></span> <span class='ocrx_word' id='word_1_396' title='bbox 449 1233 464 1264; x_wconf 84' lang='lat'><strong>‘?</strong></span> <span class='ocrx_word' id='word_1_397' title='bbox 475 1233 620 1272; x_wconf 85' lang='lat' dir='ltr'><strong>Profecto,</strong></span> <span class='ocrx_word' id='word_1_398' title='bbox 638 1233 688 1270; x_wconf 86' lang='lat' dir='ltr'><strong>ait,</strong></span> <span class='ocrx_word' id='word_1_399' title='bbox 702 1234 790 1264; x_wconf 87' lang='lat' dir='ltr'><strong>etiam</strong></span> <span class='ocrx_word' id='word_1_400' title='bbox 803 1242 881 1264; x_wconf 84' lang='lat' dir='ltr'><strong>nunc</strong></span> <span class='ocrx_word' id='word_1_401' title='bbox 894 1233 950 1263; x_wconf 88' lang='lat' dir='ltr'><strong>erit</strong></span> <span class='ocrx_word' id='word_1_402' title='bbox 964 1242 1031 1263; x_wconf 87' lang='lat' dir='ltr'><strong>vera</strong></span> 
     </span>
    </p>
   </div>
   <div class='ocr_carea' id='block_1_49' title="bbox 1116 1233 1891 1273">
    <p class='ocr_par' dir='ltr' id='par_1_49' title="bbox 1116 1233 1891 1273">
     <span class='ocr_line' id='line_1_49' title="bbox 1116 1233 1891 1273; baseline 0.005 -13"><span class='ocrx_word' id='word_1_403' title='bbox 1116 1233 1234 1266; x_wconf 71' lang='grc' dir='ltr'>τάπαυσις</span> <span class='ocrx_word' id='word_1_404' title='bbox 1248 1236 1265 1269; x_wconf 80' lang='grc' dir='ltr'>ἦ</span> <span class='ocrx_word' id='word_1_405' title='bbox 1282 1235 1408 1272; x_wconf 68' lang='grc' dir='ltr'>ἀληθινὴ,</span> <span class='ocrx_word' id='word_1_406' title='bbox 1425 1236 1456 1270; x_wconf 77' lang='grc' dir='ltr'>ἧς</span> <span class='ocrx_word' id='word_1_407' title='bbox 1470 1237 1550 1269; x_wconf 84' lang='grc' dir='ltr'>τύπος</span> <span class='ocrx_word' id='word_1_408' title='bbox 1571 1236 1603 1269; x_wconf 79' lang='grc' dir='ltr'>ἧν</span> <span class='ocrx_word' id='word_1_409' title='bbox 1632 1236 1718 1269; x_wconf 81' lang='grc' dir='ltr'>ἐκείνη</span> <span class='ocrx_word' id='word_1_410' title='bbox 1732 1237 1750 1270; x_wconf 82' lang='grc' dir='ltr'><strong>ἡ</strong></span> <span class='ocrx_word' id='word_1_411' title='bbox 1781 1236 1891 1273; x_wconf 76' lang='grc' dir='ltr'>παλαια,</span> 
     </span>
    </p>
   </div>
   <div class='ocr_carea' id='block_1_50' title="bbox 211 1277 1031 1321">
    <p class='ocr_par' dir='ltr' id='par_1_50' title="bbox 211 1277 1030 1320">
     <span class='ocr_line' id='line_1_50' title="bbox 211 1277 1030 1320; baseline -0.004 -10"><span class='ocrx_word' id='word_1_412' title='bbox 211 1280 341 1320; x_wconf 88' lang='lat' dir='ltr'><strong>requies,</strong></span> <span class='ocrx_word' id='word_1_413' title='bbox 358 1279 444 1318; x_wconf 87' lang='lat' dir='ltr'><strong>cujus</strong></span> <span class='ocrx_word' id='word_1_414' title='bbox 457 1278 507 1308; x_wconf 92' lang='lat' dir='ltr'><strong>illa</strong></span> <span class='ocrx_word' id='word_1_415' title='bbox 522 1282 607 1308; x_wconf 89' lang='lat' dir='ltr'><strong>vetus</strong></span> <span class='ocrx_word' id='word_1_416' title='bbox 631 1282 694 1309; x_wconf 86' lang='lat' dir='ltr'><strong>erat</strong></span> <span class='ocrx_word' id='word_1_417' title='bbox 718 1278 810 1317; x_wconf 83' lang='lat' dir='ltr'><strong>ﬁgura</strong></span> <span class='ocrx_word' id='word_1_418' title='bbox 828 1289 834 1309; x_wconf 89' lang='lat'><strong>:</strong></span> <span class='ocrx_word' id='word_1_419' title='bbox 852 1282 881 1308; x_wconf 91' lang='lat' dir='ltr'><strong>et</strong></span> <span class='ocrx_word' id='word_1_420' title='bbox 897 1278 952 1307; x_wconf 85' lang='lat' dir='ltr'><strong>hac</strong></span> <span class='ocrx_word' id='word_1_421' title='bbox 968 1277 1030 1317; x_wconf 86' lang='lat' dir='ltr'><strong>pri-</strong></span> 
     </span>
    </p>
   </div>
   <div class='ocr_carea' id='block_1_51' title="bbox 1116 1277 1893 1321">
    <p class='ocr_par' dir='ltr' id='par_1_51' title="bbox 1137 1278 1893 1321">
     <span class='ocr_line' id='line_1_51' title="bbox 1137 1278 1893 1321; baseline 0.003 -15"><span class='ocrx_word' id='word_1_422' title='bbox 1137 1278 1253 1318; x_wconf 73' lang='grc' dir='ltr'>μέλχετε</span> <span class='ocrx_word' id='word_1_423' title='bbox 1268 1281 1366 1314; x_wconf 79' lang='grc' dir='ltr'>ταύτης</span> <span class='ocrx_word' id='word_1_424' title='bbox 1385 1283 1544 1321; x_wconf 69' lang='grc' dir='ltr'>στερεῖσθαι,</span> <span class='ocrx_word' id='word_1_425' title='bbox 1574 1279 1651 1320; x_wconf 70' lang='grc' dir='ltr'>εἴπερ</span> <span class='ocrx_word' id='word_1_426' title='bbox 1672 1281 1834 1316; x_wconf 73' lang='grc' dir='ltr'>ἀπιστήσετε</span> <span class='ocrx_word' id='word_1_427' title='bbox 1857 1284 1893 1316; x_wconf 81' lang='grc' dir='ltr'>τῷ</span> 
     </span>
    </p>
   </div>
   <div class='ocr_carea' id='block_1_52' title="bbox 211 1321 1031 1364">
    <p class='ocr_par' dir='ltr' id='par_1_52' title="bbox 211 1321 1030 1361">
     <span class='ocr_line' id='line_1_52' title="bbox 211 1321 1030 1361; baseline -0.004 -7"><span class='ocrx_word' id='word_1_428' title='bbox 211 1324 298 1354; x_wconf 87' lang='lat' dir='ltr'><strong>vandi</strong></span> <span class='ocrx_word' id='word_1_429' title='bbox 314 1323 396 1360; x_wconf 85' lang='lat' dir='ltr'><strong>estis,</strong></span> <span class='ocrx_word' id='word_1_430' title='bbox 413 1322 469 1353; x_wconf 91' lang='lat' dir='ltr'><strong>nisi</strong></span> <span class='ocrx_word' id='word_1_431' title='bbox 486 1323 602 1353; x_wconf 83' lang='lat' dir='ltr'><strong>Christo</strong></span> <span class='ocrx_word' id='word_1_432' title='bbox 627 1322 857 1353; x_wconf 84' lang='lat' dir='ltr'><strong>credidideritis.</strong></span> <span class='ocrx_word' id='word_1_433' title='bbox 879 1321 1030 1361; x_wconf 88' lang='lat' dir='ltr'><strong>Siquidem</strong></span> 
     </span>
    </p>
   </div>
   <div class='ocr_carea' id='block_1_53' title="bbox 1116 1321 1893 1364">
    <p class='ocr_par' dir='ltr' id='par_1_53' title="bbox 1116 1325 1893 1364">
     <span class='ocr_line' id='line_1_53' title="bbox 1116 1325 1893 1364; baseline 0.003 -14"><span class='ocrx_word' id='word_1_434' title='bbox 1116 1325 1188 1359; x_wconf 84' lang='grc' dir='ltr'>ιστῷ,</span> <span class='ocrx_word' id='word_1_435' title='bbox 1221 1325 1269 1352; x_wconf 84' lang='grc' dir='ltr'><strong>Καὶ</strong></span> <span class='ocrx_word' id='word_1_436' title='bbox 1298 1325 1347 1364; x_wconf 81' lang='grc' dir='ltr'><strong>γὰρ</strong></span> <span class='ocrx_word' id='word_1_437' title='bbox 1375 1331 1446 1364; x_wconf 89' lang='grc' dir='ltr'>τρεῖς</span> <span class='ocrx_word' id='word_1_438' title='bbox 1475 1326 1524 1353; x_wconf 87' lang='grc' dir='ltr'>εὶσι</span> <span class='ocrx_word' id='word_1_439' title='bbox 1551 1325 1740 1357; x_wconf 80' lang='grc' dir='ltr'>καταπαύσεις.</span> <span class='ocrx_word' id='word_1_440' title='bbox 1777 1326 1831 1353; x_wconf 80' lang='grc' dir='ltr'>Μία</span> <span class='ocrx_word' id='word_1_441' title='bbox 1866 1326 1893 1353; x_wconf 81' lang='grc' dir='ltr'>τὸ</span> 
     </span>
    </p>
   </div>
   <div class='ocr_carea' id='block_1_54' title="bbox 213 1365 1031 1409">
    <p class='ocr_par' dir='ltr' id='par_1_54' title="bbox 213 1365 1031 1408">
     <span class='ocr_line' id='line_1_54' title="bbox 213 1365 1031 1408; baseline -0.002 -10"><span class='ocrx_word' id='word_1_442' title='bbox 213 1368 319 1408; x_wconf 87' lang='lat' dir='ltr'><strong>triplex</strong></span> <span class='ocrx_word' id='word_1_443' title='bbox 344 1372 389 1398; x_wconf 88' lang='lat' dir='ltr'><strong>est</strong></span> <span class='ocrx_word' id='word_1_444' title='bbox 411 1367 531 1407; x_wconf 88' lang='lat' dir='ltr'><strong>requies</strong></span> <span class='ocrx_word' id='word_1_445' title='bbox 548 1375 627 1398; x_wconf 85' lang='lat' dir='ltr'><strong>:una</strong></span> <span class='ocrx_word' id='word_1_446' title='bbox 652 1371 697 1397; x_wconf 90' lang='lat' dir='ltr'><strong>est</strong></span> <span class='ocrx_word' id='word_1_447' title='bbox 724 1366 898 1403; x_wconf 88' lang='lat' dir='ltr'><strong>Sabbatum,</strong></span> <span class='ocrx_word' id='word_1_448' title='bbox 924 1365 953 1396; x_wconf 93' lang='lat' dir='ltr'><strong>in</strong></span> <span class='ocrx_word' id='word_1_449' title='bbox 974 1375 1031 1405; x_wconf 91' lang='lat' dir='ltr'><strong>quo</strong></span> 
     </span>
    </p>
   </div>
   <div class='ocr_carea' id='block_1_55' title="bbox 1116 1365 1891 1409">
    <p class='ocr_par' dir='ltr' id='par_1_55' title="bbox 1116 1365 1891 1409">
     <span class='ocr_line' id='line_1_55' title="bbox 1116 1365 1891 1409; baseline 0.003 -15"><span class='ocrx_word' id='word_1_450' title='bbox 1116 1365 1220 1403; x_wconf 75' lang='grc' dir='ltr'>ὅϐατον,</span> <span class='ocrx_word' id='word_1_451' title='bbox 1242 1368 1268 1396; x_wconf 80' lang='grc' dir='ltr'>ἐν</span> <span class='ocrx_word' id='word_1_452' title='bbox 1283 1371 1306 1406; x_wconf 85' lang='grc' dir='ltr'>ᾠ</span> <span class='ocrx_word' id='word_1_453' title='bbox 1333 1369 1496 1398; x_wconf 79' lang='grc' dir='ltr'>κατέπαυσεν</span> <span class='ocrx_word' id='word_1_454' title='bbox 1511 1371 1525 1397; x_wconf 80' lang='grc' dir='ltr'>ὁ</span> <span class='ocrx_word' id='word_1_455' title='bbox 1553 1370 1617 1400; x_wconf 88' lang='grc' dir='ltr'>Θεός</span> <span class='ocrx_word' id='word_1_456' title='bbox 1646 1369 1698 1397; x_wconf 80' lang='grc' dir='ltr'><strong>ἀπὸ</strong></span> <span class='ocrx_word' id='word_1_457' title='bbox 1727 1372 1781 1397; x_wconf 83' lang='grc' dir='ltr'><strong>τῶν</strong></span> <span class='ocrx_word' id='word_1_458' title='bbox 1810 1369 1891 1409; x_wconf 56' lang='lat' dir='ltr'><strong>&quot;amur:</strong></span> 
     </span>
    </p>
   </div>
   <div class='ocr_carea' id='block_1_56' title="bbox 212 1409 1031 1454">
    <p class='ocr_par' dir='ltr' id='par_1_56' title="bbox 212 1409 1031 1453">
     <span class='ocr_line' id='line_1_56' title="bbox 212 1409 1031 1453; baseline -0.001 -11"><span class='ocrx_word' id='word_1_459' title='bbox 212 1412 357 1453; x_wconf 82' lang='lat' dir='ltr'><strong>requievit</strong></span> <span class='ocrx_word' id='word_1_460' title='bbox 383 1411 463 1442; x_wconf 89' lang='lat' dir='ltr'><strong>Deus</strong></span> <span class='ocrx_word' id='word_1_461' title='bbox 488 1410 525 1442; x_wconf 85' lang='lat' dir='ltr'><strong>ab</strong></span> <span class='ocrx_word' id='word_1_462' title='bbox 554 1411 694 1451; x_wconf 90' lang='lat' dir='ltr'><strong>operibus</strong></span> <span class='ocrx_word' id='word_1_463' title='bbox 709 1412 790 1450; x_wconf 87' lang='lat' dir='ltr'><strong>suis;</strong></span> <span class='ocrx_word' id='word_1_464' title='bbox 806 1409 948 1447; x_wconf 90' lang='lat' dir='ltr'><strong>secunda,</strong></span> <span class='ocrx_word' id='word_1_465' title='bbox 964 1420 1031 1450; x_wconf 88' lang='lat' dir='ltr'><strong>pro-</strong></span> 
     </span>
    </p>
   </div>
   <div class='ocr_carea' id='block_1_57' title="bbox 1116 1409 1895 1454">
    <p class='ocr_par' dir='ltr' id='par_1_57' title="bbox 1116 1413 1895 1454">
     <span class='ocr_line' id='line_1_57' title="bbox 1116 1413 1895 1454; baseline 0.005 -16"><span class='ocrx_word' id='word_1_466' title='bbox 1116 1414 1163 1442; x_wconf 76' lang='grc' dir='ltr'><strong>τοῦ,</strong></span> <span class='ocrx_word' id='word_1_467' title='bbox 1187 1413 1309 1452; x_wconf 79' lang='grc' dir='ltr'>Δευτέρα,</span> <span class='ocrx_word' id='word_1_468' title='bbox 1325 1414 1342 1447; x_wconf 81' lang='grc' dir='ltr'><strong>ἡ</strong></span> <span class='ocrx_word' id='word_1_469' title='bbox 1369 1413 1550 1453; x_wconf 81' lang='grc' dir='ltr'>ἐπεγγελμένη</span> <span class='ocrx_word' id='word_1_470' title='bbox 1578 1417 1627 1447; x_wconf 80' lang='grc' dir='ltr'><strong>της</strong></span> <span class='ocrx_word' id='word_1_471' title='bbox 1650 1413 1830 1447; x_wconf 73' lang='grc' dir='ltr'>Παλαιστίνης</span> <span class='ocrx_word' id='word_1_472' title='bbox 1845 1417 1895 1454; x_wconf 81' lang='grc' dir='ltr'><strong>γῆ.</strong></span> 
     </span>
    </p>
   </div>
   <div class='ocr_carea' id='block_1_58' title="bbox 213 1455 1031 1498">
    <p class='ocr_par' dir='ltr' id='par_1_58' title="bbox 213 1455 1031 1495">
     <span class='ocr_line' id='line_1_58' title="bbox 213 1455 1031 1495; baseline 0 -8"><span class='ocrx_word' id='word_1_473' title='bbox 213 1457 303 1487; x_wconf 87' lang='lat' dir='ltr'><strong>missa</strong></span> <span class='ocrx_word' id='word_1_474' title='bbox 319 1455 476 1488; x_wconf 55' lang='lat' dir='ltr'><strong>Palestina</strong></span> <span class='ocrx_word' id='word_1_475' title='bbox 491 1460 570 1486; x_wconf 87' lang='lat' dir='ltr'><strong>terra</strong></span> <span class='ocrx_word' id='word_1_476' title='bbox 587 1464 593 1486; x_wconf 89' lang='lat'><strong>:</strong></span> <span class='ocrx_word' id='word_1_477' title='bbox 612 1456 708 1493; x_wconf 83' lang='lat' dir='ltr'><strong>tertia,</strong></span> <span class='ocrx_word' id='word_1_478' title='bbox 723 1457 844 1487; x_wconf 91' lang='lat' dir='ltr'><strong>omnino</strong></span> <span class='ocrx_word' id='word_1_479' title='bbox 858 1457 1031 1495; x_wconf 88' lang='lat' dir='ltr'><strong>vera,cujus</strong></span> 
     </span>
    </p>
   </div>
   <div class='ocr_carea' id='block_1_59' title="bbox 1116 1455 1892 1498">
    <p class='ocr_par' dir='ltr' id='par_1_59' title="bbox 1116 1456 1892 1498">
     <span class='ocr_line' id='line_1_59' title="bbox 1116 1456 1892 1498; baseline 0.004 -15"><span class='ocrx_word' id='word_1_480' title='bbox 1116 1456 1164 1493; x_wconf 78' lang='grc' dir='ltr'>τη,</span> <span class='ocrx_word' id='word_1_481' title='bbox 1181 1457 1198 1490; x_wconf 83' lang='grc' dir='ltr'>ἡ</span> <span class='ocrx_word' id='word_1_482' title='bbox 1215 1457 1295 1489; x_wconf 71' lang='grc' dir='ltr'>ὅντως</span> <span class='ocrx_word' id='word_1_483' title='bbox 1310 1459 1354 1486; x_wconf 74' lang='grc' dir='ltr'><strong>καὶ</strong></span> <span class='ocrx_word' id='word_1_484' title='bbox 1367 1458 1480 1495; x_wconf 77' lang='grc' dir='ltr'>ἀληθὴς,</span> <span class='ocrx_word' id='word_1_485' title='bbox 1496 1459 1530 1492; x_wconf 64' lang='grc' dir='ltr'>ἦς</span> <span class='ocrx_word' id='word_1_486' title='bbox 1554 1459 1635 1490; x_wconf 84' lang='grc' dir='ltr'>τύπος</span> <span class='ocrx_word' id='word_1_487' title='bbox 1659 1458 1725 1492; x_wconf 74' lang='grc' dir='ltr'>ἦσαν</span> <span class='ocrx_word' id='word_1_488' title='bbox 1745 1460 1770 1487; x_wconf 79' lang='grc' dir='ltr'><strong>αἱ</strong></span> <span class='ocrx_word' id='word_1_489' title='bbox 1786 1459 1892 1498; x_wconf 79' lang='grc' dir='ltr'>εἰρημέ-</span> 
     </span>
    </p>
   </div>
   <div class='ocr_carea' id='block_1_60' title="bbox 213 1499 1031 1542">
    <p class='ocr_par' dir='ltr' id='par_1_60' title="bbox 213 1499 1030 1542">
     <span class='ocr_line' id='line_1_60' title="bbox 213 1499 1030 1542; baseline 0.002 -11"><span class='ocrx_word' id='word_1_490' title='bbox 213 1501 278 1532; x_wconf 74' lang='lat' dir='ltr'><strong>duae</strong></span> <span class='ocrx_word' id='word_1_491' title='bbox 294 1500 440 1542; x_wconf 63' lang='lat' dir='ltr'><strong>prmdictae</strong></span> <span class='ocrx_word' id='word_1_492' title='bbox 455 1500 547 1539; x_wconf 80' lang='lat' dir='ltr'><strong>figura</strong></span> <span class='ocrx_word' id='word_1_493' title='bbox 561 1504 655 1537; x_wconf 85' lang='lat' dir='ltr'><strong>erant,</strong></span> <span class='ocrx_word' id='word_1_494' title='bbox 672 1499 724 1530; x_wconf 89' lang='lat' dir='ltr'><strong>ubi</strong></span> <span class='ocrx_word' id='word_1_495' title='bbox 748 1501 820 1539; x_wconf 81' lang='lat' dir='ltr'><strong>fugit</strong></span> <span class='ocrx_word' id='word_1_496' title='bbox 845 1503 942 1533; x_wconf 91' lang='lat' dir='ltr'><strong>omnis</strong></span> <span class='ocrx_word' id='word_1_497' title='bbox 965 1503 1030 1533; x_wconf 92' lang='lat' dir='ltr'><strong>luc-</strong></span> 
     </span>
    </p>
   </div>
   <div class='ocr_carea' id='block_1_61' title="bbox 1116 1499 1892 1542">
    <p class='ocr_par' dir='ltr' id='par_1_61' title="bbox 1128 1500 1892 1542">
     <span class='ocr_line' id='line_1_61' title="bbox 1128 1500 1892 1542; baseline 0.004 -14"><span class='ocrx_word' id='word_1_498' title='bbox 1128 1500 1182 1538; x_wconf 74' lang='grc' dir='ltr'><strong>δύο,</strong></span> <span class='ocrx_word' id='word_1_499' title='bbox 1205 1503 1223 1535; x_wconf 80' lang='grc' dir='ltr'><strong>ἡ</strong></span> <span class='ocrx_word' id='word_1_500' title='bbox 1237 1502 1355 1540; x_wconf 80' lang='grc' dir='ltr'>βασιλεία</span> <span class='ocrx_word' id='word_1_501' title='bbox 1370 1506 1422 1531; x_wconf 86' lang='grc' dir='ltr'><strong>τῶν</strong></span> <span class='ocrx_word' id='word_1_502' title='bbox 1451 1503 1577 1542; x_wconf 63' lang='grc' dir='ltr'>οὐρανῶν,</span> <span class='ocrx_word' id='word_1_503' title='bbox 1608 1503 1667 1531; x_wconf 76' lang='grc' dir='ltr'><strong>ἔνθα</strong></span> <span class='ocrx_word' id='word_1_504' title='bbox 1695 1502 1794 1541; x_wconf 76' lang='grc' dir='ltr'>ἀπέδρα</span> <span class='ocrx_word' id='word_1_505' title='bbox 1824 1507 1892 1532; x_wconf 80' lang='grc' dir='ltr'>πᾶσα</span> 
     </span>
    </p>
   </div>
   <div class='ocr_carea' id='block_1_62' title="bbox 213 1544 1031 1587">
    <p class='ocr_par' dir='ltr' id='par_1_62' title="bbox 213 1544 1031 1587">
     <span class='ocr_line' id='line_1_62' title="bbox 213 1544 1031 1587; baseline 0.002 -11"><span class='ocrx_word' id='word_1_506' title='bbox 213 1549 270 1584; x_wconf 89' lang='lat' dir='ltr'><strong>tus,</strong></span> <span class='ocrx_word' id='word_1_507' title='bbox 287 1545 371 1576; x_wconf 89' lang='lat' dir='ltr'><strong>dolor</strong></span> <span class='ocrx_word' id='word_1_508' title='bbox 386 1553 422 1575; x_wconf 84' lang='lat' dir='ltr'><strong>ac</strong></span> <span class='ocrx_word' id='word_1_509' title='bbox 436 1544 574 1584; x_wconf 82' lang='lat' dir='ltr'><strong>gemitus.</strong></span> <span class='ocrx_word' id='word_1_510' title='bbox 590 1544 651 1575; x_wconf 86' lang='lat' dir='ltr'><strong>Hac</strong></span> <span class='ocrx_word' id='word_1_511' title='bbox 667 1554 748 1584; x_wconf 84' lang='lat' dir='ltr'><strong>ergo,</strong></span> <span class='ocrx_word' id='word_1_512' title='bbox 772 1545 878 1586; x_wconf 87' lang='lat' dir='ltr'><strong>inquit,</strong></span> <span class='ocrx_word' id='word_1_513' title='bbox 897 1547 1031 1587; x_wconf 83' lang='lat' dir='ltr'><strong>privandi</strong></span> 
     </span>
    </p>
   </div>
   <div class='ocr_carea' id='block_1_63' title="bbox 211 1589 757 1627">
    <p class='ocr_par' dir='ltr' id='par_1_63' title="bbox 211 1589 757 1627">
     <span class='ocr_line' id='line_1_63' title="bbox 211 1589 757 1627; baseline 0 -7"><span class='ocrx_word' id='word_1_514' title='bbox 211 1591 294 1627; x_wconf 85' lang='lat' dir='ltr'><strong>estis,</strong></span> <span class='ocrx_word' id='word_1_515' title='bbox 307 1590 333 1620; x_wconf 92' lang='lat' dir='ltr'><strong>si</strong></span> <span class='ocrx_word' id='word_1_516' title='bbox 348 1589 466 1621; x_wconf 89' lang='lat' dir='ltr'><strong>Christo</strong></span> <span class='ocrx_word' id='word_1_517' title='bbox 480 1598 540 1619; x_wconf 91' lang='lat' dir='ltr'><strong>non</strong></span> <span class='ocrx_word' id='word_1_518' title='bbox 556 1589 757 1620; x_wconf 86' lang='lat' dir='ltr'><strong>credideritis.</strong></span> 
     </span>
    </p>
   </div>
   <div class='ocr_carea' id='block_1_64' title="bbox 251 1633 1031 1674">
    <p class='ocr_par' dir='ltr' id='par_1_64' title="bbox 251 1633 1031 1674">
     <span class='ocr_line' id='line_1_64' title="bbox 251 1633 1031 1674; baseline 0.005 -9"><span class='ocrx_word' id='word_1_519' title='bbox 251 1633 301 1671; x_wconf 90' lang='grc' dir='ltr'>ΙΙΙ,</span> <span class='ocrx_word' id='word_1_520' title='bbox 321 1634 420 1665; x_wconf 72' lang='grc'><strong>12-15.</strong></span> <span class='ocrx_word' id='word_1_521' title='bbox 441 1633 548 1670; x_wconf 81' lang='lat' dir='ltr'><strong>Videte,</strong></span> <span class='ocrx_word' id='word_1_522' title='bbox 565 1634 689 1672; x_wconf 80' lang='lat' dir='ltr'><strong>fratres,</strong></span> <span class='ocrx_word' id='word_1_523' title='bbox 703 1635 869 1674; x_wconf 79' lang='lat' dir='ltr'><strong>nequando</strong></span> <span class='ocrx_word' id='word_1_524' title='bbox 881 1637 918 1667; x_wconf 82' lang='lat' dir='ltr'><strong>sit</strong></span> <span class='ocrx_word' id='word_1_525' title='bbox 933 1638 965 1668; x_wconf 80' lang='lat' dir='ltr'><strong>in</strong></span> <span class='ocrx_word' id='word_1_526' title='bbox 976 1638 1031 1669; x_wconf 83' lang='lat' dir='ltr'><strong>ali-</strong></span> 
     </span>
    </p>
   </div>
   <div class='ocr_carea' id='block_1_65' title="bbox 211 1678 1031 1719">
    <p class='ocr_par' dir='ltr' id='par_1_65' title="bbox 211 1678 1031 1719">
     <span class='ocr_line' id='line_1_65' title="bbox 211 1678 1031 1719; baseline 0.004 -9"><span class='ocrx_word' id='word_1_527' title='bbox 211 1688 269 1719; x_wconf 85' lang='lat' dir='ltr'><strong>quo</strong></span> <span class='ocrx_word' id='word_1_528' title='bbox 284 1682 417 1710; x_wconf 76' lang='lat' dir='ltr'><strong>vestrum</strong></span> <span class='ocrx_word' id='word_1_529' title='bbox 427 1687 480 1709; x_wconf 83' lang='lat' dir='ltr'><strong>cor</strong></span> <span class='ocrx_word' id='word_1_530' title='bbox 492 1687 620 1717; x_wconf 77' lang='lat' dir='ltr'><strong>pravum</strong></span> <span class='ocrx_word' id='word_1_531' title='bbox 637 1678 872 1717; x_wconf 73' lang='lat' dir='ltr'><strong>increduli/etis,</strong></span> <span class='ocrx_word' id='word_1_532' title='bbox 888 1685 921 1712; x_wconf 84' lang='lat' dir='ltr'><strong>ut</strong></span> <span class='ocrx_word' id='word_1_533' title='bbox 936 1682 1031 1713; x_wconf 83' lang='lat' dir='ltr'><strong>decis-</strong></span> 
     </span>
    </p>
   </div>
   <div class='ocr_carea' id='block_1_66' title="bbox 211 1722 1032 1759">
    <p class='ocr_par' dir='ltr' id='par_1_66' title="bbox 211 1722 1032 1759">
     <span class='ocr_line' id='line_1_66' title="bbox 211 1722 1032 1759; baseline 0.004 -4"><span class='ocrx_word' id='word_1_534' title='bbox 211 1727 290 1755; x_wconf 88' lang='lat' dir='ltr'><strong>cata</strong></span> <span class='ocrx_word' id='word_1_535' title='bbox 307 1724 367 1755; x_wconf 83' lang='lat' dir='ltr'><strong>Deo</strong></span> <span class='ocrx_word' id='word_1_536' title='bbox 381 1723 510 1759; x_wconf 78' lang='lat' dir='ltr'><strong>vivente;</strong></span> <span class='ocrx_word' id='word_1_537' title='bbox 533 1722 586 1753; x_wconf 83' lang='lat' dir='ltr'><strong>sed</strong></span> <span class='ocrx_word' id='word_1_538' title='bbox 606 1723 808 1754; x_wconf 76' lang='lat' dir='ltr'><strong>exhortemini</strong></span> <span class='ocrx_word' id='word_1_539' title='bbox 831 1734 882 1756; x_wconf 74' lang='lat' dir='ltr'><strong>vos</strong></span> <span class='ocrx_word' id='word_1_540' title='bbox 905 1727 1032 1758; x_wconf 81' lang='lat' dir='ltr'><strong>invicem</strong></span> 
     </span>
    </p>
   </div>
   <div class='ocr_carea' id='block_1_67' title="bbox 209 1767 1032 1808">
    <p class='ocr_par' dir='ltr' id='par_1_67' title="bbox 209 1767 1032 1808">
     <span class='ocr_line' id='line_1_67' title="bbox 209 1767 1032 1808; baseline 0.004 -9"><span class='ocrx_word' id='word_1_541' title='bbox 209 1768 355 1808; x_wconf 80' lang='lat' dir='ltr'><strong>quotidie,</strong></span> <span class='ocrx_word' id='word_1_542' title='bbox 385 1767 482 1807; x_wconf 84' lang='lat' dir='ltr'><strong>quoad</strong></span> <span class='ocrx_word' id='word_1_543' title='bbox 509 1767 683 1807; x_wconf 69' lang='lat' dir='ltr'><strong>appellatur</strong></span> <span class='ocrx_word' id='word_1_544' title='bbox 706 1768 770 1798; x_wconf 82' lang='lat' dir='ltr'><strong>dies</strong></span> <span class='ocrx_word' id='word_1_545' title='bbox 792 1768 956 1801; x_wconf 72' lang='lat' dir='ltr'><strong>hodiernus</strong></span> <span class='ocrx_word' id='word_1_546' title='bbox 972 1781 981 1800; x_wconf 93' lang='lat'><em>:</em></span> <span class='ocrx_word' id='word_1_547' title='bbox 993 1780 1032 1802; x_wconf 87' lang='lat' dir='ltr'><strong>ne</strong></span> 
     </span>
    </p>
   </div>
   <div class='ocr_carea' id='block_1_68' title="bbox 209 1811 1021 1854">
    <p class='ocr_par' dir='ltr' id='par_1_68' title="bbox 209 1811 1021 1854">
     <span class='ocr_line' id='line_1_68' title="bbox 209 1811 1021 1854; baseline 0.002 -10"><span class='ocrx_word' id='word_1_548' title='bbox 209 1816 278 1854; x_wconf 80' lang='lat' dir='ltr'><strong>quis</strong></span> <span class='ocrx_word' id='word_1_549' title='bbox 293 1822 333 1844; x_wconf 77' lang='lat' dir='ltr'><strong>ea:</strong></span> <span class='ocrx_word' id='word_1_550' title='bbox 343 1813 426 1844; x_wconf 82' lang='lat' dir='ltr'><strong>vobis</strong></span> <span class='ocrx_word' id='word_1_551' title='bbox 437 1812 605 1843; x_wconf 81' lang='lat' dir='ltr'><strong>obduretur</strong></span> <span class='ocrx_word' id='word_1_552' title='bbox 615 1811 789 1843; x_wconf 75' lang='lat' dir='ltr'><strong>seductione</strong></span> <span class='ocrx_word' id='word_1_553' title='bbox 803 1815 919 1853; x_wconf 79' lang='lat' dir='ltr'><strong>peccati</strong></span> <span class='ocrx_word' id='word_1_554' title='bbox 923 1815 1021 1854; x_wconf 77' lang='lat' dir='ltr'><strong>.Siqui</strong></span> 
     </span>
    </p>
   </div>
   <div class='ocr_carea' id='block_1_69' title="bbox 208 1856 1033 1898">
    <p class='ocr_par' dir='ltr' id='par_1_69' title="bbox 208 1856 1033 1898">
     <span class='ocr_line' id='line_1_69' title="bbox 208 1856 1033 1898; baseline 0.002 -10"><span class='ocrx_word' id='word_1_555' title='bbox 208 1858 277 1889; x_wconf 84' lang='lat' dir='ltr'><strong>dem</strong></span> <span class='ocrx_word' id='word_1_556' title='bbox 295 1857 462 1898; x_wconf 73' lang='lat' dir='ltr'><strong>participes</strong></span> <span class='ocrx_word' id='word_1_557' title='bbox 485 1856 559 1896; x_wconf 81' lang='lat' dir='ltr'><strong>facti</strong></span> <span class='ocrx_word' id='word_1_558' title='bbox 582 1865 686 1887; x_wconf 81' lang='lat' dir='ltr'><strong>sumus</strong></span> <span class='ocrx_word' id='word_1_559' title='bbox 700 1857 825 1894; x_wconf 68' lang='lat' dir='ltr'><strong>Christi,</strong></span> <span class='ocrx_word' id='word_1_560' title='bbox 841 1859 869 1889; x_wconf 80' lang='lat' dir='ltr'><strong>si</strong></span> <span class='ocrx_word' id='word_1_561' title='bbox 882 1868 954 1889; x_wconf 82' lang='lat' dir='ltr'><strong>sane</strong></span> <span class='ocrx_word' id='word_1_562' title='bbox 969 1861 1033 1890; x_wconf 75' lang='lat' dir='ltr'><strong>ini-</strong></span> 
     </span>
    </p>
   </div>
   <div class='ocr_carea' id='block_1_70' title="bbox 209 1901 1034 1941">
    <p class='ocr_par' dir='ltr' id='par_1_70' title="bbox 209 1901 1034 1941">
     <span class='ocr_line' id='line_1_70' title="bbox 209 1901 1034 1941; baseline 0.001 -7"><span class='ocrx_word' id='word_1_563' title='bbox 209 1905 284 1934; x_wconf 73' lang='lat' dir='ltr'><strong>tium</strong></span> <span class='ocrx_word' id='word_1_564' title='bbox 301 1901 478 1933; x_wconf 65' lang='lat' dir='ltr'><strong>substantiae</strong></span> <span class='ocrx_word' id='word_1_565' title='bbox 492 1909 586 1941; x_wconf 80' lang='lat' dir='ltr'><strong>usque</strong></span> <span class='ocrx_word' id='word_1_566' title='bbox 606 1909 625 1931; x_wconf 91' lang='lat' dir='ltr'><strong>a</strong></span> <span class='ocrx_word' id='word_1_567' title='bbox 649 1901 739 1940; x_wconf 87' lang='lat' dir='ltr'><strong>finem</strong></span> <span class='ocrx_word' id='word_1_568' title='bbox 762 1902 883 1941; x_wconf 82' lang='lat' dir='ltr'><strong>ﬁrmum</strong></span> <span class='ocrx_word' id='word_1_569' title='bbox 898 1907 1034 1934; x_wconf 76' lang='lat' dir='ltr'><strong>tenueri-</strong></span> 
     </span>
    </p>
   </div>
   <div class='ocr_carea' id='block_1_71' title="bbox 209 1946 1035 1987">
    <p class='ocr_par' dir='ltr' id='par_1_71' title="bbox 209 1946 1035 1987">
     <span class='ocr_line' id='line_1_71' title="bbox 209 1946 1035 1987; baseline 0.001 -9"><span class='ocrx_word' id='word_1_570' title='bbox 209 1949 320 1987; x_wconf 74' lang='lat' dir='ltr'><strong>rz&#39;mus,</strong></span> <span class='ocrx_word' id='word_1_571' title='bbox 334 1948 367 1977; x_wconf 79' lang='lat' dir='ltr'><strong>in</strong></span> <span class='ocrx_word' id='word_1_572' title='bbox 381 1946 437 1977; x_wconf 82' lang='lat' dir='ltr'><strong>hoc</strong></span> <span class='ocrx_word' id='word_1_573' title='bbox 448 1946 526 1985; x_wconf 83' lang='lat' dir='ltr'><strong>quod</strong></span> <span class='ocrx_word' id='word_1_574' title='bbox 540 1946 666 1985; x_wconf 79' lang='lat' dir='ltr'><strong>dicitur,</strong></span> <span class='ocrx_word' id='word_1_575' title='bbox 683 1947 779 1977; x_wconf 83' lang='lat' dir='ltr'><strong>Hodie</strong></span> <span class='ocrx_word' id='word_1_576' title='bbox 802 1948 829 1977; x_wconf 84' lang='lat' dir='ltr'><strong>si</strong></span> <span class='ocrx_word' id='word_1_577' title='bbox 851 1956 950 1978; x_wconf 78' lang='lat' dir='ltr'><strong>vocem</strong></span> <span class='ocrx_word' id='word_1_578' title='bbox 970 1950 1035 1987; x_wconf 84' lang='lat' dir='ltr'><strong>ejus</strong></span> 
     </span>
    </p>
   </div>
   <div class='ocr_carea' id='block_1_72' title="bbox 210 1990 1033 2029">
    <p class='ocr_par' dir='ltr' id='par_1_72' title="bbox 210 1990 1033 2029">
     <span class='ocr_line' id='line_1_72' title="bbox 210 1990 1033 2029; baseline 0.001 -6"><span class='ocrx_word' id='word_1_579' title='bbox 210 1992 382 2029; x_wconf 75' lang='lat' dir='ltr'><strong>audieritis,</strong></span> <span class='ocrx_word' id='word_1_580' title='bbox 394 2000 431 2022; x_wconf 85' lang='lat' dir='ltr'><strong>ne</strong></span> <span class='ocrx_word' id='word_1_581' title='bbox 446 1990 599 2022; x_wconf 74' lang='lat' dir='ltr'><strong>obdureti&#39;s</strong></span> <span class='ocrx_word' id='word_1_582' title='bbox 617 1991 708 2022; x_wconf 81' lang='lat' dir='ltr'><strong>corda</strong></span> <span class='ocrx_word' id='word_1_583' title='bbox 719 1995 818 2022; x_wconf 76' lang='lat' dir='ltr'><strong>vestra</strong></span> <span class='ocrx_word' id='word_1_584' title='bbox 829 1992 906 2022; x_wconf 83' lang='lat' dir='ltr'><strong>sicut</strong></span> <span class='ocrx_word' id='word_1_585' title='bbox 918 1993 949 2023; x_wconf 84' lang='lat' dir='ltr'><strong>in</strong></span> <span class='ocrx_word' id='word_1_586' title='bbox 962 2002 1033 2024; x_wconf 73' lang='lat' dir='ltr'><strong>exa-</strong></span> 
     </span>
    </p>
   </div>
   <div class='ocr_carea' id='block_1_73' title="bbox 208 2037 393 2068">
    <p class='ocr_par' dir='ltr' id='par_1_73' title="bbox 208 2037 393 2068">
     <span class='ocr_line' id='line_1_73' title="bbox 208 2037 393 2068; baseline -0.011 0"><span class='ocrx_word' id='word_1_587' title='bbox 208 2037 393 2068; x_wconf 82' lang='lat' dir='ltr'><strong>cerbatione.</strong></span> 
     </span>
    </p>
   </div>
   <div class='ocr_carea' id='block_1_74' title="bbox 249 2078 1032 2121">
    <p class='ocr_par' dir='ltr' id='par_1_74' title="bbox 249 2078 1032 2121">
     <span class='ocr_line' id='line_1_74' title="bbox 249 2078 1032 2121; baseline 0.001 -9"><span class='ocrx_word' id='word_1_588' title='bbox 249 2080 395 2112; x_wconf 92' lang='lat' dir='ltr'><strong>Timentis</strong></span> <span class='ocrx_word' id='word_1_589' title='bbox 410 2078 532 2111; x_wconf 86' lang='lat' dir='ltr'><strong>verbum</strong></span> <span class='ocrx_word' id='word_1_590' title='bbox 549 2084 612 2111; x_wconf 78' lang='lat' dir='ltr'><strong>est:</strong></span> <span class='ocrx_word' id='word_1_591' title='bbox 630 2080 744 2120; x_wconf 87' lang='lat' dir='ltr'><strong>Videte,</strong></span> <span class='ocrx_word' id='word_1_592' title='bbox 763 2081 869 2121; x_wconf 87' lang='lat' dir='ltr'><strong>inquit,</strong></span> <span class='ocrx_word' id='word_1_593' title='bbox 887 2092 925 2112; x_wconf 90' lang='lat' dir='ltr'><strong>ne</strong></span> <span class='ocrx_word' id='word_1_594' title='bbox 941 2086 968 2113; x_wconf 87' lang='lat' dir='ltr'><strong>et</strong></span> <span class='ocrx_word' id='word_1_595' title='bbox 981 2092 1032 2114; x_wconf 89' lang='lat' dir='ltr'><strong>vos</strong></span> 
     </span>
    </p>
   </div>
   <div class='ocr_carea' id='block_1_75' title="bbox 209 2124 1031 2166">
    <p class='ocr_par' dir='ltr' id='par_1_75' title="bbox 209 2124 1031 2166">
     <span class='ocr_line' id='line_1_75' title="bbox 209 2124 1031 2166; baseline 0.001 -10"><span class='ocrx_word' id='word_1_596' title='bbox 209 2129 329 2166; x_wconf 86' lang='lat' dir='ltr'><strong>propter</strong></span> <span class='ocrx_word' id='word_1_597' title='bbox 344 2124 582 2156; x_wconf 86' lang='lat' dir='ltr'><strong>incredulitatem</strong></span> <span class='ocrx_word' id='word_1_598' title='bbox 607 2133 676 2155; x_wconf 88' lang='lat' dir='ltr'><strong>vera</strong></span> <span class='ocrx_word' id='word_1_599' title='bbox 691 2125 847 2164; x_wconf 89' lang='lat' dir='ltr'><strong>prlvemini</strong></span> <span class='ocrx_word' id='word_1_600' title='bbox 862 2126 964 2166; x_wconf 86' lang='lat' dir='ltr'><strong>requie</strong></span> <span class='ocrx_word' id='word_1_601' title='bbox 979 2136 1031 2157; x_wconf 64' lang='grc' dir='ltr'>ιδε-</span> 
     </span>
    </p>
   </div>
   <div class='ocr_carea' id='block_1_76' title="bbox 208 2168 1032 2211">
    <p class='ocr_par' dir='ltr' id='par_1_76' title="bbox 208 2168 1032 2211">
     <span class='ocr_line' id='line_1_76' title="bbox 208 2168 1032 2211; baseline 0.002 -12"><span class='ocrx_word' id='word_1_602' title='bbox 208 2171 258 2210; x_wconf 83' lang='lat' dir='ltr'><strong>gni</strong></span> <span class='ocrx_word' id='word_1_603' title='bbox 267 2169 408 2201; x_wconf 57' lang='lat' dir='ltr'><strong>caelorum</strong></span> <span class='ocrx_word' id='word_1_604' title='bbox 415 2194 420 2201; x_wconf 93' lang='lat'>.</span> <span class='ocrx_word' id='word_1_605' title='bbox 428 2168 502 2200; x_wconf 66' lang='lat' dir='ltr'><strong>«Cor</strong></span> <span class='ocrx_word' id='word_1_606' title='bbox 509 2178 665 2209; x_wconf 72' lang='lat' dir='ltr'><strong>pravum.»</strong></span> <span class='ocrx_word' id='word_1_607' title='bbox 680 2170 767 2200; x_wconf 85' lang='lat' dir='ltr'><strong>Multa</strong></span> <span class='ocrx_word' id='word_1_608' title='bbox 775 2170 854 2201; x_wconf 89' lang='lat' dir='ltr'><strong>enim</strong></span> <span class='ocrx_word' id='word_1_609' title='bbox 867 2175 935 2201; x_wconf 89' lang='lat' dir='ltr'><strong>sunt</strong></span> <span class='ocrx_word' id='word_1_610' title='bbox 944 2180 1032 2211; x_wconf 82' lang='lat' dir='ltr'><strong>prava</strong></span> 
     </span>
    </p>
   </div>
   <div class='ocr_carea' id='block_1_77' title="bbox 208 2213 1032 2246">
    <p class='ocr_par' dir='ltr' id='par_1_77' title="bbox 208 2213 1032 2246">
     <span class='ocr_line' id='line_1_77' title="bbox 208 2213 1032 2246; baseline 0.001 -1"><span class='ocrx_word' id='word_1_611' title='bbox 208 2213 299 2245; x_wconf 85' lang='lat' dir='ltr'><strong>corda</strong></span> <span class='ocrx_word' id='word_1_612' title='bbox 315 2213 532 2245; x_wconf 81' lang='lat' dir='ltr'><strong>incredulitatis</strong></span> <span class='ocrx_word' id='word_1_613' title='bbox 547 2214 608 2244; x_wconf 92' lang='lat' dir='ltr'><strong>sive</strong></span> <span class='ocrx_word' id='word_1_614' title='bbox 621 2214 787 2246; x_wconf 87' lang='lat' dir='ltr'><strong>incredula.</strong></span> <span class='ocrx_word' id='word_1_615' title='bbox 816 2215 868 2246; x_wconf 86' lang='lat' dir='ltr'><strong>Est</strong></span> <span class='ocrx_word' id='word_1_616' title='bbox 883 2215 963 2246; x_wconf 87' lang='lat' dir='ltr'><strong>enim</strong></span> <span class='ocrx_word' id='word_1_617' title='bbox 981 2225 1032 2246; x_wconf 88' lang='lat' dir='ltr'><strong>cor</strong></span> 
     </span>
    </p>
   </div>
   <div class='ocr_carea' id='block_1_78' title="bbox 208 2258 1032 2299">
    <p class='ocr_par' dir='ltr' id='par_1_78' title="bbox 208 2258 1032 2299">
     <span class='ocr_line' id='line_1_78' title="bbox 208 2258 1032 2299; baseline 0.002 -10"><span class='ocrx_word' id='word_1_618' title='bbox 208 2267 332 2299; x_wconf 87' lang='lat' dir='ltr'><strong>pravum</strong></span> <span class='ocrx_word' id='word_1_619' title='bbox 343 2258 625 2298; x_wconf 84' lang='lat' dir='ltr'><strong>incredulum,quod</strong></span> <span class='ocrx_word' id='word_1_620' title='bbox 643 2267 764 2299; x_wconf 85' lang='lat' dir='ltr'><strong>pravum</strong></span> <span class='ocrx_word' id='word_1_621' title='bbox 781 2259 875 2290; x_wconf 82' lang='lat' dir='ltr'><strong>estad</strong></span> <span class='ocrx_word' id='word_1_622' title='bbox 894 2269 952 2290; x_wconf 91' lang='lat' dir='ltr'><strong>non</strong></span> <span class='ocrx_word' id='word_1_623' title='bbox 965 2269 1032 2291; x_wconf 88' lang='lat' dir='ltr'><strong>cre-</strong></span> 
     </span>
    </p>
   </div>
   <div class='ocr_carea' id='block_1_79' title="bbox 208 2303 1030 2345">
    <p class='ocr_par' dir='ltr' id='par_1_79' title="bbox 208 2303 1030 2345">
     <span class='ocr_line' id='line_1_79' title="bbox 208 2303 1030 2345; baseline 0.001 -11"><span class='ocrx_word' id='word_1_624' title='bbox 208 2303 352 2342; x_wconf 89' lang='lat' dir='ltr'><strong>dendum,</strong></span> <span class='ocrx_word' id='word_1_625' title='bbox 370 2303 406 2334; x_wconf 89' lang='lat' dir='ltr'><strong>ad</strong></span> <span class='ocrx_word' id='word_1_626' title='bbox 422 2303 586 2341; x_wconf 87' lang='lat' dir='ltr'><strong>avaritiam,</strong></span> <span class='ocrx_word' id='word_1_627' title='bbox 613 2304 649 2334; x_wconf 91' lang='lat' dir='ltr'><strong>ad</strong></span> <span class='ocrx_word' id='word_1_628' title='bbox 671 2303 857 2335; x_wconf 80' lang='lat' dir='ltr'><strong>inferendam</strong></span> <span class='ocrx_word' id='word_1_629' title='bbox 878 2305 1030 2345; x_wconf 83' lang='lat' dir='ltr'><strong>injuriam,</strong></span> 
     </span>
    </p>
   </div>
   <div class='ocr_carea' id='block_1_80' title="bbox 207 2348 1031 2388">
    <p class='ocr_par' dir='ltr' id='par_1_80' title="bbox 207 2348 1031 2388">
     <span class='ocr_line' id='line_1_80' title="bbox 207 2348 1031 2388; baseline 0.001 -9"><span class='ocrx_word' id='word_1_630' title='bbox 207 2349 244 2379; x_wconf 87' lang='lat' dir='ltr'><strong>ad</strong></span> <span class='ocrx_word' id='word_1_631' title='bbox 261 2348 449 2386; x_wconf 82' lang='lat' dir='ltr'><strong>ebrietatem,</strong></span> <span class='ocrx_word' id='word_1_632' title='bbox 467 2348 583 2388; x_wconf 87' lang='lat' dir='ltr'><strong>aliaque</strong></span> <span class='ocrx_word' id='word_1_633' title='bbox 600 2349 772 2388; x_wconf 87' lang='lat' dir='ltr'><strong>hujusmodi</strong></span> <span class='ocrx_word' id='word_1_634' title='bbox 785 2349 950 2380; x_wconf 82' lang='lat' dir='ltr'><strong>innumera.</strong></span> <span class='ocrx_word' id='word_1_635' title='bbox 967 2350 1031 2380; x_wconf 86' lang='lat' dir='ltr'><strong>Ma-</strong></span> 
     </span>
    </p>
   </div>
   <div class='ocr_carea' id='block_1_81' title="bbox 207 2393 1030 2434">
    <p class='ocr_par' dir='ltr' id='par_1_81' title="bbox 207 2393 1030 2434">
     <span class='ocr_line' id='line_1_81' title="bbox 207 2393 1030 2434; baseline 0 -10"><span class='ocrx_word' id='word_1_636' title='bbox 207 2393 254 2432; x_wconf 73' lang='lat' dir='ltr'><strong>gis</strong></span> <span class='ocrx_word' id='word_1_637' title='bbox 268 2398 368 2424; x_wconf 82' lang='lat' dir='ltr'><strong>autem</strong></span> <span class='ocrx_word' id='word_1_638' title='bbox 384 2397 413 2424; x_wconf 85' lang='lat' dir='ltr'><strong>et</strong></span> <span class='ocrx_word' id='word_1_639' title='bbox 428 2393 510 2424; x_wconf 87' lang='lat' dir='ltr'><strong>nulla</strong></span> <span class='ocrx_word' id='word_1_640' title='bbox 538 2393 614 2424; x_wconf 87' lang='lat' dir='ltr'><strong>facta</strong></span> <span class='ocrx_word' id='word_1_641' title='bbox 640 2394 873 2433; x_wconf 88' lang='lat' dir='ltr'><strong>comparatione,</strong></span> <span class='ocrx_word' id='word_1_642' title='bbox 891 2393 948 2425; x_wconf 86' lang='lat' dir='ltr'><strong>Cor</strong></span> <span class='ocrx_word' id='word_1_643' title='bbox 961 2403 1030 2434; x_wconf 91' lang='lat' dir='ltr'><strong>pra-</strong></span> 
     </span>
    </p>
   </div>
   <div class='ocr_carea' id='block_1_82' title="bbox 207 2437 1032 2479">
    <p class='ocr_par' dir='ltr' id='par_1_82' title="bbox 207 2437 1032 2479">
     <span class='ocr_line' id='line_1_82' title="bbox 207 2437 1032 2479; baseline 0.001 -11"><span class='ocrx_word' id='word_1_644' title='bbox 207 2447 275 2469; x_wconf 90' lang='lat' dir='ltr'><strong>vum</strong></span> <span class='ocrx_word' id='word_1_645' title='bbox 291 2438 480 2469; x_wconf 85' lang='lat' dir='ltr'><strong>incredulum</strong></span> <span class='ocrx_word' id='word_1_646' title='bbox 498 2441 542 2468; x_wconf 86' lang='lat' dir='ltr'><strong>est</strong></span> <span class='ocrx_word' id='word_1_647' title='bbox 557 2437 636 2478; x_wconf 92' lang='lat' dir='ltr'><strong>qnod</strong></span> <span class='ocrx_word' id='word_1_648' title='bbox 653 2447 669 2468; x_wconf 89' lang='lat' dir='ltr'><strong>a</strong></span> <span class='ocrx_word' id='word_1_649' title='bbox 682 2438 740 2469; x_wconf 84' lang='lat' dir='ltr'><strong>fide</strong></span> <span class='ocrx_word' id='word_1_650' title='bbox 764 2438 893 2469; x_wconf 89' lang='lat' dir='ltr'><strong>discedit</strong></span> <span class='ocrx_word' id='word_1_651' title='bbox 907 2447 972 2479; x_wconf 84' lang='lat' dir='ltr'><strong>quae</strong></span> <span class='ocrx_word' id='word_1_652' title='bbox 987 2443 1032 2469; x_wconf 88' lang='lat' dir='ltr'><strong>est</strong></span> 
     </span>
    </p>
   </div>
   <div class='ocr_carea' id='block_1_83' title="bbox 207 2482 1032 2523">
    <p class='ocr_par' dir='ltr' id='par_1_83' title="bbox 207 2482 1032 2523">
     <span class='ocr_line' id='line_1_83' title="bbox 207 2482 1032 2523; baseline 0.001 -11"><span class='ocrx_word' id='word_1_653' title='bbox 207 2483 238 2513; x_wconf 91' lang='lat' dir='ltr'><strong>in</strong></span> <span class='ocrx_word' id='word_1_654' title='bbox 253 2482 360 2514; x_wconf 89' lang='lat' dir='ltr'><strong>Deum.</strong></span> <span class='ocrx_word' id='word_1_655' title='bbox 377 2482 483 2514; x_wconf 90' lang='lat' dir='ltr'><strong>Videte</strong></span> <span class='ocrx_word' id='word_1_656' title='bbox 509 2483 609 2522; x_wconf 83' lang='lat' dir='ltr'><strong>igitur,</strong></span> <span class='ocrx_word' id='word_1_657' title='bbox 626 2482 734 2522; x_wconf 89' lang='lat' dir='ltr'><strong>inquit,</strong></span> <span class='ocrx_word' id='word_1_658' title='bbox 752 2492 790 2513; x_wconf 91' lang='lat' dir='ltr'><strong>ne</strong></span> <span class='ocrx_word' id='word_1_659' title='bbox 810 2483 927 2523; x_wconf 84' lang='lat' dir='ltr'><strong>quando</strong></span> <span class='ocrx_word' id='word_1_660' title='bbox 943 2483 982 2513; x_wconf 91' lang='lat' dir='ltr'><strong>sit</strong></span> <span class='ocrx_word' id='word_1_661' title='bbox 999 2482 1032 2513; x_wconf 85' lang='lat' dir='ltr'><strong>in</strong></span> 
     </span>
    </p>
   </div>
   <div class='ocr_carea' id='block_1_84' title="bbox 206 2526 1032 2568">
    <p class='ocr_par' dir='ltr' id='par_1_84' title="bbox 206 2526 1032 2568">
     <span class='ocr_line' id='line_1_84' title="bbox 206 2526 1032 2568; baseline -0.001 -9"><span class='ocrx_word' id='word_1_662' title='bbox 206 2527 306 2568; x_wconf 81' lang='lat' dir='ltr'><strong>aliquo</strong></span> <span class='ocrx_word' id='word_1_663' title='bbox 320 2532 451 2559; x_wconf 89' lang='lat' dir='ltr'><strong>vestrum</strong></span> <span class='ocrx_word' id='word_1_664' title='bbox 469 2536 520 2558; x_wconf 85' lang='lat' dir='ltr'><strong>cor</strong></span> <span class='ocrx_word' id='word_1_665' title='bbox 540 2535 662 2567; x_wconf 84' lang='lat' dir='ltr'><strong>pravum</strong></span> <span class='ocrx_word' id='word_1_666' title='bbox 675 2527 863 2558; x_wconf 88' lang='lat' dir='ltr'><strong>incredulum</strong></span> <span class='ocrx_word' id='word_1_667' title='bbox 875 2539 881 2557; x_wconf 90' lang='lat'>:</span> <span class='ocrx_word' id='word_1_668' title='bbox 895 2526 1032 2558; x_wconf 85' lang='lat' dir='ltr'><strong>incredu-</strong></span> 
     </span>
    </p>
   </div>
   <div class='ocr_carea' id='block_1_85' title="bbox 207 2571 1030 2604">
    <p class='ocr_par' dir='ltr' id='par_1_85' title="bbox 207 2571 1030 2604">
     <span class='ocr_line' id='line_1_85' title="bbox 207 2571 1030 2604; baseline 0 -2"><span class='ocrx_word' id='word_1_669' title='bbox 207 2571 319 2604; x_wconf 82' lang='lat' dir='ltr'><strong>litatem</strong></span> <span class='ocrx_word' id='word_1_670' title='bbox 332 2581 402 2603; x_wconf 90' lang='lat' dir='ltr'><strong>vero</strong></span> <span class='ocrx_word' id='word_1_671' title='bbox 415 2572 484 2603; x_wconf 91' lang='lat' dir='ltr'><strong>dico</strong></span> <span class='ocrx_word' id='word_1_672' title='bbox 499 2571 670 2603; x_wconf 86' lang='lat' dir='ltr'><strong>desciscere</strong></span> <span class='ocrx_word' id='word_1_673' title='bbox 693 2581 711 2602; x_wconf 86' lang='lat' dir='ltr'><strong>a</strong></span> <span class='ocrx_word' id='word_1_674' title='bbox 733 2572 793 2603; x_wconf 89' lang='lat' dir='ltr'><strong>Deo</strong></span> <span class='ocrx_word' id='word_1_675' title='bbox 808 2571 933 2603; x_wconf 86' lang='lat' dir='ltr'><strong>vivente.</strong></span> <span class='ocrx_word' id='word_1_676' title='bbox 950 2573 1030 2603; x_wconf 88' lang='lat' dir='ltr'><strong>Bene</strong></span> 
     </span>
    </p>
   </div>
   <div class='ocr_carea' id='block_1_86' title="bbox 206 2616 1031 2657">
    <p class='ocr_par' dir='ltr' id='par_1_86' title="bbox 206 2616 1031 2657">
     <span class='ocr_line' id='line_1_86' title="bbox 206 2616 1031 2657; baseline -0.001 -10"><span class='ocrx_word' id='word_1_677' title='bbox 206 2619 307 2648; x_wconf 87' lang='lat' dir='ltr'><strong>autem</strong></span> <span class='ocrx_word' id='word_1_678' title='bbox 321 2617 377 2648; x_wconf 88' lang='lat' dir='ltr'><strong>ait:</strong></span> <span class='ocrx_word' id='word_1_679' title='bbox 395 2617 453 2648; x_wconf 92' lang='lat' dir='ltr'><strong>Cor</strong></span> <span class='ocrx_word' id='word_1_680' title='bbox 468 2625 591 2657; x_wconf 84' lang='lat' dir='ltr'><strong>pravum</strong></span> <span class='ocrx_word' id='word_1_681' title='bbox 609 2616 812 2648; x_wconf 89' lang='lat' dir='ltr'><strong>incredulum.</strong></span> <span class='ocrx_word' id='word_1_682' title='bbox 839 2619 890 2648; x_wconf 92' lang='lat' dir='ltr'><strong>Est</strong></span> <span class='ocrx_word' id='word_1_683' title='bbox 906 2617 985 2647; x_wconf 89' lang='lat' dir='ltr'><strong>enim</strong></span> <span class='ocrx_word' id='word_1_684' title='bbox 1002 2619 1031 2646; x_wconf 91' lang='lat' dir='ltr'><strong>et</strong></span> 
     </span>
    </p>
   </div>
   <div class='ocr_carea' id='block_1_87' title="bbox 206 2660 1031 2702">
    <p class='ocr_par' dir='ltr' id='par_1_87' title="bbox 206 2660 1031 2702">
     <span class='ocr_line' id='line_1_87' title="bbox 206 2660 1031 2702; baseline -0.001 -10"><span class='ocrx_word' id='word_1_685' title='bbox 206 2670 258 2693; x_wconf 89' lang='lat' dir='ltr'><strong>cor</strong></span> <span class='ocrx_word' id='word_1_686' title='bbox 269 2661 381 2693; x_wconf 88' lang='lat' dir='ltr'><strong>bonum</strong></span> <span class='ocrx_word' id='word_1_687' title='bbox 396 2661 598 2702; x_wconf 86' lang='lat' dir='ltr'><strong>incredulum,</strong></span> <span class='ocrx_word' id='word_1_688' title='bbox 610 2662 694 2702; x_wconf 81' lang='lat' dir='ltr'><strong>juxta</strong></span> <span class='ocrx_word' id='word_1_689' title='bbox 708 2661 781 2692; x_wconf 91' lang='lat' dir='ltr'><strong>illud</strong></span> <span class='ocrx_word' id='word_1_690' title='bbox 801 2672 807 2693; x_wconf 92' lang='lat'>:</span> <span class='ocrx_word' id='word_1_691' title='bbox 820 2660 864 2692; x_wconf 90' lang='lat' dir='ltr'><strong>Ne</strong></span> <span class='ocrx_word' id='word_1_692' title='bbox 877 2661 958 2693; x_wconf 90' lang='lat' dir='ltr'><strong>omni</strong></span> <span class='ocrx_word' id='word_1_693' title='bbox 969 2661 1031 2701; x_wconf 91' lang='lat' dir='ltr'><strong>spi-</strong></span> 
     </span>
    </p>
   </div>
   <div class='ocr_carea' id='block_1_88' title="bbox 205 2705 1030 2747">
    <p class='ocr_par' dir='ltr' id='par_1_88' title="bbox 205 2705 1030 2747">
     <span class='ocr_line' id='line_1_88' title="bbox 205 2705 1030 2747; baseline -0.001 -10"><span class='ocrx_word' id='word_1_694' title='bbox 205 2706 277 2738; x_wconf 87' lang='lat' dir='ltr'><strong>ritui</strong></span> <span class='ocrx_word' id='word_1_695' title='bbox 294 2705 493 2747; x_wconf 88' lang='lat' dir='ltr'><strong>credideritis,</strong></span> <span class='ocrx_word' id='word_1_696' title='bbox 524 2706 576 2737; x_wconf 91' lang='lat' dir='ltr'><strong>sed</strong></span> <span class='ocrx_word' id='word_1_697' title='bbox 600 2706 724 2747; x_wconf 90' lang='lat' dir='ltr'><strong>probate</strong></span> <span class='ocrx_word' id='word_1_698' title='bbox 749 2706 883 2747; x_wconf 89' lang='lat' dir='ltr'><strong>spiritus,</strong></span> <span class='ocrx_word' id='word_1_699' title='bbox 909 2715 978 2736; x_wconf 92' lang='lat' dir='ltr'><strong>num</strong></span> <span class='ocrx_word' id='word_1_700' title='bbox 994 2714 1030 2736; x_wconf 79' lang='lat' dir='ltr'><strong>ex</strong></span> 
     </span>
    </p>
   </div>
   <div class='ocr_carea' id='block_1_89' title="bbox 244 2790 561 2830">
    <p class='ocr_par' dir='ltr' id='par_1_89' title="bbox 244 2790 561 2830">
     <span class='ocr_line' id='line_1_89' title="bbox 244 2790 561 2830; baseline -0.003 -6"><span class='ocrx_word' id='word_1_701' title='bbox 244 2790 274 2817; x_wconf 72' lang='grc'>⁸³</span> <span class='ocrx_word' id='word_1_702' title='bbox 287 2791 367 2824; x_wconf 84' lang='lat' dir='ltr'><strong>Psal.</strong></span> <span class='ocrx_word' id='word_1_703' title='bbox 384 2799 494 2830; x_wconf 82' lang='lat' dir='ltr'><strong>Lxxvu,</strong></span> <span class='ocrx_word' id='word_1_704' title='bbox 515 2791 561 2824; x_wconf 86' lang='lat' dir='ltr'><strong>l9.</strong></span> 
     </span>
    </p>
   </div>
   <div class='ocr_carea' id='block_1_90' title="bbox 1041 1543 1892 1589">
    <p class='ocr_par' dir='ltr' id='par_1_90' title="bbox 1041 1543 1892 1589">
     <span class='ocr_line' id='line_1_90' title="bbox 1041 1543 1892 1589; baseline 0.004 -17"><span class='ocrx_word' id='word_1_705' title='bbox 1041 1564 1060 1589; x_wconf 64' lang='grc' dir='ltr'>α</span> <span class='ocrx_word' id='word_1_706' title='bbox 1074 1543 1144 1589; x_wconf 76' lang='grc' dir='ltr'>λύπη</span> <span class='ocrx_word' id='word_1_707' title='bbox 1182 1547 1225 1573; x_wconf 82' lang='grc' dir='ltr'>καὶ</span> <span class='ocrx_word' id='word_1_708' title='bbox 1249 1545 1325 1580; x_wconf 73' lang='grc' dir='ltr'>οόύνη</span> <span class='ocrx_word' id='word_1_709' title='bbox 1356 1548 1398 1575; x_wconf 79' lang='grc' dir='ltr'>καὶ</span> <span class='ocrx_word' id='word_1_710' title='bbox 1426 1548 1582 1587; x_wconf 79' lang='grc' dir='ltr'>στεναγμός.</span> <span class='ocrx_word' id='word_1_711' title='bbox 1606 1551 1708 1581; x_wconf 78' lang='grc' dir='ltr'>Ταῦτης</span> <span class='ocrx_word' id='word_1_712' title='bbox 1743 1547 1802 1584; x_wconf 80' lang='grc' dir='ltr'>οὖν,</span> <span class='ocrx_word' id='word_1_713' title='bbox 1832 1549 1892 1588; x_wconf 77' lang='grc' dir='ltr'>φησὶ</span> 
     </span>
    </p>
   </div>
   <div class='ocr_carea' id='block_1_91' title="bbox 1077 1588 1742 1631">
    <p class='ocr_par' dir='ltr' id='par_1_91' title="bbox 1077 1588 1742 1631">
     <span class='ocr_line' id='line_1_91' title="bbox 1077 1588 1742 1631; baseline 0.006 -15"><span class='ocrx_word' id='word_1_714' title='bbox 1077 1588 1188 1626; x_wconf 82' lang='grc' dir='ltr'>μέλλετε</span> <span class='ocrx_word' id='word_1_715' title='bbox 1210 1593 1356 1630; x_wconf 79' lang='grc' dir='ltr'>στερεῖσθαι</span> <span class='ocrx_word' id='word_1_716' title='bbox 1370 1592 1558 1627; x_wconf 70' lang='grc' dir='ltr'>ἀπειθήσαντες</span> <span class='ocrx_word' id='word_1_717' title='bbox 1573 1595 1612 1629; x_wconf 85' lang='grc' dir='ltr'>τῷ</span> <span class='ocrx_word' id='word_1_718' title='bbox 1627 1594 1742 1631; x_wconf 81' lang='grc' dir='ltr'>Χριστῷ.</span> 
     </span>
    </p>
   </div>
   <div class='ocr_carea' id='block_1_92' title="bbox 1118 1634 1893 1675">
    <p class='ocr_par' dir='ltr' id='par_1_92' title="bbox 1118 1634 1893 1675">
     <span class='ocr_line' id='line_1_92' title="bbox 1118 1634 1893 1675; baseline 0.003 -13"><span class='ocrx_word' id='word_1_719' title='bbox 1118 1645 1129 1662; x_wconf 80' lang='grc' dir='ltr'>ι</span> <span class='ocrx_word' id='word_1_720' title='bbox 1148 1634 1273 1671; x_wconf 77' lang='grc' dir='ltr'>Βλέπετε,</span> <span class='ocrx_word' id='word_1_721' title='bbox 1302 1635 1417 1675; x_wconf 74' lang='grc' dir='ltr'><strong>ἀδελφοὶ,</strong></span> <span class='ocrx_word' id='word_1_722' title='bbox 1435 1637 1473 1674; x_wconf 78' lang='grc' dir='ltr'>μὴ</span> <span class='ocrx_word' id='word_1_723' title='bbox 1497 1647 1561 1664; x_wconf 87' lang='grc' dir='ltr'>ποτε</span> <span class='ocrx_word' id='word_1_724' title='bbox 1592 1636 1664 1664; x_wconf 76' lang='grc' dir='ltr'>ἔσται</span> <span class='ocrx_word' id='word_1_725' title='bbox 1686 1636 1713 1664; x_wconf 85' lang='grc' dir='ltr'><strong>ἐν</strong></span> <span class='ocrx_word' id='word_1_726' title='bbox 1746 1647 1799 1664; x_wconf 89' lang='grc' dir='ltr'>τινι</span> <span class='ocrx_word' id='word_1_727' title='bbox 1824 1638 1893 1675; x_wconf 69' lang='grc' dir='ltr'>ὑμῶν</span> 
     </span>
    </p>
   </div>
   <div class='ocr_carea' id='block_1_93' title="bbox 1073 1677 1893 1719">
    <p class='ocr_par' dir='ltr' id='par_1_93' title="bbox 1073 1677 1893 1719">
     <span class='ocr_line' id='line_1_93' title="bbox 1073 1677 1893 1719; baseline 0.005 -13"><span class='ocrx_word' id='word_1_728' title='bbox 1073 1677 1163 1718; x_wconf 79' lang='grc' dir='ltr'>καρδία</span> <span class='ocrx_word' id='word_1_729' title='bbox 1198 1681 1301 1719; x_wconf 69' lang='grc' dir='ltr'>πονηρὰ</span> <span class='ocrx_word' id='word_1_730' title='bbox 1342 1681 1461 1713; x_wconf 77' lang='grc' dir='ltr'>ἀπιστίας</span> <span class='ocrx_word' id='word_1_731' title='bbox 1509 1681 1536 1708; x_wconf 84' lang='grc' dir='ltr'><strong>ἐν</strong></span> <span class='ocrx_word' id='word_1_732' title='bbox 1571 1684 1610 1718; x_wconf 88' lang='grc' dir='ltr'>τῷ</span> <span class='ocrx_word' id='word_1_733' title='bbox 1648 1681 1797 1714; x_wconf 79' lang='grc' dir='ltr'>ἀποστῆναι</span> <span class='ocrx_word' id='word_1_734' title='bbox 1844 1683 1893 1710; x_wconf 75' lang='grc' dir='ltr'><strong>ἀπὸ</strong></span> 
     </span>
    </p>
   </div>
   <div class='ocr_carea' id='block_1_94' title="bbox 1075 1724 1893 1764">
    <p class='ocr_par' dir='ltr' id='par_1_94' title="bbox 1075 1724 1893 1764">
     <span class='ocr_line' id='line_1_94' title="bbox 1075 1724 1893 1764; baseline 0.005 -14"><span class='ocrx_word' id='word_1_735' title='bbox 1075 1726 1139 1750; x_wconf 78' lang='grc' dir='ltr'>Θεοῦ</span> <span class='ocrx_word' id='word_1_736' title='bbox 1180 1727 1287 1759; x_wconf 78' lang='grc' dir='ltr'>ζῶντος.</span> <span class='ocrx_word' id='word_1_737' title='bbox 1331 1724 1414 1753; x_wconf 82' lang='grc' dir='ltr'>Ἀλλὰ</span> <span class='ocrx_word' id='word_1_738' title='bbox 1455 1724 1634 1764; x_wconf 72' lang='grc' dir='ltr'>παρακαλεῖτε</span> <span class='ocrx_word' id='word_1_739' title='bbox 1686 1726 1794 1757; x_wconf 77' lang='grc' dir='ltr'>ἑαυτοὺς</span> <span class='ocrx_word' id='word_1_740' title='bbox 1839 1725 1893 1754; x_wconf 76' lang='grc' dir='ltr'>καθ’</span> 
     </span>
    </p>
   </div>
   <div class='ocr_carea' id='block_1_95' title="bbox 1075 1767 1892 1809">
    <p class='ocr_par' dir='ltr' id='par_1_95' title="bbox 1075 1767 1892 1809">
     <span class='ocr_line' id='line_1_95' title="bbox 1075 1767 1892 1809; baseline 0.002 -14"><span class='ocrx_word' id='word_1_741' title='bbox 1075 1767 1188 1800; x_wconf 79' lang='grc' dir='ltr'>ἑκάστην</span> <span class='ocrx_word' id='word_1_742' title='bbox 1224 1769 1336 1809; x_wconf 75' lang='grc' dir='ltr'><strong>ἡμέραν⁷</strong></span> <span class='ocrx_word' id='word_1_743' title='bbox 1366 1770 1444 1809; x_wconf 73' lang='grc' dir='ltr'>ἄχρις</span> <span class='ocrx_word' id='word_1_744' title='bbox 1482 1771 1511 1798; x_wconf 81' lang='grc' dir='ltr'>οὗ</span> <span class='ocrx_word' id='word_1_745' title='bbox 1558 1771 1588 1798; x_wconf 78' lang='grc' dir='ltr'>τὸ</span> <span class='ocrx_word' id='word_1_746' title='bbox 1616 1771 1731 1809; x_wconf 77' lang='grc' dir='ltr'>σήμερον</span> <span class='ocrx_word' id='word_1_747' title='bbox 1758 1770 1892 1807; x_wconf 77' lang='grc' dir='ltr'>καλεῖται,</span> 
     </span>
    </p>
   </div>
   <div class='ocr_carea' id='block_1_96' title="bbox 1074 1811 1895 1854">
    <p class='ocr_par' dir='ltr' id='par_1_96' title="bbox 1074 1811 1895 1854">
     <span class='ocr_line' id='line_1_96' title="bbox 1074 1811 1895 1854; baseline 0.005 -15"><span class='ocrx_word' id='word_1_748' title='bbox 1074 1811 1118 1839; x_wconf 66' lang='grc' dir='ltr'>ἵνα</span> <span class='ocrx_word' id='word_1_749' title='bbox 1146 1813 1184 1849; x_wconf 84' lang='grc' dir='ltr'>μὴ</span> <span class='ocrx_word' id='word_1_750' title='bbox 1214 1813 1361 1853; x_wconf 75' lang='grc' dir='ltr'>σκληρυνθῇ</span> <span class='ocrx_word' id='word_1_751' title='bbox 1386 1814 1410 1847; x_wconf 78' lang='grc' dir='ltr'><strong>ἐξ</strong></span> <span class='ocrx_word' id='word_1_752' title='bbox 1444 1815 1516 1851; x_wconf 78' lang='grc' dir='ltr'>ὑμῶν</span> <span class='ocrx_word' id='word_1_753' title='bbox 1545 1825 1584 1846; x_wconf 84' lang='grc' dir='ltr'><strong>τις</strong></span> <span class='ocrx_word' id='word_1_754' title='bbox 1612 1814 1701 1848; x_wconf 77' lang='grc' dir='ltr'>ἀπάτη</span> <span class='ocrx_word' id='word_1_755' title='bbox 1737 1815 1786 1848; x_wconf 67' lang='grc' dir='ltr'><strong>τῆς</strong></span> <span class='ocrx_word' id='word_1_756' title='bbox 1816 1816 1895 1854; x_wconf 75' lang='grc' dir='ltr'>ἁμαρ·</span> 
     </span>
    </p>
   </div>
   <div class='ocr_carea' id='block_1_97' title="bbox 1074 1857 1893 1898">
    <p class='ocr_par' dir='ltr' id='par_1_97' title="bbox 1074 1857 1893 1898">
     <span class='ocr_line' id='line_1_97' title="bbox 1074 1857 1893 1898; baseline 0.002 -14"><span class='ocrx_word' id='word_1_757' title='bbox 1074 1857 1140 1887; x_wconf 76' lang='grc' dir='ltr'>τίας.</span> <span class='ocrx_word' id='word_1_758' title='bbox 1171 1857 1287 1897; x_wconf 75' lang='grc' dir='ltr'>Μέτοχοι</span> <span class='ocrx_word' id='word_1_759' title='bbox 1320 1860 1369 1897; x_wconf 77' lang='grc' dir='ltr'>γὰρ</span> <span class='ocrx_word' id='word_1_760' title='bbox 1395 1859 1540 1898; x_wconf 77' lang='grc' dir='ltr'>γεγόναμεν</span> <span class='ocrx_word' id='word_1_761' title='bbox 1576 1862 1621 1886; x_wconf 72' lang='grc' dir='ltr'>τοῦ</span> <span class='ocrx_word' id='word_1_762' title='bbox 1648 1862 1772 1897; x_wconf 54' lang='grc' dir='ltr'>Χριστοῦ,</span> <span class='ocrx_word' id='word_1_763' title='bbox 1799 1860 1893 1898; x_wconf 80' lang='grc' dir='ltr'>ἐάνπερ</span> 
     </span>
    </p>
   </div>
   <div class='ocr_carea' id='block_1_98' title="bbox 1075 1901 1893 1942">
    <p class='ocr_par' dir='ltr' id='par_1_98' title="bbox 1075 1901 1893 1942">
     <span class='ocr_line' id='line_1_98' title="bbox 1075 1901 1893 1942; baseline 0.004 -14"><span class='ocrx_word' id='word_1_764' title='bbox 1075 1901 1123 1933; x_wconf 76' lang='grc' dir='ltr'><strong>τὴν</strong></span> <span class='ocrx_word' id='word_1_765' title='bbox 1157 1902 1245 1942; x_wconf 72' lang='grc' dir='ltr'>ἆρχὴν</span> <span class='ocrx_word' id='word_1_766' title='bbox 1287 1905 1334 1936; x_wconf 80' lang='grc' dir='ltr'>τῆς</span> <span class='ocrx_word' id='word_1_767' title='bbox 1362 1904 1529 1934; x_wconf 71' lang='grc' dir='ltr'>ὑποστάσεως</span> <span class='ocrx_word' id='word_1_768' title='bbox 1558 1903 1638 1942; x_wconf 81' lang='grc' dir='ltr'>μέχρι</span> <span class='ocrx_word' id='word_1_769' title='bbox 1669 1903 1760 1934; x_wconf 78' lang='grc' dir='ltr'>τέλους</span> <span class='ocrx_word' id='word_1_770' title='bbox 1789 1903 1893 1941; x_wconf 72' lang='grc' dir='ltr'>βεϐαίαν</span> 
     </span>
    </p>
   </div>
   <div class='ocr_carea' id='block_1_99' title="bbox 1076 1946 1891 1987">
    <p class='ocr_par' dir='ltr' id='par_1_99' title="bbox 1076 1946 1891 1987">
     <span class='ocr_line' id='line_1_99' title="bbox 1076 1946 1891 1987; baseline 0.004 -14"><span class='ocrx_word' id='word_1_771' title='bbox 1076 1946 1266 1987; x_wconf 69' lang='grc' dir='ltr'>κατάσχωμεν,</span> <span class='ocrx_word' id='word_1_772' title='bbox 1302 1949 1329 1975; x_wconf 80' lang='lat' dir='ltr'><strong>&#39;ev</strong></span> <span class='ocrx_word' id='word_1_773' title='bbox 1358 1952 1395 1985; x_wconf 80' lang='grc' dir='ltr'>τῷ</span> <span class='ocrx_word' id='word_1_774' title='bbox 1423 1947 1571 1987; x_wconf 77' lang='grc' dir='ltr'>λέγεσθαι·</span> <span class='ocrx_word' id='word_1_775' title='bbox 1604 1951 1724 1987; x_wconf 74' lang='grc' dir='ltr'>Σγμερον</span> <span class='ocrx_word' id='word_1_776' title='bbox 1769 1947 1814 1976; x_wconf 77' lang='grc' dir='ltr'>ἐὰν</span> <span class='ocrx_word' id='word_1_777' title='bbox 1846 1951 1891 1981; x_wconf 77' lang='grc' dir='ltr'><strong>τῆς</strong></span> 
     </span>
    </p>
   </div>
   <div class='ocr_carea' id='block_1_100' title="bbox 1076 1991 1892 2032">
    <p class='ocr_par' dir='ltr' id='par_1_100' title="bbox 1076 1991 1892 2032">
     <span class='ocr_line' id='line_1_100' title="bbox 1076 1991 1892 2032; baseline 0.002 -14"><span class='ocrx_word' id='word_1_778' title='bbox 1076 1991 1164 2029; x_wconf 71' lang='grc' dir='ltr'>φωνῆς</span> <span class='ocrx_word' id='word_1_779' title='bbox 1179 1991 1257 2020; x_wconf 66' lang='grc' dir='ltr'><strong>αὒτοῦ</strong></span> <span class='ocrx_word' id='word_1_780' title='bbox 1281 1992 1422 2032; x_wconf 68' lang='grc' dir='ltr'>ἀκούσητε,</span> <span class='ocrx_word' id='word_1_781' title='bbox 1452 1994 1491 2030; x_wconf 82' lang='grc' dir='ltr'>μὴ</span> <span class='ocrx_word' id='word_1_782' title='bbox 1519 1991 1682 2031; x_wconf 75' lang='grc' dir='ltr'>σκληρύνητε</span> <span class='ocrx_word' id='word_1_783' title='bbox 1710 1993 1758 2023; x_wconf 72' lang='grc' dir='ltr'><strong>τὰς</strong></span> <span class='ocrx_word' id='word_1_784' title='bbox 1788 1992 1892 2032; x_wconf 76' lang='grc' dir='ltr'>καρδίας</span> 
     </span>
    </p>
   </div>
   <div class='ocr_carea' id='block_1_101' title="bbox 1073 2035 1589 2077">
    <p class='ocr_par' dir='ltr' id='par_1_101' title="bbox 1073 2035 1589 2077">
     <span class='ocr_line' id='line_1_101' title="bbox 1073 2035 1589 2077; baseline 0.006 -15"><span class='ocrx_word' id='word_1_785' title='bbox 1073 2035 1146 2072; x_wconf 74' lang='grc' dir='ltr'>ὑμῶν</span> <span class='ocrx_word' id='word_1_786' title='bbox 1168 2037 1204 2067; x_wconf 87' lang='grc' dir='ltr'>ὡς</span> <span class='ocrx_word' id='word_1_787' title='bbox 1227 2036 1252 2064; x_wconf 77' lang='grc' dir='ltr'>ἐν</span> <span class='ocrx_word' id='word_1_788' title='bbox 1269 2041 1306 2073; x_wconf 82' lang='grc' dir='ltr'>τῷ</span> <span class='ocrx_word' id='word_1_789' title='bbox 1327 2039 1550 2077; x_wconf 74' lang='grc' dir='ltr'>παραπικρασμῷ.</span> <span class='ocrx_word' id='word_1_790' title='bbox 1579 2049 1589 2064; x_wconf 75' lang='grc' dir='ltr'><strong>ι</strong></span> 
     </span>
    </p>
   </div>
   <div class='ocr_carea' id='block_1_102' title="bbox 1114 2078 1893 2121">
    <p class='ocr_par' dir='ltr' id='par_1_102' title="bbox 1114 2078 1893 2121">
     <span class='ocr_line' id='line_1_102' title="bbox 1114 2078 1893 2121; baseline 0.003 -14"><span class='ocrx_word' id='word_1_791' title='bbox 1114 2078 1259 2113; x_wconf 75' lang='grc' dir='ltr'>Φοϐοὖντος</span> <span class='ocrx_word' id='word_1_792' title='bbox 1287 2082 1317 2109; x_wconf 79' lang='grc' dir='ltr'>τὸ</span> <span class='ocrx_word' id='word_1_793' title='bbox 1358 2082 1441 2120; x_wconf 80' lang='grc' dir='ltr'>ῥῆμα,</span> <span class='ocrx_word' id='word_1_794' title='bbox 1492 2081 1617 2118; x_wconf 80' lang='grc' dir='ltr'>Βλέπετε,</span> <span class='ocrx_word' id='word_1_795' title='bbox 1647 2082 1722 2121; x_wconf 76' lang='grc' dir='ltr'>φησὶ,</span> <span class='ocrx_word' id='word_1_796' title='bbox 1780 2082 1819 2119; x_wconf 75' lang='grc' dir='ltr'>μὴ</span> <span class='ocrx_word' id='word_1_797' title='bbox 1852 2083 1893 2109; x_wconf 78' lang='grc' dir='ltr'>καὶ</span> 
     </span>
    </p>
   </div>
   <div class='ocr_carea' id='block_1_103' title="bbox 1072 2124 1892 2166">
    <p class='ocr_par' dir='ltr' id='par_1_103' title="bbox 1072 2124 1892 2166">
     <span class='ocr_line' id='line_1_103' title="bbox 1072 2124 1892 2166; baseline 0.002 -15"><span class='ocrx_word' id='word_1_798' title='bbox 1072 2124 1149 2161; x_wconf 79' lang='grc' dir='ltr'>ὑμεῖς</span> <span class='ocrx_word' id='word_1_799' title='bbox 1165 2124 1206 2152; x_wconf 78' lang='grc' dir='ltr'><strong>διὰ</strong></span> <span class='ocrx_word' id='word_1_800' title='bbox 1234 2125 1283 2158; x_wconf 77' lang='grc' dir='ltr'>τὴν</span> <span class='ocrx_word' id='word_1_801' title='bbox 1312 2126 1433 2154; x_wconf 78' lang='grc' dir='ltr'>ἀπιστίαν</span> <span class='ocrx_word' id='word_1_802' title='bbox 1457 2128 1608 2166; x_wconf 86' lang='grc' dir='ltr'>στηρηΟῆτε</span> <span class='ocrx_word' id='word_1_803' title='bbox 1624 2129 1672 2159; x_wconf 78' lang='grc' dir='ltr'>τῆς</span> <span class='ocrx_word' id='word_1_804' title='bbox 1693 2125 1777 2158; x_wconf 75' lang='grc' dir='ltr'>ὅντως</span> <span class='ocrx_word' id='word_1_805' title='bbox 1795 2136 1803 2166; x_wconf 77' lang='grc'>;</span> <span class='ocrx_word' id='word_1_806' title='bbox 1828 2126 1892 2153; x_wconf 81' lang='grc' dir='ltr'>ἀνα-</span> 
     </span>
    </p>
   </div>
   <div class='ocr_carea' id='block_1_104' title="bbox 1073 2169 1891 2210">
    <p class='ocr_par' dir='ltr' id='par_1_104' title="bbox 1073 2169 1891 2210">
     <span class='ocr_line' id='line_1_104' title="bbox 1073 2169 1891 2210; baseline 0.001 -14"><span class='ocrx_word' id='word_1_807' title='bbox 1073 2169 1206 2206; x_wconf 84' lang='grc' dir='ltr'>παύσεως,</span> <span class='ocrx_word' id='word_1_808' title='bbox 1242 2173 1290 2203; x_wconf 77' lang='grc' dir='ltr'><strong>τῆς</strong></span> <span class='ocrx_word' id='word_1_809' title='bbox 1325 2171 1458 2208; x_wconf 74' lang='grc' dir='ltr'>βασιλείας</span> <span class='ocrx_word' id='word_1_810' title='bbox 1503 2174 1555 2199; x_wconf 74' lang='grc' dir='ltr'>τῶν</span> <span class='ocrx_word' id='word_1_811' title='bbox 1584 2173 1709 2210; x_wconf 63' lang='grc' dir='ltr'>οὐρανῶν.</span> <span class='ocrx_word' id='word_1_812' title='bbox 1757 2181 1768 2197; x_wconf 84' lang='grc'><em>‹</em></span> <span class='ocrx_word' id='word_1_813' title='bbox 1799 2169 1891 2210; x_wconf 71' lang='grc' dir='ltr'>Καρδία</span> 
     </span>
    </p>
   </div>
   <div class='ocr_carea' id='block_1_105' title="bbox 1073 2214 1891 2256">
    <p class='ocr_par' dir='ltr' id='par_1_105' title="bbox 1073 2214 1891 2256">
     <span class='ocr_line' id='line_1_105' title="bbox 1073 2214 1891 2256; baseline -0.005 -10"><span class='ocrx_word' id='word_1_814' title='bbox 1073 2214 1225 2256; x_wconf 41' lang='grc' dir='ltr'>πονηρά.)</span> <span class='ocrx_word' id='word_1_815' title='bbox 1258 2215 1356 2244; x_wconf 78' lang='grc' dir='ltr'>Πολλαὶ</span> <span class='ocrx_word' id='word_1_816' title='bbox 1392 2216 1438 2254; x_wconf 82' lang='grc' dir='ltr'>μέν</span> <span class='ocrx_word' id='word_1_817' title='bbox 1469 2217 1518 2244; x_wconf 80' lang='grc' dir='ltr'>εἰσι</span> <span class='ocrx_word' id='word_1_818' title='bbox 1545 2216 1646 2256; x_wconf 77' lang='grc' dir='ltr'>καρδίαι</span> <span class='ocrx_word' id='word_1_819' title='bbox 1687 2216 1802 2254; x_wconf 82' lang='grc' dir='ltr'>πονηραὶ</span> <span class='ocrx_word' id='word_1_820' title='bbox 1831 2215 1891 2243; x_wconf 80' lang='grc' dir='ltr'>ἀπι-</span> 
     </span>
    </p>
   </div>
   <div class='ocr_carea' id='block_1_106' title="bbox 1074 2254 1891 2301">
    <p class='ocr_par' dir='ltr' id='par_1_106' title="bbox 1074 2254 1891 2301">
     <span class='ocr_line' id='line_1_106' title="bbox 1074 2254 1891 2301; baseline 0.002 -15"><span class='ocrx_word' id='word_1_821' title='bbox 1074 2259 1158 2290; x_wconf 84' lang='grc' dir='ltr'>στίας,</span> <span class='ocrx_word' id='word_1_822' title='bbox 1195 2254 1274 2287; x_wconf 72' lang='grc' dir='ltr'>’Ἐστι</span> <span class='ocrx_word' id='word_1_823' title='bbox 1299 2261 1348 2300; x_wconf 81' lang='grc' dir='ltr'><strong>γὰρ</strong></span> <span class='ocrx_word' id='word_1_824' title='bbox 1382 2261 1474 2300; x_wconf 71' lang='grc' dir='ltr'>καρδία</span> <span class='ocrx_word' id='word_1_825' title='bbox 1502 2254 1605 2301; x_wconf 79' lang='grc' dir='ltr'>πονηρὰ</span> <span class='ocrx_word' id='word_1_826' title='bbox 1633 2261 1766 2296; x_wconf 79' lang='grc' dir='ltr'>ἀπιστίας,</span> <span class='ocrx_word' id='word_1_827' title='bbox 1799 2261 1829 2288; x_wconf 80' lang='grc' dir='ltr'>τὸ</span> <span class='ocrx_word' id='word_1_828' title='bbox 1855 2260 1891 2296; x_wconf 76' lang='grc' dir='ltr'>μὴ</span> 
     </span>
    </p>
   </div>
   <div class='ocr_carea' id='block_1_107' title="bbox 1073 2304 1889 2346">
    <p class='ocr_par' dir='ltr' id='par_1_107' title="bbox 1073 2304 1889 2346">
     <span class='ocr_line' id='line_1_107' title="bbox 1073 2304 1889 2346; baseline 0 -15"><span class='ocrx_word' id='word_1_829' title='bbox 1073 2305 1204 2332; x_wconf 77' lang='grc' dir='ltr'>πιστεύειν</span> <span class='ocrx_word' id='word_1_830' title='bbox 1217 2306 1296 2333; x_wconf 57' lang='lat' dir='ltr'><strong>nam</strong></span> <span class='ocrx_word' id='word_1_831' title='bbox 1327 2305 1398 2333; x_wconf 82' lang='grc' dir='ltr'>εἶναι</span> <span class='ocrx_word' id='word_1_832' title='bbox 1426 2307 1456 2333; x_wconf 79' lang='grc' dir='ltr'>τὸ</span> <span class='ocrx_word' id='word_1_833' title='bbox 1484 2306 1710 2346; x_wconf 71' lang='grc' dir='ltr'>φιλοχρηματεῖν,</span> <span class='ocrx_word' id='word_1_834' title='bbox 1742 2305 1773 2332; x_wconf 81' lang='grc' dir='ltr'><strong>τὸ</strong></span> <span class='ocrx_word' id='word_1_835' title='bbox 1799 2304 1889 2344; x_wconf 76' lang='grc' dir='ltr'>ἄρχειν</span> 
     </span>
    </p>
   </div>
   <div class='ocr_carea' id='block_1_108' title="bbox 1073 2347 1892 2391">
    <p class='ocr_par' dir='ltr' id='par_1_108' title="bbox 1073 2347 1892 2391">
     <span class='ocr_line' id='line_1_108' title="bbox 1073 2347 1892 2391; baseline 0.004 -16"><span class='ocrx_word' id='word_1_836' title='bbox 1073 2347 1181 2388; x_wconf 75' lang='grc' dir='ltr'>ὕϐρεως,</span> <span class='ocrx_word' id='word_1_837' title='bbox 1212 2350 1242 2376; x_wconf 82' lang='grc' dir='ltr'>τὸ</span> <span class='ocrx_word' id='word_1_838' title='bbox 1284 2350 1466 2390; x_wconf 70' lang='grc' dir='ltr'><strong>μεθύσκεσθαι⁷</strong></span> <span class='ocrx_word' id='word_1_839' title='bbox 1488 2352 1530 2379; x_wconf 80' lang='grc' dir='ltr'>καὶ</span> <span class='ocrx_word' id='word_1_840' title='bbox 1580 2351 1656 2391; x_wconf 85' lang='grc' dir='ltr'>μυρία</span> <span class='ocrx_word' id='word_1_841' title='bbox 1686 2349 1765 2379; x_wconf 74' lang='grc' dir='ltr'>ἄλλα.</span> <span class='ocrx_word' id='word_1_842' title='bbox 1796 2353 1892 2385; x_wconf 75' lang='grc' dir='ltr'>Μεῖζον</span> 
     </span>
    </p>
   </div>
   <div class='ocr_carea' id='block_1_109' title="bbox 1073 2392 1890 2435">
    <p class='ocr_par' dir='ltr' id='par_1_109' title="bbox 1073 2392 1890 2435">
     <span class='ocr_line' id='line_1_109' title="bbox 1073 2392 1890 2435; baseline 0.002 -15"><span class='ocrx_word' id='word_1_843' title='bbox 1073 2392 1099 2420; x_wconf 79' lang='grc' dir='ltr'><strong>δὲ</strong></span> <span class='ocrx_word' id='word_1_844' title='bbox 1130 2395 1172 2421; x_wconf 83' lang='grc' dir='ltr'><strong>καὶ</strong></span> <span class='ocrx_word' id='word_1_845' title='bbox 1200 2394 1372 2435; x_wconf 59' lang='grc' dir='ltr'>ὰσυγ-ιιρίτως,</span> <span class='ocrx_word' id='word_1_846' title='bbox 1403 2395 1494 2435; x_wconf 77' lang='grc' dir='ltr'>καρδία</span> <span class='ocrx_word' id='word_1_847' title='bbox 1523 2395 1576 2424; x_wconf 79' lang='grc' dir='ltr'>ἐστὶ</span> <span class='ocrx_word' id='word_1_848' title='bbox 1614 2396 1717 2434; x_wconf 68' lang='grc' dir='ltr'>πονηρὰ</span> <span class='ocrx_word' id='word_1_849' title='bbox 1758 2395 1890 2431; x_wconf 79' lang='grc' dir='ltr'>ἀπιστίας,</span> 
     </span>
    </p>
   </div>
   <div class='ocr_carea' id='block_1_110' title="bbox 1072 2438 1889 2480">
    <p class='ocr_par' dir='ltr' id='par_1_110' title="bbox 1072 2438 1889 2480">
     <span class='ocr_line' id='line_1_110' title="bbox 1072 2438 1889 2480; baseline 0.005 -15"><span class='ocrx_word' id='word_1_850' title='bbox 1072 2439 1089 2471; x_wconf 82' lang='grc' dir='ltr'><strong>ἡ</strong></span> <span class='ocrx_word' id='word_1_851' title='bbox 1124 2438 1288 2477; x_wconf 76' lang='grc' dir='ltr'>ἀφισταμένη</span> <span class='ocrx_word' id='word_1_852' title='bbox 1325 2439 1373 2473; x_wconf 72' lang='grc' dir='ltr'><strong>τῆς</strong></span> <span class='ocrx_word' id='word_1_853' title='bbox 1411 2440 1523 2472; x_wconf 79' lang='grc' dir='ltr'>πίστεως</span> <span class='ocrx_word' id='word_1_854' title='bbox 1552 2443 1602 2474; x_wconf 80' lang='grc' dir='ltr'>τῆς</span> <span class='ocrx_word' id='word_1_855' title='bbox 1637 2441 1703 2480; x_wconf 75' lang='grc' dir='ltr'>πρὸς</span> <span class='ocrx_word' id='word_1_856' title='bbox 1748 2440 1794 2467; x_wconf 80' lang='grc' dir='ltr'>τὸν</span> <span class='ocrx_word' id='word_1_857' title='bbox 1817 2444 1889 2469; x_wconf 86' lang='grc' dir='ltr'>Θεον.</span> 
     </span>
    </p>
   </div>
   <div class='ocr_carea' id='block_1_111' title="bbox 1074 2481 1891 2524">
    <p class='ocr_par' dir='ltr' id='par_1_111' title="bbox 1074 2481 1891 2524">
     <span class='ocr_line' id='line_1_111' title="bbox 1074 2481 1891 2524; baseline 0.005 -15"><span class='ocrx_word' id='word_1_858' title='bbox 1074 2481 1187 2510; x_wconf 73' lang='grc' dir='ltr'>Βλέπετε</span> <span class='ocrx_word' id='word_1_859' title='bbox 1210 2482 1264 2520; x_wconf 70' lang='grc' dir='ltr'>οὖν,</span> <span class='ocrx_word' id='word_1_860' title='bbox 1288 2485 1362 2522; x_wconf 68' lang='grc' dir='ltr'>φησὶ,</span> <span class='ocrx_word' id='word_1_861' title='bbox 1387 2484 1424 2521; x_wconf 82' lang='grc' dir='ltr'>μή</span> <span class='ocrx_word' id='word_1_862' title='bbox 1449 2495 1513 2512; x_wconf 84' lang='grc' dir='ltr'>ποτε</span> <span class='ocrx_word' id='word_1_863' title='bbox 1529 2484 1600 2513; x_wconf 82' lang='grc' dir='ltr'>ἕσται</span> <span class='ocrx_word' id='word_1_864' title='bbox 1625 2486 1652 2513; x_wconf 77' lang='grc' dir='ltr'>ἓν</span> <span class='ocrx_word' id='word_1_865' title='bbox 1673 2495 1723 2513; x_wconf 89' lang='grc' dir='ltr'>τινι</span> <span class='ocrx_word' id='word_1_866' title='bbox 1738 2485 1811 2522; x_wconf 76' lang='grc' dir='ltr'>ὑμῶν</span> <span class='ocrx_word' id='word_1_867' title='bbox 1826 2495 1891 2524; x_wconf 76' lang='grc' dir='ltr'>καρ-</span> 
     </span>
    </p>
   </div>
   <div class='ocr_carea' id='block_1_112' title="bbox 1073 2526 1889 2569">
    <p class='ocr_par' dir='ltr' id='par_1_112' title="bbox 1073 2526 1889 2569">
     <span class='ocr_line' id='line_1_112' title="bbox 1073 2526 1889 2569; baseline 0.004 -15"><span class='ocrx_word' id='word_1_868' title='bbox 1073 2526 1113 2554; x_wconf 77' lang='grc' dir='ltr'>δία</span> <span class='ocrx_word' id='word_1_869' title='bbox 1142 2528 1245 2567; x_wconf 79' lang='grc' dir='ltr'>πονηρὰ</span> <span class='ocrx_word' id='word_1_870' title='bbox 1282 2528 1418 2560; x_wconf 81' lang='grc' dir='ltr'>ἀπιστίας,</span> <span class='ocrx_word' id='word_1_871' title='bbox 1461 2527 1598 2562; x_wconf 82' lang='grc' dir='ltr'>Ἀπιστίας</span> <span class='ocrx_word' id='word_1_872' title='bbox 1635 2528 1662 2557; x_wconf 86' lang='grc' dir='ltr'><em>δέ</em></span> <span class='ocrx_word' id='word_1_873' title='bbox 1691 2540 1773 2569; x_wconf 78' lang='grc' dir='ltr'>φημι,</span> <span class='ocrx_word' id='word_1_874' title='bbox 1803 2531 1889 2569; x_wconf 75' lang='grc' dir='ltr'>φησὶ⁶</span> 
     </span>
    </p>
   </div>
   <div class='ocr_carea' id='block_1_113' title="bbox 1073 2571 1888 2614">
    <p class='ocr_par' dir='ltr' id='par_1_113' title="bbox 1073 2571 1888 2614">
     <span class='ocr_line' id='line_1_113' title="bbox 1073 2571 1888 2614; baseline 0.006 -15"><span class='ocrx_word' id='word_1_875' title='bbox 1073 2573 1122 2605; x_wconf 80' lang='grc' dir='ltr'>τῆς</span> <span class='ocrx_word' id='word_1_876' title='bbox 1148 2571 1300 2611; x_wconf 69' lang='grc' dir='ltr'>ἀφιστώσης</span> <span class='ocrx_word' id='word_1_877' title='bbox 1329 2573 1381 2601; x_wconf 81' lang='grc' dir='ltr'><strong>ἀπὸ</strong></span> <span class='ocrx_word' id='word_1_878' title='bbox 1418 2577 1482 2601; x_wconf 74' lang='grc' dir='ltr'>Θεοῦ</span> <span class='ocrx_word' id='word_1_879' title='bbox 1507 2575 1613 2609; x_wconf 82' lang='grc' dir='ltr'>ζῶντος.</span> <span class='ocrx_word' id='word_1_880' title='bbox 1653 2574 1746 2605; x_wconf 85' lang='grc' dir='ltr'>Καλῶς</span> <span class='ocrx_word' id='word_1_881' title='bbox 1772 2573 1800 2602; x_wconf 80' lang='grc' dir='ltr'><strong>δέ</strong></span> <span class='ocrx_word' id='word_1_882' title='bbox 1815 2585 1888 2614; x_wconf 71' lang='grc' dir='ltr'>φησι.</span> 
     </span>
    </p>
   </div>
   <div class='ocr_carea' id='block_1_114' title="bbox 1073 2613 1889 2659">
    <p class='ocr_par' dir='ltr' id='par_1_114' title="bbox 1073 2613 1889 2659">
     <span class='ocr_line' id='line_1_114' title="bbox 1073 2613 1889 2659; baseline 0.002 -14"><span class='ocrx_word' id='word_1_883' title='bbox 1073 2614 1169 2655; x_wconf 80' lang='grc' dir='ltr'>Καρδία</span> <span class='ocrx_word' id='word_1_884' title='bbox 1205 2618 1308 2656; x_wconf 75' lang='grc' dir='ltr'>πονηρὰ</span> <span class='ocrx_word' id='word_1_885' title='bbox 1349 2618 1483 2650; x_wconf 78' lang='grc' dir='ltr'>ἀπιστίας.</span> <span class='ocrx_word' id='word_1_886' title='bbox 1516 2613 1596 2647; x_wconf 72' lang='grc' dir='ltr'>’Ἐστι</span> <span class='ocrx_word' id='word_1_887' title='bbox 1638 2620 1688 2658; x_wconf 83' lang='grc' dir='ltr'><strong>γὰρ</strong></span> <span class='ocrx_word' id='word_1_888' title='bbox 1715 2619 1758 2647; x_wconf 78' lang='grc' dir='ltr'>καὶ</span> <span class='ocrx_word' id='word_1_889' title='bbox 1801 2613 1889 2659; x_wconf 74' lang='grc' dir='ltr'>καρδία</span> 
     </span>
    </p>
   </div>
   <div class='ocr_carea' id='block_1_115' title="bbox 1071 2661 1887 2702">
    <p class='ocr_par' dir='ltr' id='par_1_115' title="bbox 1071 2661 1887 2702">
     <span class='ocr_line' id='line_1_115' title="bbox 1071 2661 1887 2702; baseline 0.005 -14"><span class='ocrx_word' id='word_1_890' title='bbox 1071 2661 1157 2700; x_wconf 78' lang='grc' dir='ltr'><strong>ἀγαθὴ</strong></span> <span class='ocrx_word' id='word_1_891' title='bbox 1186 2661 1320 2700; x_wconf 68' lang='grc' dir='ltr'>ἀπιστίας,</span> <span class='ocrx_word' id='word_1_892' title='bbox 1349 2663 1385 2694; x_wconf 84' lang='grc' dir='ltr'>ὡς</span> <span class='ocrx_word' id='word_1_893' title='bbox 1432 2663 1473 2702; x_wconf 77' lang='grc' dir='ltr'><strong>τὸ⁷</strong></span> <span class='ocrx_word' id='word_1_894' title='bbox 1516 2674 1527 2691; x_wconf 74' lang='grc' dir='ltr'>α</span> <span class='ocrx_word' id='word_1_895' title='bbox 1558 2664 1602 2697; x_wconf 80' lang='grc' dir='ltr'><strong>Μὴ</strong></span> <span class='ocrx_word' id='word_1_896' title='bbox 1642 2665 1775 2692; x_wconf 82' lang='grc' dir='ltr'>πιστεύετε</span> <span class='ocrx_word' id='word_1_897' title='bbox 1814 2666 1887 2692; x_wconf 80' lang='grc' dir='ltr'>παντὶ</span> 
     </span>
    </p>
   </div>
   <div class='ocr_carea' id='block_1_116' title="bbox 1071 2705 1888 2748">
    <p class='ocr_par' dir='ltr' id='par_1_116' title="bbox 1071 2705 1888 2748">
     <span class='ocr_line' id='line_1_116' title="bbox 1071 2705 1888 2748; baseline 0.006 -16"><span class='ocrx_word' id='word_1_898' title='bbox 1071 2706 1210 2743; x_wconf 74' lang='grc' dir='ltr'><strong>πνεύματιι</strong></span> <span class='ocrx_word' id='word_1_899' title='bbox 1245 2705 1314 2735; x_wconf 73' lang='grc' dir='ltr'>ἀλλὰ</span> <span class='ocrx_word' id='word_1_900' title='bbox 1358 2706 1511 2744; x_wconf 81' lang='grc' dir='ltr'>δοκιμάζετε</span> <span class='ocrx_word' id='word_1_901' title='bbox 1552 2709 1583 2736; x_wconf 74' lang='grc' dir='ltr'>τὰ</span> <span class='ocrx_word' id='word_1_902' title='bbox 1612 2709 1759 2748; x_wconf 66' lang='grc' dir='ltr'><strong>πνεύματα⁷</strong></span> <span class='ocrx_word' id='word_1_903' title='bbox 1803 2710 1825 2737; x_wconf 78' lang='grc' dir='ltr'>εἷ</span> <span class='ocrx_word' id='word_1_904' title='bbox 1861 2709 1888 2736; x_wconf 77' lang='grc' dir='ltr'>ἐκ</span> 
     </span>
    </p>
   </div>
   <div class='ocr_carea' id='block_1_117' title="bbox 1043 2204 1063 2228">
    <p class='ocr_par' dir='ltr' id='par_1_117' title="bbox 1043 2204 1063 2228">
     <span class='ocr_line' id='line_1_117' title="bbox 1043 2204 1063 2228; baseline 0 0"><span class='ocrx_word' id='word_1_905' title='bbox 1043 2204 1063 2228; x_wconf 90' lang='lat' dir='ltr'><strong>D</strong></span> 
     </span>
    </p>
   </div>
  </div>
