1936 3080
220 120 279 152 299

220 188 286 220 nis:
304 189 361 219 hoc
377 192 432 228 est,
458 187 487 219 in
510 188 653 227 sanguine
678 198 782 220 sumus
798 193 827 220 et
842 199 944 227 carne,
971 194 998 220 et
1013 190 1043 220 in

220 232 461 273 corruptibilibus
485 233 670 272 terrenisque
696 234 880 273 corporibus.
908 234 989 265 Hanc
1004 234 1041 265 ob

218 287 339 309 causam
356 276 540 316 unigenitum
557 277 611 307 Dei
628 276 768 315 Verbum,
782 287 848 308 cum
862 279 944 318 juxta
959 283 1042 310 natu-

217 333 282 353 ram
297 323 354 353 vita
371 325 459 361 esset,
477 320 625 360 particeps
640 321 732 353 factus
749 325 794 352 est
810 323 932 354 horum:
946 332 1000 354 nec
1011 323 1040 353 id

219 367 382 399 secundum
399 365 489 396 alium
506 365 638 402 modum,
656 366 705 396 sed
723 366 922 405 pariformiter
937 367 1040 398 nobis-

219 421 299 443 cum.
319 421 331 438 (ι
349 410 386 441 Ut
404 418 455 449 per
472 413 608 440 mortem.
630 422 640 438 ι
669 410 781 441 Deinde
798 411 886 441 etiam
904 413 1040 442 incarna-

220 455 310 486 tionis
325 463 443 485 causam
455 453 538 489 dicit,
552 458 583 484 ut
595 453 776 492 aboleretur,
797 455 1040 495 inquit,diabolus

219 500 269 540 qui
286 498 389 529 mortis
404 497 495 528 robur
521 497 658 534 habebat,
677 499 847 530 aboleretur
869 504 966 530 autem
989 510 1041 540 per

219 543 513 581 mortem.Tanquam
529 542 643 573 diceret
658 554 664 572 :
679 542 701 574 0
717 544 771 575 Dei
786 544 973 584 sapientiam!
985 545 1041 575 Per

220 592 346 619 mortem
363 587 467 617 habuit
481 586 616 617 diabolus
631 587 792 628 robur,per
804 593 929 619 mortem
943 589 1041 619 abole-

220 632 387 665 bitur.Nam
404 631 451 661 his
467 631 556 661 armis
567 631 707 661 adversus
719 642 786 662 eum
802 642 872 663 usus
888 638 931 663 est
942 633 1039 665 Chris-

219 683 276 715 tus,
305 677 412 717 quibus
437 676 501 715 ipse
536 679 640 715 potens
666 676 731 707 fuit.
760 676 911 712 Quomodo
941 682 1038 708 autem

219 722 388 754 dominatur
404 720 512 750 morti?
527 720 600 755 Quia
616 720 778 751 dominium
793 721 905 752 habens
920 722 949 752 in
967 732 1038 761 pec-

217 767 327 798 catum'
343 775 378 796 ex
403 775 459 805 quo
489 764 625 804 procedit
652 774 741 802 mors,
761 766 847 796 etiam
871 766 1040 797 dominatur

219 811 318 848 morti,
336 819 402 840 cum
419 809 510 839 robur
526 809 629 838 mortis
645 808 683 838 sit
699 814 862 848 peccatum.
882 810 936 845 Qui
950 811 1040 850 igitur

217 859 374 896 peccatum
398 853 496 890 habet,
522 853 676 893 ipsiusque
703 853 840 884 inventor
864 859 918 891 est,
949 855 1039 885 robur

217 900 305 931 habet
319 898 434 929 mortis.
452 897 585 927 Diximus
603 898 682 927 enim
699 903 851 938 peccatum
867 898 958 929 robur
973 909 1038 930 esse

217 945 332 981 mortis,
352 948 382 974 ut
397 943 435 973 sit
453 943 508 972 iste
524 951 628 972 sensus
646 951 651 972 :
672 943 727 973 Per
743 943 889 982 propriam
913 947 1035 974 mortem

217 989 347 1020 abolevit
362 987 511 1017 diabolum
529 987 686 1016 habentem
701 987 866 1026 subjectum
892 987 948 1017 sibi
965 997 1035 1028 pec-

218 1038 325 1073 catum,
344 1032 422 1072 quod
441 1034 485 1061 est
503 1030 641 1061 fortitudo
664 1040 697 1061 ac
721 1031 812 1061 robur
835 1031 936 1062 mortis
953 1041 961 1062 :
979 1032 1037 1062 nisi

218 1078 296 1110 enim
314 1079 369 1107 hoc
385 1080 581 1116 expugnasset
594 1075 842 1111 hominem,mors
852 1085 1036 1116 nequaquam

215 1123 357 1154 intrasset
369 1122 399 1151 in
416 1120 570 1151 mundum.
583 1137 622 1141 —
637 1131 648 1148 «
667 1119 840 1160 Quicunque
864 1125 942 1151 metu
955 1131 1036 1152 mor-

216 1168 265 1198 tis.
284 1177 297 1197 »
315 1166 500 1205 Priusquam,
528 1163 634 1204 inquit,
665 1164 834 1195 aboleretur
863 1174 953 1202 mors,
983 1175 1037 1205 per

215 1217 305 1244 totam
330 1211 419 1241 vitam
444 1209 580 1239 homines
604 1208 715 1239 obnoxi
738 1212 822 1239 erant
845 1218 879 1239 ac
909 1210 1034 1250 subjecti

216 1255 317 1288 timori
343 1254 515 1286 servitutis:
537 1253 680 1283 timebant
709 1253 788 1283 enim
817 1258 940 1285 mortem
968 1264 1035 1294 quae

221 1301 352 1332 nondum
369 1298 478 1329 abolita
492 1301 555 1328 erat
570 1306 576 1328 :
596 1301 625 1328 et
643 1297 717 1327 nihil
733 1297 916 1328 saecularium
933 1297 1034 1339 volup-

216 1350 308 1376 tatum
333 1344 481 1374 delectare
510 1345 622 1382 poterat
647 1341 795 1378 cordatus,
822 1341 910 1382 idque
927 1342 1032 1374 timore

212 1388 363 1425 mortis,in
378 1387 500 1418 modum
516 1386 645 1416 crudelis
660 1395 693 1416 ac
703 1386 770 1416 szevi
784 1386 1032 1418 dominiinstante

215 1443 335 1474 semper
349 1442 383 1463 ac
399 1436 567 1463 exterrente
583 1441 632 1461 eos
647 1431 697 1471 qui
713 1436 795 1462 erant
809 1432 839 1462 in
857 1432 1030 1463 terra.«0b-

212 1479 292 1509 noxii
317 1481 401 1509 erant
420 1476 565 1508 servituti.
584 1489 597 1503 »
615 1475 772 1506 Timebant
794 1476 931 1506 homines
948 1487 1030 1508 mor—

781 124 987 158 (EGUMENII
1007 123 1155 156 ΤΜοοΕ
1173 124 1342 157 EPISCOPI

1847 125 1896 158 300

1053 191 1228 230 Ατουτέστιν,
1251 192 1278 220 ἐν
1292 192 1388 230 α’ίματί
1410 192 1488 230 ἐσμεν
1516 193 1563 221 καὶ
1585 193 1672 233 σαρκὶ,
1693 193 1738 221 καὶ
1767 192 1794 220 ἒν
1821 194 1892 232 φθαρ-

1083 242 1142 266 τοϊς
1163 237 1206 264 καὶ
1227 238 1332 275 γηΐνοις
1363 237 1481 274 σώμασι,
1511 238 1613 271 Ταύτης
1641 237 1718 266 ἕνεκα
1745 238 1795 271 τῆς
1822 237 1893 268 αἰτίας

1083 280 1097 307 6
1114 280 1259 318 μονογενὴς
1273 284 1319 308 τοῦ
1334 284 1399 309 Θεοῦ
1434 281 1518 320 Λόγος
1545 281 1602 316 ζωὴ
1631 282 1699 310 κατὰ
1726 281 1805 320 φύσιν
1820 280 1893 318 ὑπάρ-

1083 335 1141 361 γων
1163 324 1278 364 μετέσχε
1291 328 1343 353 τῶν
1360 325 1455 362 αὐτῶν,
1485 326 1530 354 καὶ
1555 327 1585 354 οὑ
1606 325 1662 354 καθ’
1691 325 1778 365 ἕτερον
1795 325 1893 364 τρόπον,

1083 367 1152 396 ἀλλὰ
1172 369 1364 408 παραπλησίως
1379 370 1458 407 ἡμῖν,
1492 381 1506 397 α
1524 365 1586 398 Ἵνα
1613 369 1656 397 διὰ
1682 374 1728 399 τοῦ
1749 369 1865 398 θανάτου.
1881 377 1893 397 )

1083 412 1152 440 Εἶτα
1167 407 1215 440 καὶν
1231 415 1280 447 τῆς
1296 413 1518 452 ἐνανθρωπήσεως
1531 413 1604 453 λέγει
1634 414 1683 447 τὴν
1714 414 1808 442 αἰτίαν.
1826 407 1893 451 ιἸνπι,

1083 457 1158 495 φησὶ,
1181 459 1336 497 καταργηθῇ
1351 458 1365 485 6
1380 459 1410 486 τὸ
1424 459 1519 496 κράτος
1536 457 1607 497 ἔχων
1643 461 1688 486 τοῦ
1714 458 1825 486 θανάτου
1838 455 1895 484 διὰ-

1081 498 1159 531 ϐολος
1183 508 1190 515 ⁸
1204 503 1358 540 καταργηθῇ
1381 500 1407 529 δὲ
1421 501 1463 529 διὰ
1477 506 1522 530 τοῦ
1537 502 1659 542 θανάτου,
1685 503 1721 534 ὡς
1743 503 1765 529 εἱ
1793 501 1866 529 εἶπεν
1887 509 1892 514 ·

1092 550 1128 571 Liv
1143 545 1233 584 σοφίας
1249 548 1314 574 Θεοῦ
1331 545 1337 574 l
1357 546 1405 574 Διὰ
1427 550 1474 574 τοῦ
1496 547 1607 574 Θανάτου
1628 546 1693 586 ἔσχε
1721 546 1751 574 τό
1783 546 1897 585 κράτοςὸ

1081 587 1213 628 διάϐολος,
1241 588 1282 616 διὰ
1316 593 1363 618 τοῦ
1389 591 1499 619 θανάτου
1528 590 1747 625 καταλυθήσεται,
1788 588 1819 630 ᾯ
1852 590 1895 628 γὰρ

1082 632 1194 672 ἴσχυσεν
1209 632 1294 670 ὅπλῳ,
1312 634 1395 671 τούτῳ
1410 634 1469 662 κατ’
1489 636 1569 664 αὖσοῦ
1591 636 1605 663 6
1627 636 1738 674 Χριστὸς
1754 634 1894 674 ἐχρήσατο.

1083 680 1140 709 Πῶς
1162 677 1188 704 δὲ
1204 677 1280 717 ἄρχει
1296 681 1342 706 τοῦ
1363 679 1498 719 Oniten;
1527 675 1591 708 “Ott
1626 682 1676 712 τῆς
1705 679 1832 719 ἁμαρτίας
1853 678 1897 716 ἅρ-

1080 732 1139 760 χων
1162 721 1187 753 ἐξ
1208 722 1239 755 ἧς
1255 723 1269 750 6
1283 723 1403 762 θάνατος,
1419 724 1462 751 καὶ
1481 727 1527 751 τοῦ
1556 724 1667 752 θανάτου
1703 722 1796 763 ἄρχει,
1816 721 1897 761 ’ἤγουν

1080 766 1174 804 κράτος
1195 767 1305 794 θανάτου
1319 767 1336 800 ἡ
1353 768 1476 806 ἁμαρτία,
1504 763 1602 807 “Eme
1626 768 1670 796 οὗν
1691 770 1741 802 τὴν
1769 767 1894 807 ἅμαρτίαν

1080 811 1123 837 καὶ
1152 811 1258 849 εὒρετὴς
1284 811 1364 844 αὐτῆς
1392 812 1532 851 ὑπάρχων,
1569 813 1600 840 τὸ
1627 813 1722 852 κράτος
1770 811 1828 851 ἕχει
1856 814 1897 839 τοῦ

1050 849 1201 895 Βθανάτου,
1220 854 1343 894 (εἴπομεν
1358 856 1407 894 γὰρ
1422 857 1470 890 τὴν
1504 849 1649 895 ἀμαρτίανγ
1669 857 1741 885 εἶναι
1769 849 1803 884 το
1835 856 1897 894 κρα-

1080 909 1123 929 τος
1137 903 1182 927 τοῦ
1196 899 1328 934 θανάτου.)
1362 900 1408 928 ἵνα
1435 900 1516 932 οὕτως
1547 900 1592 934 εἴη
1613 910 1620 918 ·
1659 901 1708 929 Διὰ
1735 905 1781 930 τοῦ
1808 899 1897 928 οἰκείου

1079 943 1189 970 Θανάτου
1225 945 1379 982 κατήργησε
1408 944 1457 978 τὴν
1485 945 1613 984 ἁμαρτίαν
1627 945 1781 985 ὑποχείριον
1804 944 1898 984 ἔχοντα

1079 988 1124 1014 τὸν
1158 986 1288 1025 διάϐολον,
1318 988 1376 1022 ἥτις
1404 990 1473 1017 ἔστὶν
1500 990 1576 1029 ἰσχὺς
1616 992 1711 1028 κρατὸς
1746 990 1792 1017 τοὺ
1820 989 1897 1017 θανά-

1078 1043 1134 1063 του.
1154 1034 1181 1061 Εἰ
1195 1033 1245 1072 γαρ
1267 1035 1306 1072 μὴ
1338 1035 1405 1068 αὕτη
1430 1035 1573 1075 κατίσχυσε
1601 1041 1646 1066 τοῦ
1680 1036 1828 1074 ἀνθρώπου⁶
1857 1035 1900 1062 οὒκ

1078 1076 1108 1104 ἂν
1124 1079 1137 1104 6
1153 1077 1262 1109 θάνατος
1278 1078 1395 1112 εἰσῆλθεν
1412 1080 1448 1111 εἷς
1462 1080 1508 1108 τὸν
1523 1080 1634 1118 κόσμον,
1654 1097 1693 1102 -
1707 1092 1718 1108 ε
1735 1075 1818 1109 ’Ὀσοι
1829 1078 1898 1120 φόϐῳ

1076 1121 1198 1150 θανάτου.
1219 1131 1233 1150 ι
1251 1121 1363 1163 [ΦΩἨ]
1392 1124 1466 1162 Πρὶν,
1483 1125 1557 1164 φησὶ,

1077 1177 1133 1202 τος,
1156 1165 1190 1193 δι’
1213 1165 1275 1195 ὅλου
1288 1171 1334 1195 τοῦ
1347 1171 1393 1205 ζῇν
1421 1169 1444 1196 οἱ
1473 1167 1604 1208 ἅνθρωποι
1632 1169 1727 1209 ἄνοχοι
1762 1169 1844 1208 ἦσαν,

1075 1210 1210 1238 ὑπέκειντο
1234 1210 1307 1250 φόϐῳ
1344 1211 1472 1244 δουλείας.
1496 1212 1674 1242 Ἐὃεδοικεσαν
1689 1215 1738 1253 γὰρ
1764 1215 1813 1242 τὸν
1828 1211 1897 1242 οἴνπω

1075 1255 1272 1294 καταργηθέντα
1301 1257 1423 1287 Θάνατον.
1461 1258 1510 1286 Καὶ
1548 1258 1631 1296 οὐδὲν,
1661 1259 1737 1298 φησὶ,
1759 1259 1823 1289 τοὺς
1850 1257 1896 1296 ἆρ-

1074 1299 1195 1338 τίφρονας
1212 1298 1291 1339 ἴσχυε
1318 1301 1411 1340 τέρψαι
1440 1302 1492 1330 τῶν
1524 1307 1570 1332 τοῦ
1596 1303 1652 1340 βίου
1686 1305 1819 1341 τερπνῶν,
1855 1304 1898 1329 τοῦ

1074 1341 1116 1370 διὰ
1148 1345 1193 1371 τὸν
1235 1345 1344 1373 θάνατον
1379 1344 1470 1384 φόϐου,
1502 1345 1576 1379 δίκην
1605 1347 1679 1384 ὠμοῦ
1705 1347 1748 1374 καὶ
1775 1346 1896 1379 ἀπηνοῠς

1073 1385 1213 1425 δεσπότου,
1249 1389 1422 1428 ἐφιστὰμενου
1456 1391 1500 1419 καὶ
1542 1389 1718 1430 ὰκφοϐοῦντος
1767 1391 1832 1422 τοὺς
1859 1389 1900 1418 ἐπὶ

1072 1433 1134 1469 γῆς.
1154 1443 1167 1459 α
1194 1428 1309 1472 ’Ἑνοχοι
1325 1434 1392 1466 ἦσαν
1406 1432 1533 1466 δουλείας.
1559 1446 1570 1462 ι
1583 1428 1768 1463 ’Ἐδεδοίκεσαν
1801 1436 1826 1463 οἱ
1849 1434 1893 1463 ἆν-

1072 1477 1172 1514 θρωποι
1196 1478 1241 1505 τὸν
1271 1478 1392 1516 Θάνατον,
1428 1479 1465 1510 ὡς
1507 1478 1598 1519 ἔνοχοι
1624 1480 1698 1510 ὄντες
1725 1481 1774 1513 τῆς
1807 1479 1896 1507 τούτου

1601 1127 1754 1164 καταργηθῇ
1791 1126 1805 1153 ὁ
1819 1125 1899 1152 Θάνα-

1858 1179 1897 1195 καί

211 1527 322 1560 tem,ut
336 1523 385 1563 qui
401 1522 519 1552 obnoxii
535 1525 618 1551 erant
633 1521 765 1552 servituti
780 1521 882 1560 ipsius.
900 1521 975 1552 Serv.

1130 1521 1200 1552 .είας,
1232 1520 1339 1549 Δουλεία
1375 1520 1402 1549 δὲ
1444 1527 1489 1552 τοῦ
1530 1523 1641 1553 θανάτου
1688 1525 1718 1552 τὸ
1755 1524 1894 1563 ἐνέχεσθαι

212 1572 310 1598 autem
323 1567 426 1598 mortis
441 1570 497 1602 est,
514 1565 640 1596 detineri
651 1575 684 1595 ac
695 1566 859 1605 subjectum
877 1575 942 1596 esse
959 1576 975 1606 p

1142 1565 1296 1594 ὑποκεῖσθαι
1325 1569 1359 1604 τῇ
1387 1567 1511 1604 ἁμαρτίᾳ,
1541 1567 1631 1607 ’ἰσχὺς
1661 1569 1710 1607 γὰρ
1759 1569 1807 1596 καὶ
1836 1568 1894 1596 κέν-

212 1617 290 1643 cato.
309 1611 462 1643 Fortitudo
475 1610 552 1640 enim
566 1616 594 1640 et
606 1610 725 1640 aculeus
743 1610 847 1640 mortis
863 1615 908 1640 est
922 1619 974 1649 pec

1159 1613 1206 1638 τοῦ
1235 1610 1345 1639 θανάτου
1378 1612 1394 1644 ἡ
1430 1612 1552 1651 ἁμαρτία,
1586 1613 1659 1640 Ἐπεὶ
1695 1612 1738 1641 οὖν
1776 1614 1792 1641 6
1832 1616 1895 1651 Χρι-

209 1659 360 1689 tum.Cum
378 1658 457 1687 enim
473 1655 606 1685 Christus
630 1664 682 1684 sua
705 1661 801 1684 morte
820 1654 947 1685 abolevit
961 1665 973 1685 ε

1131 1666 1132 1669 η
1154 1653 1195 1682 διὰ
1210 1655 1330 1691 θανάτου,
1368 1657 1521 1695 κατήργησε
1549 1658 1594 1684 τὸν
1622 1657 1653 1684 τὸ
1683 1657 1780 1696 κράτος
1820 1657 1895 1696 ἕχον-

207 1703 259 1740 qui
277 1702 381 1732 mortis
396 1700 488 1731 robur
503 1699 640 1735 habebat,
658 1699 713 1729 hoc
730 1703 784 1738 est,
803 1698 962 1739 diabolum,

1131 1703 1160 1727 οὗ
1179 1699 1300 1735 θανάτου,
1317 1700 1446 1737 τουτέστι,
1476 1702 1520 1729 τὸν
1550 1700 1683 1739 διάϐολον,
1710 1701 1757 1729 τόν
1788 1702 1893 1741 εὒρετὴι

206 1751 358 1778 ventorem
373 1755 406 1776 ac
422 1748 573 1775 auctorem
599 1743 722 1783 peccati,
747 1743 852 1773 merito
877 1743 970 1774 imbec

1132 1743 1253 1782 ἀρχηγὸν
1274 1746 1322 1777 τῆς
1351 1744 1491 1783 ἁμαρτίας,
1520 1746 1627 1777 εἰκότως
1649 1746 1760 1780 ἀσθενὴς
1792 1747 1895 1785 γίνεταν

206 1791 332 1822 eﬂicitur
347 1794 499 1830 peccatum
520 1799 526 1818 :
543 1789 611 1817 552
635 1789 741 1818 merito
759 1788 873 1818 liberati
894 1798 970 1819 sumi

1132 1788 1239 1826 ιαρτία·
1281 1789 1388 1820 εἰκότως
1424 1789 1620 1829 ἀπηλλάγημεν
1649 1793 1697 1824 τῆς
1740 1792 1814 1819 κατὰ
1851 1791 1896 1823 τὴν

205 1837 330 1867 sevitute
351 1844 408 1875 que
424 1839 485 1864 erat
501 1843 535 1864 ex
556 1832 764 1863 invalesceutia
789 1832 902 1871 ipsius:
921 1843 967 1863 me

1130 1832 1233 1870 ράτειαν
1263 1833 1344 1866 αὐτῆς
1373 1832 1490 1866 δουλείας
1504 1844 1510 1850 ”
1544 1835 1651 1867 εἰκότως
1688 1834 1894 1874 ἠλευθερώμεθα

203 1881 290 1911 liberi
303 1879 400 1910 effecti
415 1887 516 1908 sumus
531 1887 546 1907 a
560 1878 667 1907 timore
682 1877 732 1917 qui
747 1886 781 1907 ex
799 1882 893 1908 morte
919 1887 967 1916 pro

1131 1877 1193 1904 κατὰ
1207 1877 1252 1904 τὸν
1279 1877 1388 1905 θάνατον
1414 1877 1504 1918 φόϐου.
1538 1880 1587 1908 Καὶ
1616 1879 1671 1907 ἔστι
1706 1883 1787 1908 τοῦτο
1805 1881 1851 1908 καὶ
1873 1879 1895 1906 ἓν

204 1925 303 1957 debat.
317 1925 412 1964 Atque
425 1923 453 1953 id
468 1923 496 1953 in
514 1922 586 1962 ipsis
602 1930 717 1961 quoque
731 1921 872 1960 operibus
884 1922 968 1952 conti:

1131 1927 1156 1951 ῖς
1171 1928 1229 1952 τοῖς
1259 1921 1344 1960 ἔργοις
1374 1923 1463 1962 σαφῶς
1500 1922 1627 1954 κατιδεῖν.
1646 1925 1675 1952 Οἱ
1703 1924 1753 1963 γὰρ
1782 1925 1847 1964 πρὶν
1863 1925 1895 1954 ὡς

203 1969 386 2009 perspicere.
412 1968 485 1998 Nam
503 1966 552 2006 qui
569 1970 654 1996 antea
668 1969 804 2004 tanquam
823 1966 967 1996 maximun

1156 1976 1189 1993 :ov
1230 1967 1312 1993 κακὸν
1352 1968 1394 1994 καὶ
1432 1966 1628 2007 ἀνυπέρϐλητον
1668 1967 1833 2008 φοϐούμενοί
1870 1979 1896 1996 τε

1264 2009 1269 2017 ,
1390 2012 1396 2017 .
1468 2013 1495 2017 ..
1633 2015 1644 2017 _
1696 2013 1701 2017 .
1757 2013 1770 2017 η
1791 2012 1799 2017 .
1833 2015 1838 2017 .

200 2008 370 2044 inevitabile
384 2012 492 2042 malum
506 2010 648 2041 timebant
660 2019 693 2040 ac
704 2009 871 2040 devilabant
883 2014 964 2040 mort

1137 2008 1345 2048 ὰποτρεπόμενοι
1372 2012 1417 2038 τὸν
1465 2013 1586 2049 θάνατον,
1617 2015 1659 2041 νῦν
1689 2013 1724 2044 ὡς
1755 2012 1895 2050 βελτίονος

201 2059 236 2088 ad
251 2059 345 2098 ipsam
370 2066 448 2087 nunc
473 2055 634 2094 gaudentes
658 2054 813 2089 accedunt,
834 2059 965 2094 tanquam

1156 2054 1292 2083 ιεταϐολὸν
1310 2057 1354 2084 καὶ
1381 2058 1530 2095 προοίμιον,
1556 2059 1693 2098 χαίροντες
1728 2059 1800 2097 πρὸς
1817 2060 1898 2088 αὐτὸν

202 2103 334 2132 melioris
360 2102 424 2131 vitae
448 2100 642 2131 mutationem
668 2103 697 2129 et
724 2098 887 2135 exordium,
905 2109 966 2139 qua

1131 2102 1208 2139 iactv,
1232 2099 1293 2128 ὅταν
1321 2101 1384 2140 ὑπὲρ
1420 2105 1532 2141 Χριστοῦ
1558 2103 1601 2130 καὶ
1627 2106 1680 2130 τῶν
1705 2103 1788 2131 αὺτοῦ
1805 2105 1895 2141 νόμων

199 2156 252 2186 pro
285 2146 402 2177 Christo
427 2145 578 2185 ipsiusque
608 2143 721 2188 legibus
743 2152 760 2173 a
783 2143 963 2188 persecutori

1129 2154 1133 2170 ι
1158 2147 1210 2171 τῶν
1239 2140 1387 2173 διωκόντων
1415 2140 1559 2185 ἐπάγη-ται,
1590 2145 1654 2187 Ἄρα
1681 2148 1711 2175 οὐ
1732 2140 1893 2188 περιφανῶς

197 2191 362 2222 inducitur.
380 2192 427 2222 An
445 2199 503 2220 non
529 2198 600 2228 ergo
626 2187 781 2218 manifeste
808 2187 942 2218 liberavit

1129 2187 1212 2220 ιλαξεν
1227 2189 1298 2226 ἡμᾶς
1313 2191 1327 2217 6
1341 2191 1436 2230 Σωτῆρ
1451 2194 1496 2219 τοῦ
1523 2191 1591 2220 κατὰ
1605 2192 1650 2220 τὸν
1665 2186 1779 2220 θάνατον
1797 2186 1893 2232 ῴόόου,

198 2236 330 2266 Salvator
345 2245 362 2266 a
378 2235 485 2265 timore
509 2233 612 2264 mortis
639 2242 673 2262 ac
693 2232 837 2262 servitute
865 2241 930 2272 quae
950 2233 958 2262 i

693 2232 837 2262 servitute
865 2241 930 2272 quae
950 2233 1020 2264 inde
1062 2232 1105 2259 καὶ
1119 2234 1169 2265 τῆς
1182 2232 1282 2261 ἐκεῖθεν
1298 2233 1414 2266 δουλείας
1431 2245 1438 2274 ς

197 2280 398 2320 procedebat?

237 2325 271 2355 ll.
284 2325 384 2355 16-18.
397 2325 465 2355 Non
478 2324 558 2354 enim
571 2322 703 2353 videlicet
718 2321 840 2361 angelos
855 2321 1001 2361 apprehen

1150 2321 1185 2350 Οὔ
1214 2322 1263 2361 γὰρ
1289 2321 1373 2358 δήπου
1410 2323 1530 2363 ἀγγέλων
1567 2324 1792 2363 ἐπιλαμϐάνεται.
1825 2327 1894 2355 ἀλλά

194 2370 304 2407 ᾶὶῖνςιπι
319 2378 421 2400 semen
443 2368 573 2399 Abrahae
588 2367 798 2407 apprehendi].
819 2366 901 2412 Unde
916 2367 958 2397 dei

1129 2377 1220 2412 iure;
1240 2365 1361 2406 Ἀϐραὰμ
1381 2411 1386 2412 7
1409 2367 1625 2406 ἐπιλαμϐάνεται,
1678 2365 1762 2398 Ὀθεν
1807 2372 1893 2412 ὤφει-

190 2423 247 2454 per
261 2415 362 2445 omnia
379 2413 532 2452 fratribus
546 2413 658 2443 similis
674 2411 771 2447 reddi,
796 2414 827 2441 ut
845 2411 954 2441 miseri

1128 2411 1172 2439 πιτὰ
1186 2411 1272 2439 πάντα
1285 2419 1344 2440 τοϊς
1360 2411 1484 2452 ἀδελφοῖς
1499 2413 1673 2452 ὁμοιωθῆναι,
1696 2414 1742 2442 ἵνα
1760 2409 1892 2454 ἐλεήμων

193 2463 266 2490 esset
279 2459 378 2498 fidelis
393 2458 530 2498 pontifex
549 2459 582 2487 in
612 2457 659 2487 his
675 2465 741 2495 quae
755 2455 793 2486 ad
809 2455 902 2485 Deum
919 2457 957 2493 [bi

1129 2466 1168 2482 ται
1183 2457 1227 2483 καὶ
1241 2457 1333 2488 πιστὸς
1348 2456 1485 2496 ἀρχιερεὺς
1520 2459 1552 2486 τὰ
1587 2459 1652 2498 πρὸς
1678 2460 1722 2487 τὸν
1753 2462 1839 2499 Θεὸν,
1859 2462 1893 2492 εἷς

191 2505 324 2544 agenda,
350 2503 390 2534 ad
413 2502 599 2542 expiandum
620 2504 742 2540 procula
757 2500 870 2539 populi.
889 2499 955 2530 Nan

1128 2498 1267 2527 λάσκεσθαι
1296 2501 1339 2533 τας
1366 2501 1493 2541 ἁμαρτίας
1520 2507 1565 2531 τοῦ
1603 2501 1678 2532 λαοῦ,
1707 2503 1753 2532 Ἐν
1787 2507 1814 2542 ᾧ
1844 2506 1892 2544 γὰρ

190 2542 247 2579 hoc
259 2548 339 2588 quod
351 2548 409 2587 ipsi
424 2547 548 2585 contigit
568 2549 714 2576 tentatum
731 2553 805 2581 esse,
828 2548 920 2583 potest
934 2553 954 2575 ei

1127 2545 1185 2571 ινθεν
1201 2545 1277 2576 αὐτὸς
1287 2546 1444 2584 πειρασθεὶς,
1462 2545 1566 2574 δύναται
1595 2554 1654 2579 τοῖς
1677 2542 1891 2587 πειραζομένοις

190 2594 244 2632 qui
260 2597 418 2624 tentantur
430 2599 624 2623 succurrere.

471 2599 624 2622 ccurrere.
1055 2588 1196 2625 βοηθῆσαι.
1224 2599 1235 2616 α

232 2650 244 2665 ιι
264 2637 321 2668 Sed
340 2647 442 2667 semen
458 2635 585 2668 Abrahae
606 2633 812 2674 apprehendit.
831 2645 841 2661 ι
861 2634 934 2665 Cum
949 2634 989 2664 ait

1129 2632 1213 2662 Ἀλλὰ
1224 2634 1373 2674 σπέρματος
1405 2634 1524 2675 Ἀϐραὰμ
1558 2635 1784 2674 ἐπιλαμϐάνεται.
1816 2651 1829 2668 1
1858 2642 1892 2670 Τὸ

188 2681 407 2722 Apprehendit,
424 2681 572 2720 signiﬁcat
587 2679 665 2719 quod
679 2688 731 2708 ms
741 2678 862 2718 quidem
878 2678 952 2723 hom

1128 2677 1284 2714 mugiverat
1298 2678 1389 2717 δηλοῖ,
1407 2679 1446 2708 ὅτι
1461 2681 1542 2718 ἡμεῖς
1557 2681 1606 2718 μὲν
1635 2682 1712 2710 αὑτὸν
1733 2681 1892 2723 ἐφεύγομεν

187 2730 286 2766 ipsum
305 2725 503 2766 l‘ugiebamus,
521 2724 654 2755 Christus
674 2733 743 2754 vero
768 2722 951 2769 persequeba

1128 2723 1235 2762 ῧρωποι,
1252 2725 1265 2751 ὁ
1288 2722 1314 2751 δὲ
1343 2725 1453 2763 Χριστὸς
1480 2724 1581 2763 ἐδίωκε,
1611 2727 1655 2754 καὶ
1676 2721 1786 2755 διώκών
1804 2721 1892 2769 ἔφθα-

188 2776 218 2803 et
232 2771 441 2812 persequendo
456 2771 561 2809 attigit,
578 2779 612 2800 ac
638 2769 787 2806 attingens
803 2768 952 2808 apprehen

1128 2768 1153 2794 αὶ
1189 2768 1288 2808 φθάσας
1327 2768 1481 2800 ἐπελάϐετο.
1531 2772 1584 2799 Οὐκ
1625 2770 1744 2809 ἆγγὲλων
1779 2767 1891 2813 φύὰεως
