1936 3080
191 150 249 182 303

191 219 253 242 cem
271 210 467 250 confessionis
493 215 604 241 nostra!
622 208 774 240 Christum
791 209 914 242 Iesum:
931 212 1012 252 quod

188 254 286 294 ﬁdelis
297 255 337 286 sit
350 257 379 286 ei
393 255 551 294 quiipsum
567 253 904 293 /ecit,quemadmodum
914 256 1010 288 Moses

187 299 221 330 in
230 303 293 330 tota
306 299 394 329 domo
408 307 474 328 sua.
505 299 599 328 Tanto
620 306 752 337 namque
773 299 887 338 majore
911 300 1010 339 gloria

188 352 281 383 quam
296 342 391 374 Moses
401 342 451 373 hic
465 342 576 381 dignus
587 345 631 372 est
645 341 776 378 habitus,
790 348 904 382 quanto
920 346 1011 383 maia-

187 396 252 418 rem
276 385 367 417 habet
387 387 535 416 honorem
560 386 588 416 is
607 388 662 424 qui
686 388 860 418 construxit
888 388 1010 419 domum

187 441 279 471 quam
294 433 360 470 ipsa
376 431 494 462 domus.

230 475 261 506 Si
283 475 373 514 igitur
397 474 556 514 participes
583 484 617 505 ac
641 475 714 506 socii
751 476 820 506 estis
849 478 1010 509 vocationis

188 519 328 556 caelestis,
353 527 418 558 quae
440 518 481 548 ibi
502 522 570 549 sunt
595 519 735 558 qumrile.
763 520 900 561 nullaque
929 522 1011 553 vobis

186 563 260 594 ratio
271 563 422 593 siteorum
439 571 504 602 qua:
525 563 571 593 hic
584 567 662 593 sunt.
680 576 692 590 ιι
707 564 881 604 Apostolum
893 570 921 596 et
934 576 1009 605 pon-

187 607 308 638 tiﬁcem.
329 618 342 637 ι
358 606 413 638 Ubi
424 607 460 637 ad
476 607 726 647 dispensationem
745 610 888 648 pervenit,
911 611 1010 641 omnia

186 652 330 692 deinceps
353 651 477 682 humilia
493 651 640 692 intrepide
657 652 814 692 eloquitur.
837 653 1008 694 Apostoium

186 700 284 727 autem
300 696 362 727 sive
377 696 505 735 legatum
519 696 591 726 dicit
606 696 713 736 ipsum,
731 697 800 737 quia
811 698 918 729 missus
935 702 980 729 est
994 707 1011 729 a

187 742 274 772 Patre
296 743 433 780 tanquam
457 740 558 777 homo,
586 739 787 771 Confessionis
817 751 896 778 vero,
929 742 1008 774 ﬁdei.

187 795 202 816 (
220 785 302 821 Quod
314 785 411 815 ﬁdelis
422 785 469 816 sit.
483 797 494 813 ι)
509 785 625 820 Fidem.
643 785 751 825 inquit,
770 787 899 816 servavit
914 786 1010 818 bene—

185 830 352 870 placentem
361 829 595 869 Patri.idemque
601 839 666 859 cum
679 839 712 859 eo
720 830 856 861 sensitde
865 832 1010 861 servando

186 875 305 915 populo.
325 874 370 914 Ei,
390 874 498 914 inquit,
524 875 572 914 qui
590 874 688 914 ipsum
710 875 779 905 fecit
793 876 962 914 apostolum
976 886 1009 907 ac

187 919 370 960 pontiﬁcem,
387 919 442 949 hoc
460 922 515 954 est,
529 918 606 949 Patri
622 928 687 949 suo.
705 919 783 949 Nihil
800 924 898 950 autem
911 921 1009 951 admi-

186 962 310 993 randum
326 962 351 992 si
367 962 408 992 ita
421 962 588 1002 loquantur,
606 962 681 993 facta
694 963 755 1002 jam
775 964 868 994 semel
885 964 1008 1004 dispen-

185 1007 308 1038 sationis
332 1007 493 1037 mentione.
513 1017 525 1033 ιι
543 1006 579 1037 Et
600 1007 650 1046 qui
678 1007 774 1047 ipsum
802 1008 872 1039 fecit
902 1022 913 1037 »
933 1008 1008 1044 Quid

185 1052 278 1083 fecit?
291 1051 463 1091 Apostolum
481 1060 514 1081 ac
531 1052 713 1090 pontiﬁcem.
731 1052 793 1082 Hoc
810 1053 875 1084 loco
901 1062 958 1083 non
972 1054 1009 1084 de

185 1096 348 1127 substantia
372 1095 503 1135 loquitur
525 1105 621 1133 neque
650 1096 688 1126 de
716 1096 883 1131 divinitate.
903 1097 955 1128 sed
971 1098 1009 1129 de

185 1141 375 1181 dignitatibus
391 1140 542 1171 humanis.
562 1152 576 1168 ι
593 1139 849 1176 Quemadmodum
867 1144 963 1174 Moses
978 1142 1007 1173 in

184 1189 246 1217 tota
268 1185 357 1215 domo
382 1193 445 1216 sua.
465 1197 479 1212 ι
500 1184 642 1215 Futurum
667 1189 711 1215 est
735 1189 767 1215 ut
795 1186 824 1216 in
850 1196 1007 1226 progressu

185 1233 334 1270 praeponat
356 1229 505 1260 Christum
525 1229 617 1260 Mosi:
635 1238 738 1260 verum
756 1231 897 1270 quoniam
924 1231 954 1261 hi
970 1232 1006 1261 ad

185 1284 259 1315 quos
274 1277 318 1305 est
330 1282 441 1313 sermo,
458 1273 513 1304 etsi
537 1273 640 1304 ﬁdeles
663 1278 759 1311 erant,
786 1275 946 1314 plurimum
960 1280 1005 1306 ta-

186 1328 255 1350 men
271 1323 300 1349 et
313 1317 413 1358 gloriae
425 1322 454 1348 et
468 1317 590 1348 honoris
605 1317 703 1349 adhuc
724 1319 796 1349 Mosi
821 1319 1005 1350 deferebant.

183 1372 222 1393 ne
247 1363 381 1403 protinus
405 1371 474 1392 suas
498 1361 673 1392 obturarent
697 1372 793 1400 aures,
822 1373 880 1393 non
909 1364 1006 1394 statim

185 1407 331 1447 praeponit
338 1407 488 1438 Christum
503 1406 645 1444 Mosi,sed
657 1407 776 1437 interim
784 1411 890 1448 aequat,
899 1408 1008 1439 deinde

185 1451 216 1482 in
232 1460 391 1492 progressu
407 1450 562 1490 praeponit.
573 1450 661 1481 Suam
677 1455 774 1480 autem
791 1451 911 1482 domum
922 1462 1009 1483 voca-

183 1495 378 1542 vitpopulum
392 1503 398 1524 :
414 1503 502 1534 porro
518 1494 746 1542 populum_dixit
757 1495 854 1542 hiosis,
867 1497 1006 1536 quoniam
1017 1516 1036 1542 ε

183 1540 256 1581 ipsis
271 1539 426 1580 praefectus
441 1543 515 1569 erat.
528 1538 601 1569 Nam
618 1543 646 1570 et
660 1540 741 1570 Deus
760 1539 834 1570 dixit
849 1541 885 1571 ad
911 1550 978 1572 eum
997 1551 1004 1573 :

188 1597 197 1613 ι
212 1584 347 1616 Peccavit
359 1583 485 1624 populus
496 1587 564 1614 tuus
574 1583 616 1614 90.
632 1583 968 1620 n—«Quemadmodum
979 1589 1008 1616 et

186 1632 294 1666 Moses,
312 1641 325 1656 n
345 1627 453 1668 inquit.
477 1628 597 1658 Frustra
620 1628 709 1666 igitur
729 1637 776 1659 me
790 1629 1008 1660 calumniantur

185 1675 265 1714 apud
282 1682 344 1710 vos,
357 1672 407 1712 qui
423 1681 471 1702 me
480 1672 584 1702 dicunt
595 1672 814 1704 defunctionem
830 1683 847 1703 a
861 1675 942 1705 Mose
951 1674 1006 1704 do-

184 1727 264 1755 cere,
277 1722 306 1748 et
321 1726 390 1756 erga
407 1717 505 1756 ipsum
522 1716 643 1747 inimico
659 1717 799 1747 affectum
816 1727 881 1748 esse
893 1718 1003 1750 animo.

186 1763 249 1794 Hoc
276 1765 376 1793 autem
401 1761 477 1791 clam
503 1765 532 1790 et
553 1770 611 1791 non
632 1770 666 1791 ex
692 1761 842 1801 proposito
868 1771 1006 1793 sermone

182 1806 297 1837 inducit
310 1810 342 1837 ut
357 1805 449 1844 magis
465 1806 660 1845 persuadeat:
675 1815 743 1835 nam
760 1805 836 1845 quod
855 1806 889 1836 ad
904 1806 1005 1838 defen-

182 1852 297 1882 sionem
322 1854 456 1890 paratum
482 1854 537 1889 est,
555 1849 717 1889 suspicioni
742 1850 834 1889 magis
859 1850 1004 1890 subjacet.

187 1907 198 1924 υ
217 1895 321 1935 Majori
340 1894 434 1933 gloria
452 1893 500 1923 hic
516 1893 632 1932 dignus.
654 1905 665 1922 ν
681 1893 753 1924 Cum
769 1894 890 1924 dixisset
904 1904 1005 1935 aequa-

182 1939 294 1970 litatem
315 1938 425 1969 Christi
447 1938 482 1968 ad
506 1938 630 1975 Mosem,
661 1947 739 1968 nunc
768 1939 907 1977 paulatim
933 1939 1007 1969 dixit

182 1983 403 2015 excellentiam.
434 1994 447 2009 κ
472 1981 580 2020 Majore
604 1982 664 2012 hic.
688 1994 701 2009 »
731 1981 824 2017 Quis?
845 1982 900 2018 Qui
922 1983 1007 2023 juxta

181 2038 300 2059 carnem
313 2027 487 2066 intelligitur
503 2026 648 2057 Christus.
669 2027 797 2065 «Majore
809 2027 903 2065 gloria
918 2037 1005 2067 quam

749 145 956 182 (ECUMENII
976 146 1124 178 TRICCE
1143 146 1310 178 EPISCOPI

1815 143 1871 176 304

1022 217 1101 248 Λτῆς
1137 214 1280 253 ὁμολογίας
1315 215 1392 252 ἡμῶν
1447 213 1548 248 ’[ησοῦν
1598 215 1721 254 Χριστὸν,
1778 213 1871 241 πιστὸν

1051 258 1111 287 ὄντα
1146 262 1185 296 τῷ
1212 270 1352 292 ποιησαντι
1380 259 1458 287 αὺτὸν
1486 260 1522 292 ὡς
1557 259 1600 287 καὶ
1630 261 1728 292 Μωσῆς
1763 257 1791 286 ἐν

1051 306 1088 340 τῷ
1117 302 1185 340 οἴκῳ
1213 303 1302 333 αὐτοῦ.
1344 302 1465 335 Πλείονος
1501 304 1551 343 γὰρ
1586 302 1664 336 δόξης
1696 302 1771 334 οὗτος
1802 301 1874 340 παρὰ

1052 349 1150 380 Μωσῆν
1178 347 1298 387 ἠξίωται,
1328 346 1387 375 καθ’
1417 346 1480 376 ὅσον
1507 347 1616 376 πλείονα
1637 347 1720 384 τιμὴν
1741 345 1801 386 ἔχει
1830 356 1876 374 τω

1051 390 1127 419 οἴκου
1149 393 1163 419 ὁ
1178 391 1376 422 κατασκευάσας
1391 391 1482 421 αὐτόν.
1503 402 1515 420 ι

1092 479 1121 507 Εἰ
1136 479 1180 506 οὗν
1207 479 1318 519 μέτοχοι
1355 479 1399 507 καὶ
1425 481 1547 508 κοινωνοί
1582 479 1640 508 ἐστε
1674 481 1723 512 τῆς
1751 477 1875 513 κλήσεως

1050 525 1100 556 τῆς
1115 523 1279 563 ἐπουρανίου,
1303 524 1336 552 τὰ
1367 524 1424 552 ἐκεῖ
1458 527 1575 560 ζητεῖτε,
1611 524 1654 552 καὶ
1682 527 1735 551 τῶν
1764 522 1876 550 ἐνταῦθα

1050 566 1128 606 λόγος
1150 568 1214 604 ὑμῖν
1236 567 1303 596 ἔστω
1325 567 1428 606 μηδείς,
1457 578 1468 595 α
1488 569 1538 597 Τὸν
1554 567 1702 596 ἀπόστολον
1716 569 1761 596 καὶ
1776 567 1876 606 ἀρχιε-

1051 611 1107 650 ρέα.
1129 623 1140 640 ι
1174 607 1271 640 Ἐλθὼν
1297 613 1333 644 εἷς
1368 613 1417 646 τὴν
1453 613 1612 650 οἰκονομίαν,
1650 612 1753 640 ἅπαντα
1780 611 1877 639 λοιπὸν

1051 654 1132 686 ἀδεῶς
1169 657 1202 683 τὰ
1225 657 1336 684 ταπεινὰ
1385 656 1535 697 φθέγγεται,
1574 656 1736 685 Ἀπόστολον
1758 655 1786 683 δὲ
1830 655 1878 682 αὖ·

1050 700 1094 728 τόν
1126 711 1202 740 φησι,
1232 699 1295 728 διότι
1325 700 1486 729 ἀπέσταλται
1531 701 1603 739 παρὰ
1630 703 1676 728 τοῦ
1699 701 1803 740 [ἰατρὸς
1840 701 1878 731 ὡς

1051 743 1196 782 ἄνθρωπος.
1229 740 1387 784 Ὀμολογίας
1427 743 1466 781 δὲ,
1494 747 1542 778 τῆς
1577 745 1701 776 πίστεως,
1741 753 1754 773 ε
1776 745 1878 772 Πιστὸν

1051 786 1124 817 ὄντα.
1143 799 1157 815 ι
1175 789 1314 824 Εὐνοϊκὸν,
1339 790 1414 828 φησὶ,
1437 790 1524 816 πίστιν
1549 789 1714 828 τετηρηκότσ
1724 791 1764 825 τῷ
1779 789 1876 826 Πατρὶ,

1051 833 1094 860 καὶ
1108 833 1139 860 τὸ
1153 834 1215 861 αὐτὸ
1230 836 1356 872 ιρρονοῦτα
1373 833 1444 870 αὖτῷ
1472 835 1529 870 περὶ
1557 834 1588 861 τὸ
1622 833 1713 868 σώζειν
1735 835 1780 861 τὸν
1796 832 1875 862 λαόν.

1051 880 1094 913 Τῷ
1117 877 1257 911 ποιήσαντι
1294 877 1383 914 αὑτὸν,
1406 878 1496 917 φησὶν,
1521 876 1669 905 ἀπόστολον
1703 878 1747 905 καὶ
1781 876 1878 916 ἀρχιε-

1050 921 1106 959 ρέα,
1137 921 1267 961 τουτέστι,
1296 924 1334 958 τῷ
1368 922 1447 961 Πατρὶ
1476 922 1564 952 αὖτοῦ.
1601 920 1680 950 Οὐδὲν
1709 920 1736 948 δὲ
1763 921 1876 949 ἐνταῦθα

1049 966 1197 1002 θαυμαστὸν
1225 967 1246 993 εἰ
1267 965 1336 994 οὕτω
1359 965 1441 1005 λέγει,
1469 965 1538 998 ἅπαξ
1566 968 1615 999 τῆς
1641 966 1792 1003 οἰκονομίας
1810 965 1876 993 ἐπι-

1049 1008 1206 1046 λαϐομενος,
1232 1021 1246 1037 ε
1263 1013 1306 1047 Τῷ
1328 1011 1469 1045 ποιήσαντι
1491 1009 1580 1039 αὑτόν.
1599 1021 1611 1038 ι
1650 1011 1680 1039 Τί
1708 1010 1874 1048 ποιήσαντις

1049 1053 1195 1082 ἀπόστολον
1224 1055 1267 1082 καὶ
1295 1054 1431 1094 ἀρχιερέα,
1461 1053 1587 1082 Ἐνταῦθσ
1635 1055 1665 1082 οὒ
1693 1054 1751 1093 περὶ
1783 1054 1875 1085 οὐσίας

1049 1099 1138 1138 φησὶν,
1171 1097 1228 1126 οὐδὲ
1263 1099 1322 1136 περὶ
1349 1099 1485 1135 θεότητος,
1516 1097 1584 1126 ἀλλὰ
1610 1099 1669 1136 περὶ
1714 1097 1874 1134 ἀξιωμάτων

1049 1142 1227 1181 ἀνθρωπίνων,
1251 1152 1266 1173 (
1285 1138 1330 1174 Ὠς
1345 1144 1388 1170 καὶ
1404 1144 1502 1176 Μωσῆς
1531 1142 1558 1170 ἐν
1579 1141 1634 1180 ὅλῳ
1667 1146 1706 1179 τῷ
1733 1142 1805 1178 οἴκῳ
1821 1143 1873 1170 αὖ·

1048 1189 1104 1216 τοῦ.
1129 1198 1143 1214 ι
1168 1186 1263 1214 Μέλλει
1278 1187 1381 1225 προϊὼν
1395 1187 1439 1214 τὸν
1454 1186 1522 1214 κατὰ
1549 1187 1632 1226 σάρκα
1660 1187 1783 1225 Χριστὸν,
1801 1197 1873 1225 προ-

1047 1230 1143 1259 τιθέναι
1165 1230 1308 1266 Μωΰσέως,
1324 1229 1384 1259 ἀλλ’
1407 1229 1498 1264 ἐπειδή
1514 1231 1536 1257 εἰ
1551 1231 1594 1258 καὶ
1608 1231 1696 1258 πιστοὶ
1715 1230 1784 1264 ἦσαν
1799 1232 1872 1258 οὗτοι

1047 1275 1113 1313 πρὸς
1131 1274 1174 1306 οὕς
1195 1275 1209 1302 δ
1219 1273 1309 1314 λόγος,
1326 1273 1444 1313 μεγάλας
1460 1274 1498 1302 ἔτι
1513 1273 1587 1307 δοξας
1603 1275 1684 1313 εἶχον
1699 1275 1758 1313 περὶ
1771 1274 1873 1302 Μωσέ-

1047 1329 1095 1356 ως,
1111 1318 1157 1346 ’ἱνα
1179 1319 1217 1356 μὴ
1233 1319 1326 1350 εὐθέως
1341 1318 1523 1359 ἆποφράξωσιν
1559 1319 1644 1346 αὐτῶν
1670 1319 1703 1346 τὰ
1731 1318 1798 1355 ὦτα,
1824 1319 1874 1346 οὐκ

1048 1363 1140 1394 εὖθέως
1183 1363 1318 1402 προτίθησι
1344 1363 1459 1394 Μωσέως
1486 1363 1531 1391 τὸν
1553 1363 1675 1401 Χριστὸν,
1706 1362 1774 1390 ἀλλὰ
1802 1362 1872 1393 τέως

1048 1406 1142 1443 ἐξισοῖ,
1159 1407 1220 1435 εἶτα
1248 1408 1350 1446 προϊὼν
1378 1408 1541 1446 προτίθησιν,
1564 1407 1648 1435 Οἶκον
1674 1405 1702 1434 δὲ
1727 1409 1808 1436 αὐτοῦ
1823 1408 1871 1434 τὸν

1049 1450 1111 1479 λαὸν
1133 1450 1266 1481 ἐκάλεσεν.
1290 1452 1374 1479 Αὐτοῦ
1395 1451 1422 1479 δὲ
1443 1452 1489 1479 τὸν
1515 1450 1578 1479 λαὸν
1593 1451 1656 1479 εἶπε
1670 1455 1717 1480 τοῦ
1738 1451 1870 1487 Μωσέως,

1021 859 1040 884 Β

1048 1494 1112 1523 διότι
1127 1496 1270 1534 προστήκει
1294 1497 1389 1526 αὐτῶν.
1420 1496 1468 1524 Καὶ
1495 1495 1544 1534 γὰρ
1566 1496 1580 1523 ὁ
1608 1495 1673 1526 Θεός
1703 1506 1768 1535 φησι
1802 1496 1872 1534 πρὸς

1048 1541 1137 1577 αὐτὸν,
1148 1535 1195 1568 «Ὀ
1207 1539 1270 1571 λαός
1283 1550 1329 1567 σου
1344 1539 1470 1578 ἥμαρτεν.
1485 1550 1497 1567 ι
1509 1538 1650 1578 -[ΦΩΤ.]
1660 1535 1723 1571 «Ὦς
1733 1540 1776 1567 καὶ
1787 1543 1872 1567 Morti-

1048 1587 1097 1617 σῆς
1111 1594 1118 1601 ·
1137 1595 1151 1611 ι
1168 1584 1236 1612 ὣστε
1265 1584 1351 1616 μάτην
1372 1582 1591 1622 διαλοιδοροῦνταί
1611 1594 1656 1620 μοι
1675 1584 1741 1623 πρὸς
1759 1584 1829 1618 ὑμᾶς
1846 1586 1873 1612 οἱ

1048 1629 1208 1656 ἀποστασίαν
1229 1639 1263 1667 με
1277 1627 1399 1667 λέγοντες
1429 1628 1481 1655 ἀπὸ
1517 1627 1631 1660 Μωσέως
1659 1626 1800 1664 διδάσκειν,
1825 1630 1874 1656 καὶ

1048 1674 1113 1712 πρὸς
1125 1673 1202 1700 αὗτὸν
1236 1671 1369 1710 δυσμενῶς
1385 1671 1542 1702 διακεῖσθαι.
1571 1671 1726 1705 Λεληθότως
1747 1671 1775 1700 δὲ
1803 1676 1874 1700 τοῦ-

1047 1729 1077 1745 το
1103 1718 1147 1746 καὶ
1182 1718 1211 1745 οὗ
1244 1718 1311 1746 κατὰ
1345 1716 1542 1755 προηγούμενον
1570 1715 1648 1755 λόγον
1679 1717 1789 1756 εἰσάγει,
1820 1717 1873 1744 ’ἕνα

1048 1761 1147 1793 μᾶλλον
1162 1762 1250 1800 πείσῃ,
1274 1762 1310 1790 Τὸ
1339 1762 1389 1800 γὰρ
1417 1761 1454 1792 εἰς
1482 1759 1627 1799 ἆπολογίὲιν
1653 1762 1875 1800 παρεσκευασμέ-

1045 1818 1087 1835 νον
1104 1806 1205 1843 μᾶλλον
1233 1805 1362 1835 ὕποπτον.
1381 1816 1395 1832 ε
1414 1804 1536 1836 Πλείονος
1558 1805 1607 1844 γὰρ
1636 1803 1713 1838 δόξης
1743 1806 1831 1838 οὗτος.
1855 1818 1871 1833 ι

1047 1851 1134 1879 Εἰπὼν
1155 1851 1204 1883 τὴν
1238 1851 1304 1889 πρὸς
1334 1851 1432 1882 Μωσῆν
1462 1850 1570 1882 ἰσότητα
1602 1852 1645 1877 τοῦ
1674 1851 1798 1889 Χριστοῦ,
1822 1854 1872 1878 νῦν

1045 1895 1131 1935 ἡρέμα
1146 1895 1194 1928 τὴν
1209 1894 1344 1934 ὑπεροχὴν
1365 1893 1448 1934 λέγει,
1469 1905 1482 1921 α
1499 1892 1620 1925 Πλείονος
1657 1894 1743 1925 οὗτος.
1760 1903 1775 1923 )
1801 1895 1846 1925 Τίς
1862 1905 1872 1934 ς

1046 1941 1060 1967 ὁ
1088 1940 1156 1968 κατὰ
1184 1939 1267 1978 σάρκα
1301 1939 1439 1975 νοούμενος
1462 1937 1585 1977 Χριστός,
1617 1949 1632 1965 α
1663 1938 1734 1976 Παρὰ
1765 1941 1874 1972 Μωσῆν

1046 1983 1123 2017 δόξης
1144 1983 1263 2020 ἠξίωται,
1279 1983 1338 2011 καθ’
1366 1982 1438 2019 ὅσον,
1469 1983 1543 2022 φησὶ,
1573 1981 1680 2010 πλείονα
1707 1983 1790 2020 τιμὴν
1806 1982 1870 2023 ἔχει

1046 2032 1091 2056 τοῦ
1106 2027 1193 2068 οἴκου,
1210 2029 1224 2056 ὁ
1239 2027 1435 2059 κατασκευάσας
1458 2026 1546 2055 αὐτόν.
1573 2037 1585 2055 ι)
1615 2027 1665 2055 Νῦν
1686 2026 1735 2059 τὴν
1751 2027 1874 2061 ὑστάτην

182 2072 278 2103 Moses
307 2071 357 2101 hic
379 2070 486 2110 dignus
506 2074 551 2100 est
577 2069 707 2107 habitus,
724 2075 832 2109 quanto
861 2071 1002 2110 majorem

1088 2073 1192 2112 ιροχὴν,
1208 2073 1252 2100 καὶ
1280 2071 1330 2104 ὅση
1353 2075 1418 2099 Θεοῦ
1451 2071 1516 2110 πρὸς
1539 2070 1673 2109 ἄνθρωπον
1708 2070 1796 2110 λέγει,
1823 2073 1871 2100 καί

179 2116 269 2147 habet
294 2116 439 2146 honorem
467 2114 493 2144 is
533 2115 583 2154 qui
609 2115 771 2145 construxit
786 2114 905 2144 domum
917 2125 1004 2155 quam

1088 2129 1110 2144 τι
1127 2126 1134 2132 ’
1156 2117 1251 2148 Πιστὸς
1267 2116 1314 2154 μὲν
1334 2116 1366 2149 ἦν
1382 2118 1481 2148 Μωσῆς
1503 2115 1567 2154 ὑπὲρ
1593 2115 1678 2143 πάντα
1705 2116 1750 2143 τὸν
1775 2115 1868 2153 οἶκον,

180 2161 245 2201 ipsa
260 2160 378 2191 domus.
397 2171 410 2187 ι
427 2158 595 2190 Extremam
612 2168 689 2189 nunc
709 2158 791 2198 ponit
807 2159 1005 2198 praeeminen-

1088 2162 1174 2197 ντὲστι,
1191 2163 1237 2189 τὸν
1268 2161 1342 2190 λαόν.
1375 2159 1449 2194 Πλὴν
1472 2160 1516 2188 καὶ
1540 2159 1618 2191 αὐτὸς
1639 2163 1685 2188 τοῦ
1719 2159 1797 2188 οἴκου
1818 2161 1871 2198 ῆν,

181 2196 252 2236 tiam
262 2204 333 2235 555
347 2208 515 2244 quantaque
530 2207 577 2233 est
592 2201 644 2233 Dei
662 2203 697 2233 ad
709 2196 876 2241 hominem,
895 2210 924 2235 et
938 2207 977 2234 ait
994 2228 1000 2234 .

1088 2229 1089 2233 η
1103 2210 1149 2234 τοῦ
1163 2205 1227 2233 λαοῦ
1241 2207 1294 2237 εἷς.
1319 2208 1447 2234 Τοσοῦτον
1476 2204 1520 2232 οὖν
1541 2203 1661 2235 πλείονος
1696 2203 1774 2238 δόξης
1789 2206 1804 2232 ὁ
1817 2196 1871 2233 tu;

180 2249 292 2280 Fidelis
314 2249 434 2289 quidem
459 2252 522 2278 erat
545 2249 642 2278 Moses
657 2256 748 2287 super
763 2251 851 2277 totam
868 2247 1001 2285 domum,

1092 2251 1175 2289 σάρκα
1197 2250 1308 2288 Χριστὸς
1323 2249 1394 2288 παρά
1417 2250 1517 2281 Μωσῆν
1530 2247 1664 2285 ﬁliumin
1693 2247 1754 2277 ὅσον
1782 2250 1868 2290 εἰκὸς,

179 2295 209 2325 id
224 2299 278 2329 est,
295 2293 448 2334 populum,
464 2292 528 2332 ipse
544 2296 643 2322 tamen
669 2291 757 2322 etiam
782 2301 816 2322 ex
839 2292 927 2323 domo
942 2297 1005 2323 erat

1088 2295 1121 2332 σὶ,
1150 2295 1195 2322 τὸν
1230 2293 1388 2332 δημιουργὸν
1418 2296 1463 2320 τοῦ
1501 2291 1748 2331 δημιουργήματος.
1780 2289 1870 2323 Ὀσον

178 2343 206 2370 et
232 2347 308 2369 unus
333 2347 350 2369 e
376 2336 496 2378 populo.
527 2335 622 2366 Tanto
649 2335 740 2374 igitur
765 2336 900 2367 Christus
919 2337 1004 2376 juxta

1088 2350 1105 2375 >,
1123 2338 1187 2378 φησὶ
1201 2337 1308 2366 πλείονα
1323 2337 1404 2374 τιμὴν
1419 2335 1478 2376 ἔχει
1504 2341 1550 2366 τοῦ
1578 2336 1654 2364 οἴκου
1669 2338 1683 2364 ὁ
1697 2339 1869 2367 κατασκευά-

179 2393 298 2414 carnem
330 2383 442 2422 majore
470 2380 563 2420 gloria
589 2379 696 2419 dignus
712 2384 757 2411 est
782 2380 899 2411 habitus
914 2391 1002 2421 quam

1088 2395 1092 2415 ;
1108 2383 1197 2412 αὐτόν.
1213 2382 1297 2410 Οἷκον
1310 2382 1359 2420 γὰρ
1374 2381 1493 2417 ἐνταῦθα,
1523 2381 1568 2408 τὸν
1591 2380 1656 2408 λαὸν
1684 2382 1730 2409 σὺν
1746 2385 1785 2419 τῷ
1800 2385 1869 2411 Μω-

178 2429 286 2466 Moses,
303 2431 425 2467 quanto,
442 2425 548 2466 inquit.
566 2430 735 2465 asquumest
746 2426 914 2456 Creatorem
924 2436 1002 2465 pra:-

1104 2427 1188 2466 λέγει,
1204 2424 1296 2459 ἐπειδὴ
1310 2426 1354 2453 καὶ
1370 2427 1482 2464 Μωσῆς,
1503 2425 1545 2456 εἷς
1573 2424 1606 2458 ἧν
1620 2428 1666 2454 τοῦ
1682 2424 1748 2454 λαοῦ
1764 2433 1772 2441 ⁶
1788 2437 1871 2460 ποιη-

178 2473 287 2504 cellere
316 2476 477 2502 creatum:
495 2479 575 2505 nam,
593 2474 703 2510 quanto
721 2470 878 2510 maiorem,
894 2471 1001 2511 inquit,

1088 2483 1091 2504 ι
1113 2471 1139 2500 δὲ
1153 2474 1199 2499 τοῦ
1211 2470 1287 2498 οἴκου
1301 2471 1315 2498 ὁ
1330 2469 1453 2509 Χριστός.

175 2517 266 2548 habet
281 2517 425 2547 honorem
442 2515 467 2545 is
483 2515 533 2554 qui
549 2514 669 2544 domum
685 2515 861 2552 construxit,
892 2526 978 2556 quam
993 2515 1058 2556 ipsa
1082 2515 1200 2547 domus.
1230 2513 1384 2554 Siquidem
1412 2513 1534 2544 domum
1562 2513 1619 2544 hoc
1643 2513 1708 2545 loco
1723 2514 1870 2555 populum

173 2561 312 2601 appellat,
330 2559 381 2600 qui
396 2568 463 2590 cum
480 2559 559 2589 Mose
575 2562 657 2590 erat:
676 2559 916 2599 quandoquidem
932 2565 961 2591 et
977 2563 1070 2591 Moses
1086 2569 1164 2591 unus
1178 2563 1240 2590 erat
1269 2567 1285 2589 e
1313 2557 1442 2598 populo:
1472 2561 1639 2589 exstructor
1665 2567 1733 2589 Vero
1760 2560 1871 2591 domus

176 2610 238 2637 erat
253 2605 399 2637 Christus.

213 2650 263 2688 IlI,
273 2650 343 2682 4-6.
355 2650 462 2679 Omnis
473 2648 554 2679 enim
569 2647 676 2678 domus
690 2649 886 2679 constituitur
893 2648 931 2679 ab
942 2649 1001 2680 ali-

173 2696 346 2736 quo.Porro
361 2695 414 2734 qui
424 2692 558 2724 condidit
571 2692 686 2731 omnia,
701 2693 781 2723 Deus
797 2697 841 2724 est
856 2693 896 2724 Et
908 2695 1000 2724 Moses

1104 2695 1136 2722 τὰ
1183 2694 1269 2722 πάντα
1308 2692 1506 2722 κατασκευάσας
1555 2691 1632 2724 Θεός.

1084 2661 1096 2679 α
1128 2653 1181 2681 Πᾶς
1209 2649 1258 2688 γὰρ
1285 2647 1362 2679 οἶκος
1390 2647 1610 2683 κατασκευάζεται
1647 2647 1698 2676 ὑπό
1725 2659 1810 2680 τινος.
1839 2644 1868 2677 “Ο

1680 2693 1729 2721 Καὶ
1766 2695 1867 2726 Μωσῆς

211 2780 243 2806 ²ο
258 2779 354 2812 Exod.
372 2788 455 2815 xxiii,
474 2779 501 2808 'l.
