1936 3080
76 287 83 310 Ρ
123 285 160 316 ὡς
194 285 265 320 Υἱὸς,
293 284 336 312 ἐπὶ
366 285 410 312 τὸν
446 285 524 313 οἷκον
553 287 644 321 αὐτοῦ,

127 121 185 160 305

125 195 173 232 μὲν
203 196 295 226 πιστὸς
343 195 370 223 ἐν
412 195 468 233 ὅλῳ
481 199 520 232 τῷ
535 195 604 233 οἴκῳ
633 196 711 225 αὑτοῦ
759 198 795 228 ὡς
829 197 946 236 θεράπων

124 240 161 272 εἷς
207 240 346 278 μαρτύριον
376 242 428 268 τῶν
468 239 704 278 λαληθησομένων.
756 242 865 280 Χριστὸς
902 240 941 281 δὲ,

691 287 720 313 οὗ
759 286 836 318 οἶκός
863 285 943 323 ἐσμεν

122 329 216 366 ἡμεῖς,
246 329 291 356 ἐάν
318 329 368 368 πὲρ
409 329 458 362 τὴν
494 329 638 368 παῤῥησίαν
685 330 728 358 καὶ
756 330 786 358 τὸ
814 330 944 370 καύχημα

123 376 171 406 τῆς
221 372 325 406 ἐλπίδος
377 372 458 413 μέχρι
511 373 601 406 τέλους
648 373 754 412 βεϐαίαν
794 375 942 415 κατάσχω-

123 429 183 456 μιν.
203 430 217 446 Ι

161 462 272 496 Ἐπειδὴ
288 463 366 491 οἷκον
379 464 424 491 τὸν
452 463 515 491 )αὺν
546 464 590 491 καὶ
616 463 662 491 τὸν
691 464 790 497 Μωσῆν
819 463 942 492 ἐκάλεσεν

122 507 238 545 ἐνέμεινε
252 511 287 544 τῇ
311 511 409 546 τροπῇ,
445 508 488 536 καί
516 518 581 547 φησι
598 515 605 523 ·
646 509 838 547 Δημιούργημα
872 509 942 536 οὗτοι

136 552 143 563 ν
220 552 227 562 \
246 550 257 560 λ
274 555 285 559 “
383 553 389 562 1
435 552 440 559 ⁵
485 551 496 562 ν’
915 553 921 561 Ι

123 563 170 580 εισι
184 563 229 580 και
243 551 341 582 οουλοι,
359 557 394 580 Ou
413 563 463 590 γαρ
485 563 521 579 ενι
539 552 626 589 οἶκος,
644 553 665 580 εἷ
680 553 718 589 μή
740 563 764 580 τι
780 563 940 580 κατεσκευα-

76 592 77 595 Ὶ
122 598 183 629 σθη,
199 597 408 625 Κατεσκεύασται
423 595 449 624 δὲ
465 597 497 625 τὰ
522 597 618 633 πάντα,
636 596 692 634 μεθ’
720 597 756 624 ὧν
787 596 832 625 καὶ
854 597 868 624 ὁ
894 597 940 625 οϊ-

72 667 78 675 ,
121 652 167 672 χες
181 635 234 668 imo
249 646 294 670 τοῦ
329 643 451 680 Χριστοῦ.
482 635 572 674 ”Οστ,ν
607 641 650 668 οὖν
673 642 754 677 εἰκὸς,
783 641 858 680 φησὶ,
882 640 940 669 δια-

120 685 202 724 φορὰν
238 684 312 725 ἔχειν
347 685 462 718 ποιητὴν
489 686 651 722 ποιήματος,
686 686 816 718 τοσαύτην
844 686 901 725 ἔχει
928 687 942 713 ὸ

121 730 236 766 Χριστὸς
265 730 330 768 πρὸς
353 732 463 762 Μωσῆν.
493 741 506 756 ι
526 730 573 758 Καὶ
602 732 700 761 Mincii:
728 730 776 767 μὲν
809 731 900 762 πιστὸς
915 731 941 757 ἓν

120 773 175 810 ὅλῳ
197 775 236 810 τῷ
257 773 326 810 οἴκῳ
342 774 430 802 αὖτοῦ.
448 784 462 800 ι
487 774 555 801 Εἶτα
584 775 628 802 καὶ
643 773 726 807 ἄλλην
755 773 826 813 λέγει
854 773 943 814 διαφο-

121 819 167 857 ρὰν
183 821 297 857 Χριστοῦ
310 819 353 846 καὶ
378 817 506 854 Musaeum,
535 817 574 846 ὅτι
604 819 617 846 ὁ
653 819 700 856 μὲν
721 819 757 850 ὡς
793 817 882 850 δοῦλος
911 818 942 851 ἦν

11 849 72 901 υ
120 849 226 902 incred,
243 863 258 890 ὁ
272 861 298 890 δὲ
319 863 355 894 ὡς
372 863 430 894 Hoc
465 849 573 901 γνήσιος
592 863 635 890 καὶ
653 849 813 900 ¹ι’)μοούσιος,
833 849 941 895 Ἐπειδῆ

120 908 169 946 γὰρ
191 906 247 934 ἄνω
273 907 366 934 πιστὸν
388 905 497 934 ἐκάλετε
517 907 562 933 τὸν
590 907 710 945 Χριστὸν,
741 908 832 935 πιστὸν
848 906 874 934 δὲ
898 907 941 934 καὶ

68 967 72 979 ι
119 953 163 979 τὸν
178 953 290 990 Μωσῆν,
313 951 361 984 τὴν
375 949 499 990 διαιρορὰν
512 961 558 978 του
580 954 672 978 πιστοῦ
701 950 847 989 ἐξηγεῖται.
867 963 880 978 ε
898 952 940 982 Εἰς

0 918 6 943 Ξ
22 916 61 942 ξιῖί

4 972 33 988 11;
41 967 72 985 IT"

3 1014 53 1031 μη-πιτ

4 1107 13 1125 ζῖ
18 1107 42 1120 ,ω
46 1114 55 1117 ..

119 996 261 1035 μαρτύριον
286 998 338 1023 τῶν
362 994 598 1032 λαληθησομένων.
618 1006 630 1023 υ
662 996 704 1026 Εἷς
733 996 764 1023 τὸ
786 996 854 1023 εἶναι
870 996 939 1035 μάρ-

120 1051 182 1079 τυρα
217 1042 271 1067 τῶν
302 1038 470 1076 λαλουμένων
497 1039 567 1078 παρᾶ
600 1042 664 1067 Θεοῦ
698 1045 756 1070 τοῖς
793 1038 937 1075 Ἰουδαίοις,

119 1085 164 1112 ἵνα
179 1084 219 1122 μὴ
235 1083 261 1111 ὲν
277 1086 360 1123 καιρῷ
375 1083 483 1122 κρίσεως
512 1083 688 1122 ἀρτήσωνται.
720 1078 803 1115 ’Ἐοος
837 1084 886 1122 γὰρ
900 1087 941 1120 τῷ

121 1133 177 1166 Θεῷ
192 1129 237 1157 καὶ
258 1129 365 1167 οὐρανὸν
393 1128 437 1155 καὶ
465 1129 517 1166 γῆν
551 1128 594 1155 καὶ
629 1128 765 1167 φάραγγας
800 1127 939 1167 προσλαμ-

118 1173 206 1202 ϐάνειν
223 1173 259 1204 εἷς
275 1166 428 1211 μαρτυρίαν.
447 1184 459 1199 α
485 1166 588 1200 ’Ἄκουε
598 1166 658 1211 γὰρ,
675 1173 765 1212 φησὶν,
781 1166 883 1212 οῦρανὲ,
896 1173 940 1200 καὶ

117 1219 252 1257 ὶνωτίξου,
262 1218 280 1251 ἡ
290 1218 338 1256 γῆ.
351 1226 366 1245 ι
381 1217 429 1245 Καὶ
444 1215 522 1244 πάλιν
540 1224 546 1231 '
567 1228 580 1243 ι
599 1215 751 1253 Ἀκούσατε,
765 1217 908 1256 φάραγγες.
923 1227 936 1245 ι

118 1273 177 1290 -ι
192 1262 304 1301 Χριστὸς
316 1260 344 1289 δὲ
359 1261 396 1292 ὡς
413 1261 484 1292 Υἱός.
501 1271 513 1289 ι
533 1261 606 1289 Εῐκαὶ
616 1261 665 1300 γὰρ
675 1261 778 1300 πιστὸς,
788 1262 864 1301 φησὶ,
877 1259 939 1299 παρ’

119 1307 183 1344 ἐμοῦ
204 1307 369 1343 ὠνόμασται,
386 1304 445 1332 ἀλλ’
474 1306 510 1338 ὡς
533 1305 592 1337 Υἱὸς
614 1305 722 1343 γνήσιός
757 1306 811 1333 ἔστι
833 1306 937 1342 πιστὸς,

117 1352 147 1379 τὸ
163 1353 290 1390 Πατρῷον
305 1349 468 1388 ἀποπληρῶν
487 1348 604 1387 θέλημα,
620 1349 722 1386 μᾶλλον
749 1348 776 1376 δὲ
804 1349 835 1377 τὸ
850 1350 938 1378 κοινὸν

118 1398 166 1429 τῆς
196 1396 274 1434 ἁγίας
309 1393 428 1433 Τριάδος.
461 1403 476 1422 ε
512 1394 549 1422 Οὗ
588 1394 664 1425 οἶκός
706 1393 785 1431 ἐσμεν
811 1395 903 1431 ἡμεῖς.
922 1406 936 1421 ι

119 1441 153 1468 03
188 1442 302 1479 Χριστοῦ
331 1438 408 1470 οἶκός
457 1438 536 1476 ἔσμεν
587 1439 611 1466 οἱ
653 1439 751 1475 πιστοὶ,
795 1439 861 1466 κατὰ
895 1449 937 1477 το,

122 1496 132 1512 ι
151 1483 304 1518 Ἐνοικήσω
318 1483 344 1511 ἐν
366 1484 467 1515 αὐτοῖς.
489 1494 501 1510 ι
522 1499 558 1505 -
572 1493 583 1510 ι
601 1482 665 1511 Ἐὰν
690 1493 739 1522 περ
759 1483 808 1516 τὴν
834 1482 937 1522 παρῥη-

118 1529 186 1560 σίαν,
207 1539 220 1557 ι
237 1528 369 1565 Ἐσόμεθα
382 1527 460 1556 αὗτοῦ
475 1527 562 1562 οἶκος,
599 1526 643 1554 ἐὰν
660 1528 699 1564 μὴ
717 1526 939 1566 ἑγκαλυπτώμεθα

117 1573 159 1601 ἐπὶ
173 1576 208 1611 τῇ
225 1573 261 1604 εἷς
278 1573 355 1600 αὐτὸν
369 1572 467 1608 πίστει,
496 1571 564 1599 ἀλλὰ
603 1572 670 1609 μετὰ
698 1571 841 1610 παρρησίας
871 1583 937 1600 καυ-

117 1618 243 1657 χώμεθα,
281 1617 325 1644 καὶ
353 1616 386 1644 τὰ
407 1617 513 1656 χρηστὰ
542 1616 672 1653 λήψεσθαι
699 1615 761 1655 παρ’
800 1616 878 1644 αὒτοῦ
901 1618 937 1648 ὡς

118 1666 182 1691 Θεοῦ
196 1662 357 1700 ἐλπίζωμεν,
373 1661 412 1698 μὴ
437 1660 607 1698 σαλευόμενοι
636 1659 702 1698 μηδὲ
726 1659 889 1696 διστάζοντες
911 1661 937 1689 ἕν

116 1717 178 1737 τινι,

117 1750 257 1781 libertate
271 1748 452 1788 gloriemur:
470 1751 500 1778 et
513 1756 579 1788 qun
607 1747 681 1779 utila
709 1751 778 1778 sunt
801 1747 839 1778 ab
868 1747 932 1788 ipso

121 1794 304 1829 vacillantes.
322 1802 377 1825 nec
393 1793 422 1823 in
438 1792 537 1833 aliquo
551 1791 730 1824 dubitantes.

163 1851 177 1867 ι
196 1840 243 1867 Διὸ
258 1839 344 1870 καθὼς
366 1837 436 1876 λέγει
451 1839 480 1866 τὸ
507 1841 613 1875 Πνεῦμα
639 1838 669 1865 τὸ
697 1838 784 1877 ἅγιον,
818 1838 938 1877 Σήμερον

122 1885 165 1912 ἐὰν
192 1886 243 1916 τῆς
272 1885 361 1922 φωνῆς
397 1884 476 1911 αὐτοῦ
516 1882 658 1918 ἀκούσητε,
697 1882 735 1919 μὴ
776 1881 939 1921 σκληρύνητε

121 1929 167 1960 τὰς
195 1926 302 1966 καρδίας
329 1927 414 1964 ὑμῶν.
440 1927 476 1958 ὡς
504 1926 530 1954 ἐν
565 1929 604 1962 τῷ
641 1930 853 1966 παραπικρασμῷ
887 1937 939 1954 κα-

120 1974 153 2001 τὰ
184 1974 235 2007 τὴν
269 1973 370 2012 ἡμέραν
399 1976 445 2000 τοῦ
471 1976 618 2010 πειρασμοῦ
643 1971 670 1999 ἐν
704 1974 738 2009 τῇ
773 1972 874 2011 ἐρήμῳ,
911 1972 940 2000 οὗ

120 2017 261 2057 ἓπειρασὰν
290 2028 323 2054 με
351 2018 374 2045 οἱ
421 2016 531 2056 πατέρες
572 2015 658 2053 ὐμῶν,
696 2014 872 2053 Ἐδοκίμασάν
907 2027 939 2053 με

120 2062 164 2090 καὶ
205 2060 279 2089 εἶδον
303 2061 336 2089 τὰ
363 2060 427 2100 ἔργα
467 2061 531 2098 Γμου
565 2060 757 2100 τεσσαράκοντα
785 2060 843 2093 ἔτη.
895 2062 940 2088 Διὸ

121 2105 294 2145 προσώχθισα
309 2109 342 2143 τῇ
371 2108 448 2143 γενεᾷ
478 2105 576 2142 ὲκείνῃ,
607 2105 650 2132 καὶ
676 2111 765 2141 ετπον,
787 2104 842 2132 Ἀεὶ
867 2104 939 2132 πλα-

122 2153 216 2178 νῶνται
231 2152 265 2188 τῇ
279 2148 380 2188 καρδίᾳ.
413 2149 488 2178 Αὐτοὶ
515 2148 543 2176 δὲ
579 2149 624 2177 οῦκ
653 2148 769 2188 ἔγνωσαν
797 2149 844 2180 τὰς
866 2147 940 2180 ὁδοὺς

122 2205 184 2234 μου,
206 2195 244 2226 ὡς
265 2193 359 2232 ὤμοσα
373 2193 400 2222 ἒν
473 2193 539 2232 ὀργῇ
566 2204 616 2230 μου
644 2194 665 2221 εἰ
694 2193 883 2221 εἰσελεύσονται
904 2194 940 2225 εἷς

123 2239 171 2272 τὴν
184 2238 347 2266 κατάπαυσίν
362 2249 423 2275 μου.
449 2249 461 2265 η

164 2284 252 2312 Εἰπὼν
267 2281 307 2310 ὅτι
329 2283 384 2322 χρὴ
405 2282 438 2311 τὰ
462 2282 569 2322 χρηστὰ
602 2281 714 2317 ἐλπίζειν
729 2282 798 2321 παρὰ
812 2283 859 2310 τοῦ
874 2285 939 2321 Χρι-

124 2331 186 2356 στοῦ
200 2332 244 2356 νῦν
259 2337 338 2366 φησιν
355 2326 395 2354 ὃτι
420 2326 450 2354 οῦ
476 2325 517 2354 δεῖ
545 2326 608 2365 πρὸς
638 2326 685 2359 τὴν
715 2326 801 2354 πίστιν
827 2327 871 2354 καὶ
893 2327 941 2360 τὴν

124 2370 214 2400 ἐλπίδα
228 2371 326 2403 ταύτην
345 2370 541 2409 ἀποσκληρῦναι
569 2370 618 2403 τὴν
639 2369 744 2409 καρδίαν
778 2371 866 2409 ἡμὼν,
895 2370 941 2399 ’ἕνα

124 2416 162 2454 μὴ
185 2415 311 2453 πάθωμεν
335 2414 401 2454 ἅπερ
436 2416 459 2443 oi
487 2415 514 2442 ὲν
548 2417 582 2452 τῇ
617 2414 708 2453 ἐρήμῳ
749 2414 941 2449 ἀπιστήσαντες

125 2460 279 2489 πεπόνθασι.
297 2459 332 2488 Τὸ
343 2458 370 2486 δὲ
405 2459 530 2498 σήμερον,
561 2460 591 2487 τὸ
615 2458 655 2486 ἀεὶ
682 2457 774 2495 δηλοῖ,
803 2459 865 2487 ὡσεὶ
880 2458 940 2487 ἕλε-

125 2514 169 2543 γεν
192 2512 200 2519 ⁸
218 2498 288 2532 ’⁸οτε
320 2502 352 2538 δή
387 2513 450 2532 ποτε
469 2503 512 2532 καὶ
539 2503 588 2535 ἕως
616 2503 670 2531 ἐστι
696 2504 727 2531 τὸ
761 2504 875 2543 σήμερον
897 2504 942 2532 ἐὰν

127 2547 255 2582 ἀκούσητε
283 2549 333 2581 τὴν
361 2548 451 2588 φωνὴν
484 2551 530 2576 τοῦ
578 2546 719 2578 καλοῦντος
750 2551 871 2587 Χριστοῦ,
902 2548 940 2585 μὴ

127 2592 234 2633 σκληροὶ
255 2593 300 2620 καὶ
327 2591 442 2626 δυσήνιοι
457 2591 568 2631 γένησθε
583 2592 629 2622 τὰς
663 2590 767 2630 καρδίας
797 2592 832 2623 εἷς
861 2593 890 2619 τὸ
905 2594 943 2630 μὴ

127 2636 235 2665 ἀκοῦσαι
250 2636 339 2667 αὑτοῦ,
372 2647 384 2664 α
400 2635 445 2669 Μὴ
470 2635 644 2676 σκληρύνητε.
663 2647 676 2663 ι
715 2637 750 2664 Τὸ
765 2636 814 2675 γὰρ
829 2635 944 2675 σκληρὸν

129 2682 170 2709 καὶ
203 2680 337 2709 δύσεικτον
364 2681 409 2708 καὶ
437 2680 569 2718 ἀκαμπὲς,
600 2680 664 2719 πρὸς
692 2681 737 2708 τὸν
759 2678 943 2720 διαλεγόμενίν

664 131 861 163 COMMENT.
884 130 926 162 IN
947 129 1067 162 EPIST.
1090 133 1141 164 AD
1161 133 1275 164 HEBR.

1749 127 1809 159 306

957 205 977 223 Α
988 196 1109 234 quidem
1122 197 1220 237 ﬁdelis
1234 198 1294 237 fuit
1309 201 1342 229 in
1357 201 1419 229 tota
1434 198 1518 228 domo
1532 197 1617 228 illius
1637 196 1730 228 veluti
1744 196 1806 226 mi-

983 241 1092 277 nister,
1109 241 1141 272 in
1156 243 1329 273 testimonio
1343 250 1449 273 eorum
1473 251 1539 282 qua
1561 241 1690 273 dicenda
1705 243 1803 271 erant.

984 284 1007 314 A
1015 287 1025 314 t
1034 284 1172 317 Christus
1180 289 1325 326 tanquam
1333 286 1432 316 Filius
1444 286 1669 317 administravit
1683 285 1807 316 domum

984 328 1091 368 ipsius,
1117 331 1206 366 cuius
1233 331 1339 361 domus
1362 339 1466 361 sumus
1482 339 1548 366 nos,
1564 331 1591 360 si
1607 329 1750 368 loquendi
1765 329 1804 359 li—

984 373 1126 405 bertatem
1140 378 1169 406 et
1183 374 1401 415 gloriationem
1411 377 1486 415 spei,
1495 374 1534 405 ad
1544 374 1633 414 ﬁnem
1643 381 1738 413 usque
1747 373 1804 413 ﬁr-

984 426 1064 448 mam
1083 420 1284 450 tenuerimus.

1024 463 1168 499 Quoniam
1184 464 1306 495 domum
1333 468 1490 496 vocaverat
1514 464 1655 504 populum
1669 467 1698 494 et
1712 463 1801 494 etiam

984 509 1096 546 Mosen,
1113 510 1275 549 permansit
1295 509 1326 540 in
1341 514 1436 550 tropo,
1454 513 1483 540 et
1498 508 1539 540 ait
1554 518 1561 540 :
1580 508 1721 539 Creatura
1735 511 1804 538 sunt

983 553 1115 593 hiatque
1131 554 1218 584 servi.
1236 553 1299 584 Non
1325 553 1404 584 enim
1429 553 1575 593 coutingit
1599 561 1665 584 esse
1681 553 1801 583 domum

984 597 1039 627 nisi
1069 597 1179 637 aliquid
1209 603 1376 628 exstruatur
1400 607 1407 628 :
1434 602 1581 628 exstructa
1609 601 1677 627 sunt
1705 600 1803 626 autem

983 641 1108 672 omniaa
1122 642 1249 679 Christo,
1267 642 1344 672 inter
1360 652 1425 682 quae
1440 643 1528 672 etiam
1544 645 1588 672 est
1605 641 1669 681 ipsa
1684 641 1801 671 domus.

983 685 1125 721 Quantam
1143 695 1210 724 ergo
1227 696 1342 726 {equum
1352 690 1436 717 estut
1451 685 1557 716 habeat
1572 684 1802 726 prmcellentiam

983 729 1008 760 is
1022 730 1071 770 qui
1088 730 1221 760 condidit
1236 740 1325 771 supra
1346 740 1420 770 opus
1435 730 1513 770 quod
1529 729 1672 765 condidit,
1693 733 1802 760 tantam

984 774 1072 805 habet
1095 774 1227 805 Christus
1243 785 1332 815 supra
1347 777 1460 807 Mosen.
1479 787 1491 802 α
1509 774 1545 805 Et
1570 777 1665 804 Moses
1681 774 1802 814 quidem

954 817 1079 850 Bﬁdelis
1102 818 1155 848 fuit
1178 818 1208 849 in
1232 823 1289 849 tota
1311 819 1399 849 domo
1429 819 1518 850 illius.
1547 832 1560 846 ν
1583 818 1697 850 Deinde
1713 818 1800 848 aliam

982 871 1100 902 quoque
1109 863 1191 902 ponit
1199 863 1396 894 differentiam
1407 863 1594 895 interMosen
1603 863 1800 899 etChristum,

981 907 1059 947 quod
1075 907 1125 938 ille
1141 907 1259 948 quidem
1278 913 1417 948 tanquam
1435 917 1536 939 servus
1553 911 1616 938 erat
1632 906 1738 943 ﬁdelis,
1756 907 1802 937 hic

980 960 1049 981 vero
1066 956 1202 992 tanquam
1219 952 1310 983 Filius
1322 953 1463 983 naturalis
1478 952 1648 992 etejusdem
1662 951 1802 982 substan—

980 995 1038 1026 tize.
1070 995 1215 1031 Quoniam
1255 997 1334 1027 enim
1371 997 1509 1037 superius
1545 996 1663 1026 ﬁdelem
1691 995 1804 1026 vocavit

979 1038 1137 1076 Christum,
1156 1041 1272 1071 ﬁdelem
1288 1046 1388 1072 autem
1414 1045 1442 1071 et
1469 1040 1580 1074 Mosen,
1598 1043 1696 1070 narrat
1714 1039 1803 1070 diﬁ‘e-

978 1083 1104 1114 rentiam
1121 1085 1149 1114 in
1166 1085 1318 1116 ﬁdelitate.
1336 1097 1347 1113 ι
1361 1084 1393 1115 In
1409 1084 1612 1115 testimonium
1621 1093 1723 1115 eorum
1737 1094 1803 1124 quae

980 1128 1107 1158 dicenda
1122 1133 1237 1158 erant.)
1256 1129 1292 1160 Ut
1308 1129 1391 1160 testis
1406 1133 1484 1160 esset
1500 1138 1602 1159 eorum
1615 1138 1680 1168 quze
1691 1127 1804 1159 Judzeis

979 1171 1295 1209 dicerenturaDeo,ne
1310 1173 1414 1213 judicii
1425 1179 1558 1213 tempore
1574 1173 1603 1203 id
1621 1173 1729 1203 factum
1738 1181 1803 1203 esse

981 1217 1202 1255 negarentﬂeo
1215 1217 1294 1248 enim
1320 1218 1412 1248 moris
1428 1222 1472 1248 est
1483 1222 1511 1248 et
1525 1218 1631 1248 cmlum
1649 1221 1678 1248 et
1693 1220 1802 1247 terram

981 1270 1015 1291 ac
1023 1261 1113 1292 valles
1123 1261 1153 1291 in
1168 1262 1369 1293 testimonium
1390 1271 1552 1293 assumere.
1565 1274 1577 1289 σι
1587 1261 1676 1298 Audi,
1692 1260 1801 1301 inquit,

981 1305 1104 1345 ccelum,
1120 1309 1150 1336 et
1164 1306 1286 1337 auribus
1304 1307 1435 1347 pert-ipe.
1452 1310 1532 1337 terra
1545 1306 1602 1335 24.»
1620 1305 1656 1336 Et
1670 1314 1801 1336 rursum:

984 1361 997 1376 α
1006 1350 1123 1386 Audite,
1135 1351 1235 1381 valles.
1245 1359 1295 1381 l—
1309 1351 1363 1381 «At
1379 1350 1513 1382 Christus
1529 1354 1666 1390 tanquam
1678 1349 1802 1380 Filius.»

980 1394 1054 1425 Nam
1070 1394 1138 1425 licet
1154 1405 1169 1425 a
1187 1404 1244 1431 me,
1258 1395 1364 1436 inquit,
1387 1395 1555 1426 nominatus
1570 1395 1608 1425 sit
1622 1394 1732 1434 ﬁdelis,
1748 1394 1800 1424 sed

982 1442 1116 1478 tanquam
1134 1439 1227 1470 Filius
1242 1440 1386 1470 naturalis
1401 1444 1445 1470 est
1456 1439 1564 1477 ﬁdelis,
1580 1440 1737 1470 Paternam
1750 1447 1802 1470 ex-

948 1489 968 1515 c
982 1482 1064 1522 plens
1077 1483 1269 1520 voluntatem,
1288 1484 1380 1523 magis
1402 1488 1501 1515 autem
1527 1493 1591 1514 eam
1613 1493 1679 1524 quae
1693 1487 1803 1514 sanctae

980 1525 1115 1557 Trinitati
1126 1529 1292 1558 communis
1303 1528 1472 1567 esthujus
1484 1527 1590 1558 domus
1604 1536 1706 1558 sumus
1718 1536 1803 1558 uos.»

979 1571 1070 1610 Cujus
1093 1570 1201 1602 Christi
1224 1571 1330 1602 domus
1357 1581 1460 1602 sumus
1487 1571 1602 1608 ﬁdeles,
1625 1571 1698 1601 556
1719 1571 1802 1611 juxta

979 1615 1071 1646 illud:
1089 1626 1100 1643 α
1114 1615 1291 1646 Inhabitebo
1310 1616 1340 1646 in
1367 1616 1425 1646 illis
1436 1616 1473 1645 εί.
1491 1628 1501 1645 ι
1523 1633 1559 1638 -
1574 1627 1587 1643 α
1606 1615 1637 1646 Si
1660 1615 1801 1656 loquendi

979 1659 1124 1690 libertate.
1142 1672 1155 1688 ι
1169 1660 1287 1690 Erimus
1300 1660 1406 1691 domus
1421 1660 1515 1700 ipsius
1531 1660 1556 1690 si
1572 1669 1630 1690 non
1646 1659 1805 1690 erubueri-

978 1713 1044 1734 mus
1059 1704 1097 1734 ob
1114 1704 1202 1735 ﬁdem
1219 1715 1284 1745 qua
1304 1704 1401 1745 ipsum
1427 1709 1482 1742 est,
1513 1704 1566 1735 sed
1593 1713 1661 1734 cum
1684 1704 1804 1739 dicendi

958 1752 1095 1789 tanquam
1125 1758 1143 1780 a
1171 1749 1231 1780 Deo
1261 1759 1314 1780 nos
1342 1753 1518 1790 accepturos
1546 1758 1713 1789 speremus,
1746 1758 1806 1779 non

1020 1837 1070 1875 IIl,
1095 1839 1184 1870 7-11.
1217 1839 1416 1879 Quapropter
1449 1840 1527 1870 sicut
1560 1839 1634 1870 dicit
1672 1838 1806 1878 Spiritus

978 1886 1121 1913 sanctus:
1138 1883 1235 1914 Hodie
1246 1884 1273 1913 si
1282 1892 1381 1914 vocem
1390 1885 1453 1923 ejus
1467 1884 1640 1922 audieritis,
1656 1891 1694 1913 ne
1705 1882 1803 1914 obdu-

979 1928 1054 1956 retts
1081 1926 1173 1956 corda
1198 1931 1306 1964 vestra,
1331 1928 1410 1958 sicut
1439 1927 1675 1959 exacerbatione
1701 1927 1803 1958 indie

981 1971 1157 2000 tentationis
1174 1971 1205 2001 in
1218 1971 1410 2009 deserto,ubi
1424 1975 1619 2002 tentaverunt
1633 1979 1680 2001 me
1695 1971 1804 2001 Patres

980 2014 1085 2054 vestri,
1105 2014 1314 2054 probaverunt
1339 2024 1387 2046 me
1412 2020 1440 2046 et
1464 2016 1605 2047 viderunt
1631 2023 1723 2055 opera
1737 2023 1804 2045 mea

981 2058 1185 2098 quadraginta
1201 2060 1300 2090 annis.
1320 2060 1513 2100 Quapropter
1528 2060 1664 2100 infensus
1687 2059 1736 2098 fui
1750 2067 1804 2099 ge-

980 2103 1134 2133 nerationi
1149 2103 1210 2141 illi,
1226 2107 1256 2135 et
1270 2104 1338 2135 diei
1353 2115 1359 2136 :
1377 2104 1503 2144 Semper
1517 2104 1550 2135 hi
1570 2107 1676 2135 errant
1691 2103 1781 2134 corde
1792 2115 1804 2140 ,-

981 2147 1041 2186 ipsi
1054 2156 1125 2178 vero
1141 2157 1199 2178 non
1213 2152 1415 2188 cognoverunt
1432 2152 1497 2180 vias
1512 2157 1604 2186 meas,
1617 2151 1651 2179 ut
1664 2149 1804 2187 iurarem

983 2191 1015 2221 in
1030 2191 1079 2221 ira
1095 2200 1163 2222 mea
1176 2193 1205 2223 si
1220 2192 1390 2224 introibant
1407 2194 1437 2224 in
1454 2193 1586 2233 requiem
1601 2202 1710 2224 meam.

951 2239 972 2264 Ι)

1021 2281 1077 2314 Ubi
1090 2282 1163 2312 dixit
1175 2283 1253 2322 quod
1271 2287 1406 2323 oporteat
1415 2283 1498 2314 utilia
1514 2293 1659 2324 sperarea
1671 2284 1799 2322 Christo,

982 2336 1061 2357 nunc
1075 2326 1115 2357 ait
1131 2327 1209 2367 quod
1225 2327 1260 2357 ad
1278 2327 1366 2358 ﬁdem
1379 2332 1408 2359 et
1426 2338 1511 2368 spem
1535 2329 1621 2359 istam
1637 2338 1696 2359 non
1713 2338 1804 2369 opor-

983 2375 1041 2401 teat
1055 2371 1202 2402 abdurare
1209 2373 1299 2402 corda
1311 2376 1419 2409 nostra,
1425 2382 1463 2403 ne
1472 2373 1642 2413 contingant
1649 2372 1733 2404 nobis
1739 2383 1806 2414 qua:

984 2415 1170 2455 contigerunt
1194 2416 1239 2446 his
1255 2417 1304 2456 qui
1320 2417 1349 2446 in
1375 2416 1492 2448 deserto
1509 2417 1628 2448 fuerunt
1642 2417 1803 2450 increduli.

983 2459 1078 2491 Hodie
1102 2463 1212 2498 autem,
1236 2460 1382 2500 signiﬁcat
1406 2470 1533 2502 semper,
1559 2470 1592 2492 ac
1616 2461 1640 2492 si
1667 2462 1804 2494 diceret:

984 2503 1224 2545 Quandocunque
1241 2509 1268 2535 et
1284 2505 1361 2546 quod
1377 2506 1544 2546 appellatur
1561 2505 1625 2537 dies
1636 2506 1810 2547 hodiernus,

985 2547 1010 2578 si
1026 2548 1178 2580 audieritis
1200 2558 1302 2580 vocem
1329 2549 1476 2590 loquentis
1499 2550 1619 2589 Christi,
1641 2560 1680 2582 ne
1695 2551 1761 2582 duri
1778 2555 1808 2582 et

986 2593 1113 2624 ell'renes
1137 2593 1306 2624 eﬁiciamini
1329 2594 1470 2625 cordibus
1491 2595 1527 2626 ad
1550 2605 1609 2626 non
1624 2595 1805 2626 audiendum

985 2636 1092 2676 ipsum.
1114 2649 1125 2666 α
1139 2637 1182 2668 Ne
1197 2637 1359 2669 obduretis.
1377 2651 1390 2666 ι
1405 2639 1516 2670 Durum
1533 2640 1613 2670 enim
1626 2644 1671 2671 est
1686 2640 1716 2670 id
1728 2639 1807 2680 quod

985 2689 1060 2720 aegre
1077 2681 1272 2722 obtemperat,
1290 2686 1320 2714 et
1331 2684 1410 2715 ﬂecti
1432 2693 1492 2715 non
1508 2688 1605 2724 potest
1619 2684 1656 2715 ad
1672 2693 1739 2716 cum
1755 2684 1806 2724 qui

165 2760 191 2785 3'
208 2759 293 2792 Deut.
310 2767 402 2797 xxxu,
421 2762 448 2791 l.
465 2758 494 2785 23
509 2758 600 2790 Levit.
616 2768 696 2798 xxvi,
717 2760 753 2792 12
767 2771 775 2800 ;
793 2759 819 2792 ll
831 2759 899 2792 Cor.
913 2769 953 2801 v1,
972 2762 1020 2792 l6.
