1936 3080
194 148 253 181 307
752 148 956 179 ΟΕΟΗΜΕΝΣΙ
978 147 1022 178 TE

1105 147 1125 177 E
1146 145 1315 178 EPISCOPI
1818 143 1878 177 308

193 214 444 247 disserit.aCorda
460 218 583 245 vestra.»
601 214 720 245 Etenim
734 213 888 251 Israelitze,
903 212 1011 253 inquit,

1105 224 1134 243 .v.
1166 223 1177 241 ιι
1195 214 1245 245 Τὰς
1274 212 1378 253 καρδίας
1404 214 1490 250 ὑμῶν.
1515 224 1528 240 ι)
1562 213 1610 241 Καὶ
1631 212 1679 252 γὰρ
1715 214 1738 240 οἱ
1768 211 1879 252 Ἰσραη-

193 260 267 291 duro
283 259 372 290 corde
387 259 467 297 facti,
488 258 740 290 exacerbaverunt
755 263 784 288 et
799 257 834 288 ad
851 258 923 288 iram
940 267 1011 297 pro-

1105 269 1136 298 ιι,
1173 259 1248 298 φησὶ,
1281 258 1390 297 σκληροὶ
1415 259 1461 290 τὰς
1486 256 1590 296 καρδίας
1622 258 1771 296 γενόμ-ενοι,
1806 269 1878 297 παρ-

192 307 371 335 vocaverunt
393 303 485 334 Deum
515 303 564 343 qui
589 303 662 342 ipsis
682 302 865 343 loquebatur.
886 314 899 329 α
916 302 949 332 In
965 301 1012 332 die

1105 313 1193 342 ιραναν
1206 303 1252 330 τὸν
1267 302 1396 331 λαλοῦντα
1413 303 1502 334 αὑτοῖς
1521 302 1597 333 Θεόν,
1617 312 1628 329 α
1647 302 1721 330 Κατὰ
1736 302 1784 335 τὴν
1804 302 1877 339 ἡμέ-

192 348 375 379 tentationis.
397 360 408 378 υ
423 347 459 378 Ει
474 347 568 388 qualis
592 347 649 378 fuit
673 348 736 378 haac
749 346 932 377 exacerbatio
948 355 1013 386 qua;

1135 350 1182 375 τοῦ
1209 350 1366 387 πειρασμοῦ.
1386 359 1399 374 ι
1433 347 1482 375 Καὶ
1509 353 1588 378 ποῖος
1611 347 1686 378 οὗτος
1715 347 1729 374 ὁ
1757 357 1879 385 παραπι-

193 393 224 423 in
239 393 288 423 die
299 393 376 423 facta
390 391 448 423 est?
459 385 576 432 quando
591 391 738 424 increduli
753 391 820 421 facti
836 391 908 426 Deo,
921 385 1013 421 tenta-

1107 391 1172 428 σμός
1189 392 1202 419 ὁ
1226 392 1293 419 κατὰ
1321 392 1369 425 τὴν
1391 391 1492 430 ἡμέραν
1527 391 1668 430 γενόμενος
1687 399 1695 426 ;
1719 385 1788 418 υΟτε
1810 391 1879 418 ἀπι-

193 437 356 469 banteum.
372 450 385 464 «
405 436 479 467 Num
495 435 613 476 poterit,
630 436 776 476 inquiunt,
793 440 822 465 ct
837 444 942 475 panem
959 435 1013 465 da-

1105 438 1178 466 ὒντες
1212 439 1249 472 τῷ
1264 439 1332 472 Θεῷ,
1350 436 1484 475 ἐπείραζον
1504 435 1593 464 αὺτόν.
1621 446 1634 462 α
1658 435 1703 467 Μὴ
1725 433 1879 469 δυνήσεται,

193 491 227 513 re
241 486 290 512 aut
306 490 411 522 parare
435 490 568 511 mensam
593 481 702 520 populo
719 480 836 511 suo???
848 492 861 507 ››
875 497 914 502 -
929 491 939 507 ιι
958 478 1015 510 Ubi

1105 480 1130 516 vi,
1161 481 1203 508 καὶ
1232 479 1310 519 ἧρτον
1345 479 1443 520 δοῦναι,
1467 480 1485 513 ἢ
1507 480 1644 517 ἑτοιμάσαι
1679 479 1810 519 τράπεζαν
1840 482 1881 515 τῷ

195 530 383 557 tentaverunt
399 535 458 557 me.
481 537 490 553 ι
511 527 550 562 οὗ,
562 525 592 556 id
609 530 665 562 est,
692 525 755 559 ubi,
786 533 894 563 nempe
919 524 948 554 in
964 523 1014 553 de-

1105 525 1227 564 31'510'3;
1249 537 1258 552 I
1297 541 1335 546 —
1353 536 1365 552 ιι
1397 526 1433 553 Οὖ
1454 524 1593 564 ἐπείρασαν
1615 534 1660 561 με.
1686 535 1700 550 ι
1734 525 1780 559 Οὗ,
1797 522 1881 562 ὅπου,

196 575 286 601 serto.
309 572 368 602 Aut
378 572 407 599 οὗ
416 559 563 610 πειρασμῷ
573 569 603 600 id
624 559 678 605 estI
697 579 754 609 qua
769 559 932 599 tentet-ioue
947 572 1014 598 ten-

1105 568 1200 606 τέστιν,
1220 559 1251 597 ’ἐν
1287 572 1321 607 τῇ
1348 569 1450 608 ἐρήμῳ.
1484 559 1525 608 Ἰξί,
1556 569 1592 597 Οὗ
1617 559 1764 606 ’ἐπείρασαν
1789 559 1885 606 πειραξ

198 618 332 646 laverunt
347 624 405 652 me,
421 618 454 644 ut
469 616 498 642 οὗ
512 614 551 644 sit
563 613 705 644 articulus
722 618 750 644 et
772 623 830 643 non
846 612 902 642 loci
918 612 1015 642 mani-

1105 618 1134 649 ιῠ,
1150 612 1227 650 *ίναῇ
1252 614 1292 650 τὸ,
1321 615 1367 650 0-5,
1394 613 1496 652 ἄρθρον,
1525 612 1592 640 ἀλλὰ
1615 612 1653 650 μὴ
1681 613 1763 640 τὸπου
1785 611 1881 645 δηλω-

195 659 373 691 festativum.
390 671 403 686 «
418 658 554 689 Infensus
569 667 634 689 sum
651 657 833 697 generationi
850 657 903 688 illi.
923 670 936 684 ι)
954 656 1016 687 Hoc

1105 657 1141 686 όν.
1169 667 1180 684 α
1198 658 1371 698 Προσώχθισα
1400 660 1433 695 τῇ
1461 660 1538 696 γενεᾷ
1564 656 1664 695 ἐκείνῃ.
1682 668 1696 684 ι
1732 658 1809 696 Οῖον,
1828 656 1882 684 ἐπ-

197 708 252 741 est,
268 703 348 744 gravi
364 707 393 734 et
415 702 559 733 iracundo
580 702 623 732 fui
637 703 736 732 animo
765 711 834 741 erga
857 701 963 741 ipsam,
981 710 1016 731 eo

1105 704 1148 733 ὶῶς
1164 701 1245 742 ἔσχον
1260 703 1326 742 πρὸς
1349 702 1442 737 αὐτὴν,
1459 701 1500 730 διὰ
1515 703 1545 730 τὸ
1558 701 1596 729 ἀεὶ
1618 701 1740 729 ἀπιστεῖν
1759 702 1803 728 καὶ
1818 711 1883 728 πει-

197 742 281 789 ιιυοάή
296 756 415 787 semper
429 757 446 778 a
461 757 508 778 me
532 746 723 783 descisceret,
751 755 857 786 meque
877 750 1013 776 tentaret.

1106 757 1142 773 ειν
1165 757 1209 783 με,
1230 759 1240 774 ‹
1262 742 1307 777 Ὠς
1322 747 1414 784 ὤμοσα
1436 747 1463 774 ἐν
1478 750 1512 784 τῇ
1535 748 1601 786 ὀργῇ
1614 756 1675 784 μου.
1703 757 1713 773 ι
1729 746 1772 777 Εἰς
1788 750 1884 774 τοσοῦ-

199 805 213 820 ‹ι
227 792 408 832 Utjurarem
423 791 453 822 in
468 791 513 821 ira
528 800 607 822 mea.
627 803 638 820 ι)
656 790 689 821 In
705 794 829 827 tantum,
844 790 1015 830 inquit,non

1107 815 1114 830 ,
1137 792 1227 830 φησὶν,
1244 791 1290 819 οὐκ
1305 791 1422 830 ἔγνωσαν
1450 791 1495 823 τὰς
1524 790 1598 822 ὁδοὺς
1622 801 1682 827 μου,
1711 789 1762 821 ἕως
1790 791 1821 818 οὗ
1843 791 1883 821 εἷς

196 839 397 876 cognoverunt
413 836 474 866 vias
488 845 581 874 meas,
604 844 757 875 quousque
771 835 807 865 ad
822 835 878 865 hoc
897 843 942 864 me
969 835 1016 863 in-

1105 836 1133 862 τὸ
1149 847 1181 872 με
1210 835 1321 874 ἤγαγον,
1351 836 1418 863 ὥστε
1444 835 1539 872 ὀμόσαι
1575 835 1613 872 μη
1641 834 1768 862 εἰσελθεῖν
1785 835 1884 866 αὖτοὺς

196 882 355 919 duxerunt,
370 882 542 920 utjurarem
565 880 642 920 quod
660 880 821 919 ingressuri
841 889 901 910 non
917 882 1017 908 essent

1129 880 1176 912 τὴν
1204 880 1364 908 κατάπαυσίν
1401 891 1460 919 μου,
1511 879 1638 916 τουτέστι,
1673 879 1723 911 τὴν
1743 881 1794 917 γῆν
1830 881 1885 909 τῖις

196 926 227 957 in
242 926 376 966 requiem
395 935 501 962 meam,
519 925 576 955 hoc
593 929 646 961 est,
665 929 773 955 terram
800 923 1013 964 promissionis,

1105 923 1227 962 ιγγελίας,
1253 924 1280 951 ἐν
1307 926 1325 962 ᾗ
1353 924 1510 956 εἰσελθόντες
1539 922 1650 960 ἔμελλον
1680 923 1731 951 ἀπὸ
1760 926 1884 951 τῶνπο-

197 971 228 1001 ὶη
241 980 329 1011 quam
345 979 411 1001 cum
438 969 565 1008 ingressi
590 973 702 1005 essent,
729 969 857 999 futurum
877 972 939 998 erat
954 971 1015 997 uta

1105 979 1145 995 ,ων
1166 968 1352 998 ἀναπαύεσθαι.
1380 980 1393 995 α
1417 970 1446 997 Εἰ
1468 967 1657 996 εἰσελεύσονται
1680 968 1715 1000 εἰς
1731 968 1779 1000 τὴν
1792 968 1884 994 κατα-

197 1015 284 1046 bellis
294 1015 493 1056 quiescerent.
512 1015 581 1044 557
597 1025 610 1043 σι
621 1013 651 1045 Si
662 1013 824 1044 introibunt
839 1013 868 1043 in
883 1012 1015 1052 requiem

1105 1024 1152 1040 ισιν
1168 1025 1229 1051 μου.
1248 1024 1261 1043 )
1289 1013 1362 1042 Ἀλλ’
1379 1014 1478 1042 ἐκεῖνοι
1494 1013 1541 1051 μὲν
1563 1014 1756 1047 ἀπιστήσαντες
1770 1014 1812 1040 ιιαὶ
1823 1024 1885 1040 πει·

199 1069 304 1091 meam.
322 1072 333 1089 ι)
351 1058 408 1090 Sed
423 1059 466 1088 illi
482 1058 601 1098 quidem
624 1067 690 1088 cum
707 1057 854 1088 increduli
879 1057 1014 1093 fuissent,

1105 1068 1184 1088 αντες
1206 1059 1250 1086 τὸν
1262 1059 1326 1086 Θεὸν
1342 1061 1388 1088 οὒκ
1403 1058 1522 1091 εἰσ-ἦλθον
1537 1059 1573 1089 εἷς
1590 1057 1780 1091 Παλαιστίνην,
1807 1058 1884 1090 Αὕτη

198 1114 258 1135 non
273 1108 341 1135 sunt
364 1097 496 1142 ingressi
520 1102 716 1133 Palaestinam.
732 1102 804 1132 Nam
822 1103 883 1132 haec
899 1101 1018 1140 requies

1105 1114 1109 1128 ι
1127 1103 1144 1135 ἡ
1160 1103 1329 1135 κατάπαυσις.
1347 1097 1429 1140 Ἠμϊν
1444 1102 1471 1131 δὲ
1488 1103 1512 1130 τί
1526 1102 1610 1140 ἔσται,
1637 1103 1712 1141 φησὶ,
1744 1103 1782 1140 μὴ
1798 1102 1886 1135 οῧσης

199 1153 271 1181 erat.
288 1148 383 1181 Nobis
397 1154 508 1183 autem,
526 1147 632 1188 inquit,
649 1147 718 1187 quid
736 1147 803 1183 erit,
819 1155 885 1176 cum
903 1155 962 1176 non
982 1145 1020 1175 sit

1105 1157 1148 1184 ρας
1165 1147 1352 1178 καταπαύσεως
1381 1147 1423 1175 ἐπὶ
1452 1147 1513 1185 γῆς,
1548 1147 1581 1180 ἧς
1603 1146 1736 1184 μελλομεν
1772 1153 1885 1186 στερεῖ-

198 1194 256 1224 alia
269 1193 389 1233 requies
407 1192 438 1222 in
465 1196 553 1227 terra,
572 1201 628 1231 qua
653 1191 785 1231 privandi
801 1200 903 1221 sumus
918 1190 943 1220 si
957 1190 1018 1220 Deo

1105 1201 1118 1217 ιι
1152 1190 1316 1222 ἀπειθοῦντες
1346 1195 1420 1231 Θεῷ,
1452 1192 1510 1227 Ναὶ,
1541 1192 1630 1231 φησὶν,
1668 1190 1739 1218 ἔσται
1766 1192 1810 1219 καὶ
1839 1196 1886 1220 νῦν

199 1248 258 1269 non
271 1238 427 1269 credamus
436 1236 451 1267 ‘2
462 1236 608 1274 Profecto,
625 1236 676 1272 ait,
689 1236 778 1267 etiam
791 1244 869 1265 nunc
881 1234 938 1265 erit
951 1243 1019 1264 vera

1105 1234 1222 1267 εάπαυσις
1236 1236 1253 1269 ἡ
1270 1235 1396 1272 ἂληθινὴ,
1413 1236 1444 1269 ἧς
1458 1237 1538 1268 τύπος
1559 1236 1591 1269 ἦν
1620 1235 1706 1268 ἐκείνη
1721 1236 1738 1268 ἡ
1767 1234 1884 1272 παλαιὰ,

199 1283 328 1323 requies,
345 1282 431 1321 cujus
445 1281 496 1311 illa
509 1285 595 1311 vetus
619 1284 683 1311 erat
707 1281 798 1319 ﬁgura
816 1290 822 1310 :
841 1283 870 1310 et
886 1280 945 1323 hac
956 1279 1018 1318 pri-

1125 1279 1241 1319 μέλχετε
1256 1280 1354 1314 ταύτης
1374 1282 1533 1320 στερεῖσθαι,
1562 1279 1639 1319 εἴπερ
1661 1280 1820 1314 ἀπιστήσετε
1844 1283 1887 1316 τῷ
1935 1279 1936 1283 ¹

199 1322 286 1358 validi
301 1326 384 1364 estis,
401 1325 458 1356 nisi
474 1325 590 1356 Christo
616 1323 846 1355 credidideritis.
867 1322 1019 1362 Siquidem

1105 1325 1176 1359 ιστῷ,
1210 1325 1257 1352 Καὶ
1287 1325 1335 1364 γὰρ
1363 1331 1434 1364 τρεῖς
1463 1326 1512 1353 εὶσι
1540 1325 1728 1356 καταπαύσεις.
1765 1325 1817 1352 Μία
1853 1325 1887 1352 τὸ

201 1372 307 1412 triplex
332 1375 377 1401 est
400 1369 520 1410 requies
536 1378 615 1400 :una
641 1374 686 1400 est
713 1367 942 1412 Sabbatumpin
963 1376 1020 1406 quo

1105 1366 1208 1404 ἔϐατθν,
1230 1369 1257 1397 ἐν
1271 1371 1294 1406 ᾧ
1321 1369 1484 1397 κατέπαυσεν
1500 1371 1513 1397 ὸ
1541 1369 1605 1399 Θεός
1634 1368 1687 1396 ἀπὸ
1716 1371 1768 1396 τῶν
1796 1368 1885 1408 ἔργων

200 1415 345 1456 requievit
371 1415 451 1445 Deus
477 1413 514 1444 ab
542 1413 682 1453 operibus
698 1413 778 1450 suis;
795 1411 936 1448 secunda,
952 1422 1020 1451 pro-

1105 1415 1151 1443 τοῦ.
1176 1413 1297 1453 Δευτέρα,
1314 1415 1331 1447 ἦ
1358 1413 1539 1453 ἐπεηελμένη
1567 1416 1616 1447 της
1639 1413 1816 1446 Παλαιστίνης

201 1460 292 1491 missa
308 1458 464 1491 Palestinaa
480 1462 559 1488 terra
576 1466 582 1488 :
601 1458 697 1495 tertia,
712 1458 832 1488 omnino
848 1465 925 1493 vera,
936 1457 1020 1497 cujus

1105 1457 1152 1494 τη,
1170 1458 1187 1490 ἡ
1203 1458 1284 1489 ὅντως
1299 1459 1343 1486 καὶ
1355 1457 1468 1495 ἀληθὴς,
1485 1459 1518 1492 ἧς
1543 1458 1624 1489 τύπος
1647 1458 1713 1491 ἦσαν
1734 1459 1758 1487 αἱ
1773 1458 1886 1496 εἰρημέ-

202 1504 267 1535 duas
282 1503 429 1545 praedictae
444 1503 536 1541 ﬁgura
550 1506 644 1539 erant,
661 1502 713 1532 ubi
737 1502 809 1540 fugit
834 1504 931 1534 omnis
954 1504 1019 1534 luc—

1117 1500 1171 1539 δύο,
1194 1504 1211 1535 ὴ
1225 1502 1344 1540 βασιλεία
1359 1506 1410 1531 τῶν
1440 1503 1566 1542 οὖρανιῦν,
1597 1502 1656 1531 ἔνθα
1684 1501 1782 1540 ἀπέδρα
1810 1506 1887 1530 πᾶσα

202 1552 259 1587 tus,
276 1544 360 1579 dolor
375 1556 411 1578 ac
425 1546 563 1586 gemitus.
579 1546 640 1577 Hac
655 1555 737 1586 ergo,
761 1547 867 1587 inquit,
886 1548 1020 1588 privandi

1105 1557 1133 1578 τη
1171 1547 1214 1574 καὶ
1237 1545 1314 1580 οδύνη
1344 1549 1386 1575 καὶ
1415 1548 1571 1586 στεναγμός.
1595 1550 1697 1580 Ταῦτης
1733 1546 1788 1582 οὖν,
1818 1549 1887 1586 φησί

201 1594 283 1630 estis,
297 1592 322 1622 si
337 1591 456 1623 Christo
470 1600 530 1621 non
545 1591 746 1622 credideritis.

1105 1589 1176 1618 λλετε
1199 1593 1344 1630 στερεῖσθαι
1360 1591 1547 1626 ἀπειθήσαντες
1562 1595 1601 1629 τῷ
1617 1593 1731 1630 Χριστῷ,

240 1637 290 1674 ΙΙΙ,
310 1636 409 1668 12-15.
430 1635 537 1672 Videte,
555 1636 679 1674 ﬁ'atres,
692 1645 730 1666 ne
739 1637 858 1675 quando
870 1639 908 1669 sit
922 1639 954 1669 in
966 1639 1021 1670 ali-

200 1691 259 1722 quo
274 1685 406 1713 vestrum
417 1689 469 1712 cor
481 1689 610 1719 pravum
627 1680 861 1718 incredulz'latis,
878 1686 910 1712 ut
925 1683 1020 1714 decis-

200 1730 280 1758 cata
296 1726 356 1757 Deo
370 1726 500 1761 vivente;
523 1725 575 1756 sed
596 1725 798 1756 exhortemini
821 1735 872 1757 vos
895 1728 1022 1759 invicem

198 1770 345 1812 quotidie,
375 1769 471 1809 quoad
499 1768 674 1809 appellatur
696 1770 759 1800 dies
782 1769 946 1802 hodiernus
962 1781 1022 1803 :ne

199 1819 268 1857 quis
283 1824 322 1847 ex
332 1815 415 1847 vobis
427 1814 594 1845 obduretur
605 1814 778 1844 seductione
792 1816 909 1854 peccati
913 1816 1010 1855 .Siqm‘

197 1861 266 1892 dem
284 1860 452 1901 participes
475 1859 549 1898 facti
571 1867 676 1889 sumus
690 1859 815 1895 Christi,
830 1860 858 1890 si
872 1869 944 1890 sane
959 1862 1022 1891 ini-

199 1907 275 1937 tium
290 1904 468 1936 substantiae
482 1912 576 1943 usque
596 1911 615 1933 α
639 1903 729 1942 ﬁnem
752 1903 874 1943 ﬁrmum
888 1908 1024 1935 tenueri-

199 1953 310 1990 n‘mus,
324 1950 357 1980 in
371 1948 427 1980 hoc
438 1948 516 1988 quod
530 1948 656 1987 dicitur,
673 1948 769 1978 Hodie
792 1949 819 1979 si
842 1957 941 1979 vocem
960 1951 1025 1988 ejus

200 1994 372 2031 audieritis,
384 2002 421 2024 ne
436 1992 590 2024 obduretz's
607 1992 698 2024 corda
710 1996 808 2024 vestra
820 1994 896 2024 sicut
908 1994 940 2024 in
952 2003 1023 2025 exa-

198 2039 383 2071 cerbatione.

239 2083 386 2114 Timentis
401 2081 523 2113 verbum
539 2086 603 2113 est:
619 2081 735 2122 Videte,
753 2082 860 2122 inquit,
877 2093 915 2113 ne
931 2087 958 2114 et
971 2093 1023 2114 vos

200 2132 320 2168 propter
334 2126 573 2158 incredulitatem
598 2135 667 2157 vera
682 2127 839 2166 prlvemini
853 2127 954 2167 requie
969 2137 1021 2158 re-

199 2174 249 2213 gni
257 2172 411 2204 caelorum.
419 2171 493 2202 «Cor
500 2180 637 2211 pravum.
646 2183 656 2200 ιο
670 2171 758 2202 Multa
766 2171 844 2202 enim
857 2176 926 2202 sunt
935 2181 1022 2211 prava

199 2216 290 2248 corda
305 2216 523 2247 incredulitatis
538 2216 599 2246 sive
613 2216 779 2247 incredula.
806 2216 859 2247 Est
874 2216 954 2247 enim
972 2226 1023 2247 cor

199 2270 323 2302 pravum
334 2260 617 2300 incredulum,quod
634 2269 755 2300 pravum
773 2264 817 2291 est
831 2261 866 2291 ad
884 2271 942 2291 non
956 2270 1023 2292 cre-

199 2306 343 2344 dendum,
360 2305 397 2337 ad
414 2305 578 2342 avaritiam,
605 2305 641 2336 ad
662 2305 848 2336 inferendam
869 2306 1022 2346 injuriam,

198 2351 235 2382 ad
252 2351 441 2388 ebrietatem,
459 2351 574 2390 aliaque
591 2350 763 2390 hujusmodi
777 2350 941 2381 innumera.
958 2351 1022 2382 Ma-

199 2397 245 2435 gis
259 2401 359 2427 autem
376 2399 404 2426 et
419 2395 502 2426 nulla
529 2394 606 2425 facta
631 2395 864 2434 comparatione,
883 2394 940 2426 Cor
952 2404 1021 2435 pra-

199 2450 266 2471 vum
283 2440 473 2471 incredulum
489 2443 533 2470 est
550 2439 628 2480 qnod
644 2449 661 2470 a
673 2439 732 2470 ﬁde
755 2440 883 2471 discedit
898 2448 964 2480 quae
979 2443 1023 2470 est

199 2486 229 2516 in
245 2485 352 2517 Deum.
369 2484 475 2516 Videte
502 2484 601 2524 igitur,
618 2484 726 2524 inquit,
743 2493 782 2515 ne
801 2484 919 2525 quando
935 2483 973 2514 sit
991 2483 1023 2514 in

198 2530 297 2571 aliquo
312 2534 443 2561 vestrum
461 2537 512 2560 cor
532 2537 654 2569 pravum
667 2529 855 2560 incredulum
867 2540 873 2558 :
887 2527 1024 2559 incredu-

199 2574 312 2606 litatem
324 2583 394 2605 vero
407 2574 476 2605 dico
491 2573 662 2604 desciscere
685 2582 702 2604 a
725 2573 784 2604 Deo
800 2573 925 2604 vivente.
942 2574 1022 2604 Bene

199 2622 299 2650 autem
312 2620 370 2650 ait:
387 2619 446 2650 Cor
460 2627 583 2659 pravum
601 2618 803 2650 incredulum.
831 2620 882 2650 Est
898 2617 977 2648 enim
993 2621 1022 2647 et

198 2672 250 2696 cor
262 2664 373 2695 bonum
388 2663 590 2704 incredulum,
602 2664 686 2703 juxta
700 2663 773 2693 illud
793 2673 799 2694 :
813 2662 856 2693 Ne
868 2662 950 2694 omni
961 2661 1022 2702 spi-

197 2709 270 2740 ritui
286 2708 486 2749 credideritis,
516 2708 569 2739 sed
593 2708 716 2749 probate
742 2707 875 2748 spiritus,
900 2716 970 2738 num
986 2715 1021 2737 ex

236 2793 266 2819 ’ὅ
279 2793 359 2826 Psal.
375 2801 487 2831 Lxxvn,
508 2793 554 2825 19.

1107 1646 1118 1662 ι
1137 1634 1263 1671 Βλέπετε,
1291 1635 1406 1675 ἀδελφοὶ,
1424 1637 1462 1674 μὴ
1485 1646 1550 1664 ποτε
1582 1635 1654 1664 ἔσται
1676 1635 1702 1663 ἐν
1736 1646 1786 1663 τινι
1810 1636 1888 1673 ὑμῶν

1063 1678 1153 1718 καρδία
1188 1681 1290 1719 πονηρᾶ
1331 1681 1451 1712 ἀπιστίας
1498 1680 1526 1708 ἐν
1561 1684 1599 1717 τῷ
1637 1680 1784 1713 ἀποστῆναι
1831 1681 1888 1708 ἀπὸ

1064 1727 1128 1751 Θεοῦ
1169 1727 1277 1759 ζῶντος.
1321 1725 1404 1753 Ἀλλὰ
1445 1724 1624 1764 παρακαλεῖτε
1676 1725 1782 1756 ἑαυτοὺς
1825 1724 1888 1753 καθ’

1065 1768 1178 1801 ἑκάστην
1214 1769 1326 1809 ἡμέραν,
1355 1770 1433 1809 ἄχρις
1472 1771 1500 1798 οὗ
1548 1771 1577 1797 τὸ
1605 1770 1720 1808 σήμερον
1748 1768 1887 1807 καλεῖται,

1063 1811 1108 1840 ἴνα
1136 1813 1174 1850 μὴ
1204 1813 1351 1853 σκληρυνθῇ
1375 1814 1400 1846 ἐξ
1434 1815 1506 1851 ὑμῶν
1535 1825 1574 1845 τις
1602 1814 1691 1847 ἀπάτη
1726 1814 1774 1847 τῆς
1802 1814 1891 1853 ἁμαρ·
1935 1832 1936 1842 ;

1064 1857 1130 1888 τίας.
1161 1858 1277 1898 Μέτοχοι
1310 1860 1359 1898 γὰρ
1385 1859 1530 1898 γεγόναμεν
1566 1861 1611 1885 τοῦ
1637 1861 1761 1897 Χριστοῦ,
1788 1858 1889 1897 ἐάνπερ

1065 1901 1114 1934 τὴν
1147 1902 1235 1942 ἆρχὴν
1276 1905 1325 1936 τῆς
1352 1904 1519 1934 ὑποστάσεως
1548 1902 1628 1942 μέχρι
1659 1902 1750 1933 τέλους
1777 1901 1889 1940 βεϐαίαν

1066 1947 1256 1987 κατάσχωμεν,
1293 1949 1320 1975 ἓν
1348 1952 1386 1985 τῷ
1413 1947 1562 1987 λέγεσθαι·
1594 1950 1715 1986 Στμερον
1758 1946 1802 1975 ἐὰν
1835 1950 1886 1980 τῆς

1066 1991 1154 2030 φωνῆς
1170 1991 1247 2020 αὖτοῦ
1271 1992 1412 2032 ἀκούσητε,
1443 1993 1481 2030 μὴ
1509 1991 1672 2030 σκληρύνητε
1701 1991 1748 2022 τὰς
1777 1991 1887 2030 καρδίας

1064 2036 1136 2073 ὑμῶν
1158 2038 1194 2067 ὼς
1217 2037 1243 2064 ἐν
1317 2039 1541 2077 παραπικρασμῷ.
1569 2048 1580 2064 ο

1104 2079 1250 2113 Φοϐοὖντος
1278 2082 1307 2109 τὸ
1349 2082 1431 2120 ῥῆμα,
1483 2081 1607 2118 Βλέπετε,
1638 2081 1712 2120 φησὶ,
1769 2080 1808 2118 μὴ
1843 2082 1891 2109 καὶ

1063 2125 1140 2161 ὑμεῖς
1155 2123 1197 2152 διὰ
1225 2126 1274 2159 τὴν
1302 2126 1424 2154 ἀπιστίαν
1448 2128 1598 2166 στηρηοῆτε
1614 2128 1662 2158 τῆς
1684 2124 1793 2164 ὄντωςς
1816 2124 1889 2152 ἄνα-

1064 2170 1196 2206 παύσεως,
1233 2173 1280 2203 τῆς
1316 2170 1449 2208 βασιλείας
1494 2174 1546 2198 τὼν
1574 2172 1699 2209 οὐρανῶν.
1748 2180 1758 2196 ε
1789 2169 1888 2209 Καρδία

1034 2205 1175 2251 Ι)ττονηρά.
1205 2228 1215 2242 ω
1249 2215 1347 2244 Πολλαὶ
1382 2217 1428 2253 μέν
1459 2217 1508 2244 εἶσι
1536 2215 1637 2255 καρδίαι
1678 2215 1792 2253 πονηραὶ
1820 2215 1889 2242 ἀπι-

1064 2260 1148 2291 στίας.
1185 2254 1265 2288 ’Ἐστι
1289 2261 1339 2300 γὰρ
1373 2260 1465 2300 καρδία
1493 2262 1595 2300 πονηρᾶ
1623 2259 1757 2296 ἀπιστίας,
1788 2260 1819 2286 τὸ
1848 2261 1888 2296 μὴ

1064 2305 1195 2332 πιστεύειν
1208 2306 1287 2333 κανὸν
1318 2305 1388 2334 εἶναι
1417 2307 1446 2333 τὸ
1475 2305 1702 2345 φιλοχρηματεῖν,
1734 2304 1764 2332 τὸ
1789 2303 1886 2344 ἄρχειν

1064 2347 1172 2388 ὕϐρεως,
1203 2350 1233 2377 τὸ
1275 2350 1456 2390 μεθύσκεσθαι,
1479 2351 1521 2378 καὶ
1570 2350 1647 2390 μυρία
1677 2347 1756 2378 ἄλλα.
1787 2352 1889 2384 Μεῖζον

1064 2392 1091 2421 δὲ
1121 2395 1163 2422 καὶ
1192 2394 1364 2434 ἀσυγκρίτως,
1394 2395 1484 2435 καρδία
1514 2395 1568 2423 ἐστὶ
1605 2395 1708 2434 πονηρὰ
1749 2394 1887 2432 ἀπιστίας,

1063 2439 1080 2472 ἦ
1116 2439 1280 2477 ἀφισταμένη
1316 2439 1364 2473 τῆς
1402 2440 1515 2472 πίστεως
1544 2443 1593 2473 τῆς
1628 2440 1695 2479 πρὸς
1739 2439 1785 2466 τὸν
1808 2443 1885 2470 Θεον,

1065 2482 1178 2510 Βλέπετε
1201 2483 1255 2520 οὖν,
1279 2484 1353 2522 φησὶ,
1378 2484 1415 2521 μή
1441 2494 1504 2512 ποτε
1521 2483 1591 2512 ἔσται
1617 2485 1644 2512 ἕν
1665 2495 1715 2512 τινι
1729 2483 1803 2521 ὑμῶν
1818 2495 1888 2524 καρ-

1065 2526 1105 2554 δία
1134 2529 1237 2567 πονηρὰ
1273 2528 1409 2560 ἀπιστίας.
1453 2527 1590 2561 Ἀπιστίας
1627 2527 1654 2556 δέ
1682 2539 1764 2568 φημι,
1795 2531 1862 2568 φησὶ
1880 2538 1886 2544 '

1065 2574 1113 2605 τῆς
1139 2572 1291 2611 ἇφιστώσης
1320 2573 1372 2600 ἀπὸ
1409 2576 1474 2601 Θεοῦ
1499 2575 1605 2608 ζῶντος.
1644 2572 1738 2604 Καλῶς
1764 2572 1792 2601 δέ
1807 2585 1885 2613 φησι,

1064 2615 1160 2655 Καρδία
1197 2618 1300 2656 πονηρὰ
1341 2617 1474 2650 ἀπιστίας.
1508 2613 1588 2646 ’Ἐστι
1630 2619 1750 2657 γὰρκαὶ
1793 2618 1886 2658 καρδία

1063 2661 1149 2700 ἀγαθὴ
1178 2662 1312 2700 ἀπιστίας,
1341 2663 1377 2694 ὡς
1423 2663 1465 2702 τὸ,
1507 2673 1518 2690 ι
1550 2663 1594 2696 Μὴ
1634 2663 1766 2691 πιστεύετε
1806 2667 1886 2693 παντὶ

1063 2706 1202 2743 πνεύματι,
1237 2705 1306 2734 ἀλλὰ
1350 2706 1503 2743 δοκιμάζετε
1544 2708 1575 2737 τὰ
1603 2708 1751 2747 πνεύματα,
1796 2709 1818 2736 εί
1857 2709 1886 2738 ἐκ
