1936 3080
221 117 280 149 299

781 120 986 155 (EGUMENII
1007 120 1155 152 ΤΒ.ΙοοΕ
1173 120 1341 153 EPISCOPI

1851 120 1905 153 300

221 186 286 217 nis:
304 186 360 216 hoc
376 189 431 225 est,
457 184 488 216 in
510 185 653 224 sanguine
678 194 782 216 sumus
798 190 827 217 et
842 196 944 224 carne,
971 197 985 217 e

1137 187 1228 226 τέο-τιν,
1251 188 1278 216 ἐν
1292 188 1388 226 αἵματί
1410 189 1488 226 ἐσμεν
1516 189 1563 218 καί
1585 190 1672 229 σαρκὶ,
1693 190 1738 218 καὶ
1767 188 1793 216 ἒν
1821 189 1901 228 φθαρ-

220 229 462 270 corruptibilibus
485 230 670 269 terrenisque
696 231 880 270 corporibus.
908 231 989 262 Hanc
1004 231 1042 261 ob

219 284 339 306 causam
356 274 540 313 unigenitum
557 274 611 304 Dei
628 273 769 312 Verbum,
782 284 848 306 cum
863 276 945 315 juxta
960 280 1042 306 natu-

218 329 282 350 ram
297 319 354 350 vita
371 323 459 358 esset,
477 317 625 358 partiCeps
640 318 733 350 factus
749 323 794 349 est
810 320 933 351 horum:
946 329 1001 350 nec
1011 320 1041 350 id

219 364 383 396 secundum
400 363 490 393 alium
507 362 638 399 modum,
656 363 706 393 sed
723 363 922 402 pariformiter
938 364 1040 394 nobis-

219 418 300 440 cum.
320 418 331 436 (ι
349 407 386 438 Ut
404 415 456 446 per
471 410 609 438 mortem.
630 419 640 435 η
669 407 782 438 Deinde
799 408 886 438 etiam
904 410 1040 438 incarna-

221 453 310 483 tionis
325 460 443 482 causam
456 450 538 487 dicit,
552 455 584 481 ut
595 451 777 489 aboleretur,
796 452 1040 492 inquit,diabolus

220 498 270 538 qui
286 496 390 527 mortis
404 495 496 525 robur
521 495 659 532 habebat,
677 495 847 527 aboleretur
869 501 966 527 autem
989 506 1041 536 per

221 541 513 579 mortem.Tanquam
530 539 644 570 diceret
659 551 664 569 :
679 539 702 571 Ο
718 541 771 571 Dei
787 541 973 580 sapientiam!
986 541 1041 572 Per

221 590 347 617 mortem
363 584 467 615 habuit
482 583 616 614 diabolus
631 584 792 625 robur,per
805 589 930 616 mortem
943 585 1041 616 abole-

221 629 388 662 bitur.Nam
404 629 452 659 his
467 629 557 658 armis
567 628 707 659 adversus
719 639 786 659 eum
802 639 872 660 usus
889 635 931 660 est
942 631 1040 662 Chris-

220 680 278 712 tus,
305 674 413 714 quibus
438 673 502 712 ipse
537 677 641 712 potens
667 673 731 704 fuit.
760 673 912 710 Quomodo
941 679 1038 705 autem

220 720 389 751 dominatur
405 718 512 748 morti?
527 717 602 753 Quia
617 717 780 748 dominium
793 719 907 749 habens
921 719 950 749 in
968 728 1039 758 pec-

217 764 328 796 catum"
345 773 378 793 ex
404 772 460 802 quo
490 762 626 801 procedit
652 771 742 799 mors,
761 763 848 793 etiam
872 763 1041 794 dominatur

220 808 319 845 morti,
337 816 403 837 cum
420 806 511 836 robur
527 806 629 836 mortis
646 806 683 836 sit
700 811 863 846 peccatum,
882 807 936 842 Qui
951 807 1040 846 igitur

1083 239 1142 263 τοῖς
1163 233 1206 260 καὶ
1227 234 1332 271 γηΐνοις
1363 233 1480 271 σώμασι,
1511 234 1612 268 Ταύτης
1641 233 1717 262 ἕνεκα
1745 234 1794 267 τῆς
1823 233 1902 264 αἰτίας

1083 277 1097 303 ὁ
1114 277 1259 315 μονογενὴς
1273 280 1319 305 τοῦ
1334 281 1398 305 Θεοῦ
1433 278 1518 316 Λόγος
1545 278 1602 313 ζωὴ
1631 278 1699 305 κατὰ
1726 277 1805 316 φύσιν
1820 275 1902 314 ὑπάρ-

1083 331 1141 357 γων
1163 321 1278 361 μετέσχε
1291 324 1343 349 τῶν
1360 321 1455 359 αὐτῶν,
1485 322 1529 350 καὶ
1555 323 1584 349 οὺ
1606 321 1663 350 καθ’
1691 321 1778 361 ἕτερον
1795 320 1902 360 τρόπον,

1083 364 1151 392 ἆὶλα
1172 365 1363 404 παραπλησίως
1378 367 1458 403 ἡμῖν,
1492 377 1506 393 α
1524 361 1586 394 Ἵνα
1613 365 1656 393 διὰ
1682 371 1728 395 τοῦ
1748 365 1870 404 θανάτου.
1888 374 1901 393 )

1084 409 1153 436 Εἶτα
1167 403 1215 436 καὶν
1231 411 1280 443 τῆς
1295 409 1517 448 ἐνανθρωπήσεως
1532 409 1604 449 λέγει
1633 410 1683 443 τὴν
1713 410 1808 438 αἰτίαν.
1827 403 1902 447 ιἸνα,

1083 453 1157 491 φησὶ,
1181 455 1336 493 καταργηθῇ
1351 455 1365 481 ὁ
1380 455 1410 482 τὸ
1424 455 1519 493 κράτος
1536 454 1607 494 ἔχων
1643 457 1689 482 τοῦ
1714 454 1825 483 θανάτου
1839 451 1903 480 διά-

1082 494 1158 527 ϐολος
1183 505 1190 511 ⁸
1204 499 1358 536 καταργηθῇ
1380 496 1407 526 δὲ
1421 497 1463 526 διὰ
1477 502 1522 526 τοῦ
1537 499 1659 538 θανάτου,
1685 498 1721 530 ὡς
1743 499 1765 525 εἷ
1792 497 1871 525 εἶπεν
1895 505 1900 510 ·

1092 546 1128 568 Liv
1143 541 1233 580 σοφίας
1250 545 1314 570 Θεοῦ
1331 541 1337 570 ί
1358 543 1405 570 Δια
1427 546 1474 570 τοῦ
1496 543 1607 571 θανάτου
1628 542 1693 582 ἔσχε
1721 542 1751 569 τό
1783 542 1877 581 κράτος
1892 542 1905 568 ὁ

1081 584 1213 625 διάϐολος,
1241 584 1282 613 διὰ
1316 590 1363 614 τοῦ
1389 587 1499 615 θανάτου
1528 586 1746 621 καταλυθήσεται,
1788 584 1819 626 ᾯ
1855 586 1903 624 γὰρ

1082 629 1194 668 ἴσχυσεν
1209 629 1294 667 ὅπλῳ,
1312 631 1395 668 τούτῳ
1410 630 1470 658 κατ’
1490 632 1569 660 αὒσοῡ
1592 632 1605 659 ὁ
1626 632 1737 670 Χριστὸς
1753 631 1902 670 ἐχρήσατο.

1083 677 1140 706 Πῶς
1162 673 1188 701 δὲ
1204 673 1281 713 ἄρχει
1297 678 1342 702 τοῦ
1363 676 1498 715 θανάτου;
1527 670 1591 704 υΟτι
1626 678 1676 708 τῆς
1705 675 1832 714 ἁμαρτίας
1856 674 1905 713 ἆρ-

1081 729 1139 757 χων
1162 717 1187 750 ἐξ
1208 718 1240 752 ἧς
1255 720 1269 746 ὁ
1283 719 1404 759 θάνατος,
1420 720 1463 747 καὶ
1482 723 1527 747 τοῦ
1557 720 1667 748 θανάτου
1704 718 1796 759 ἄρχει,
1823 718 1905 756 ἤγουν

1081 763 1174 801 κράτος
1195 763 1305 790 θανάτου
1320 764 1337 796 ἡ
1354 764 1477 802 ἁμαρτία,
1505 759 1602 804 “Eme
1625 764 1669 792 οὖν
1691 766 1740 798 τὴν
1769 763 1902 802 ἂμαρτίαν

1080 808 1124 834 καὶ
1153 807 1258 845 εὗρετὴς
1284 808 1365 840 αὐτῆς
1393 809 1533 847 ὑπάρχων,
1569 809 1600 836 τὸ
1627 809 1721 848 κράτος
1770 807 1828 846 ἔχει
1859 811 1905 835 τοῦ

218 857 375 894 peccatum
399 851 497 887 habet,
523 850 677 890 ipsiusque
704 851 841 881 inventor
865 856 919 888 est,
950 861 981 882 ro

1139 851 1201 890 ἱτου,
1221 850 1343 891 (εἴπομεν
1359 852 1408 891 γὰρ
1504 846 1649 892 ἁμαρτίαν
1669 853 1740 881 εἶναι
1769 853 1799 880 τὸ
1834 853 1903 890 κρά-

217 897 307 929 habet
320 896 436 927 mortis.
454 895 587 925 Diximus
604 895 683 925 enim
700 900 852 935 peccatum
868 895 960 926 robur
974 905 1039 927 esse

219 943 333 979 mortis,
354 945 383 972 ut
399 941 436 970 sit
454 940 509 970 iste
526 949 630 970 sensus
647 948 653 969 :
673 941 728 970 Per
743 940 890 980 propriam
914 945 1037 971 mortem

218 986 348 1018 abolevit
363 984 512 1015 diabolum
530 984 687 1014 habentem
701 984 866 1023 subjectum
893 984 950 1015 sibi
966 994 1036 1024 pec-

219 1036 327 1070 catum,
345 1029 423 1070 quod
442 1031 486 1058 est
504 1028 642 1058 fortitudo
664 1037 698 1058 ac
722 1028 813 1059 robur
835 1029 937 1059 mortis
954 1038 963 1059 :
980 1029 1037 1059 nisi

219 1076 298 1107 enim
316 1076 370 1104 hoc
386 1077 581 1113 expugnasset
594 1072 843 1109 liominem,mors
853 1082 1037 1113 nequaquam

216 1121 358 1150 intrasset
370 1119 400 1149 in
417 1117 570 1148 mundum.
584 1134 623 1139 —-—
638 1128 649 1145 «
668 1117 841 1157 Quicunque
864 1123 943 1148 metu
955 1128 1037 1149 mor-

217 1165 265 1195 tis.
284 1175 298 1194 ι
315 1163 500 1202 Priusquam,
529 1161 635 1201 inquit,
665 1161 835 1192 aboleretur
864 1171 953 1199 mors,
984 1172 1037 1202 per

216 1214 306 1241 totam
331 1208 419 1238 vitam
445 1206 581 1237 homines
605 1205 715 1236 obnoxi
738 1210 823 1236 erant
846 1216 880 1237 ac
909 1208 1035 1247 subjecti

217 1253 318 1285 timon'
344 1251 517 1283 servitutis:
538 1250 681 1281 timebant
709 1251 788 1281 enim
817 1255 940 1282 mortem
970 1261 1035 1291 quae

222 1298 353 1329 nondum
369 1295 478 1326 abolita
493 1299 556 1325 erat
571 1304 578 1325 :
597 1298 626 1325 et
645 1294 718 1325 nihil
734 1295 917 1325 sacularium
934 1295 1035 1335 volup-

217 1347 309 1374 tatum
335 1341 481 1371 delectare
512 1343 623 1379 poterat
649 1339 796 1376 cordaios,
822 1339 911 1379 idque
928 1340 1033 1371 timore

213 1386 364 1422 mortis,in
379 1385 500 1415 modum
517 1383 647 1414 crudelis
661 1393 695 1413 ac
704 1383 771 1414 szevi
785 1384 897 1414 domini
907 1384 1033 1415 instante

216 1440 337 1471 semper
351 1440 384 1460 ac
401 1433 568 1460 exterrente
584 1438 634 1459 eos
649 1429 699 1468 qui
714 1433 796 1459 erant
810 1429 840 1459 in
858 1428 1031 1460 terra.«0b-

213 1476 294 1506 noxii
319 1479 402 1506 erant
422 1474 566 1505 servituti.
585 1486 598 1500 »
617 1472 773 1503 Timebant
795 1473 932 1503 homines
949 1483 1031 1504 mor—

1080 906 1123 926 τος
1138 900 1183 924 τοῦ
1196 896 1328 931 Θανάτου.)
1363 896 1409 924 ἵνα
1435 896 1517 928 οὕτως
1547 896 1593 930 εἴη
1613 906 1620 913 ·
1660 898 1708 924 Διὰ
1734 901 1780 926 τοῦ
1807 896 1905 924 οἰκείου

1080 941 1190 967 Θανάτου
1226 941 1379 979 κατήργησε
1409 941 1458 974 τὴν
1485 941 1613 980 ἁμαρτιαν
1628 942 1781 981 ὑποχείριον
1804 940 1905 980 ἔχοντα

1079 985 1124 1011 τὸν
1158 983 1289 1022 διάϐολον,
1319 984 1377 1018 ἥτις
1405 986 1473 1013 εστὶν
1501 987 1577 1025 ὶσχὺς
1617 987 1711 1024 κρατὸς
1746 986 1792 1013 τοὺ
1819 985 1904 1013 θανά·
1934 1006 1935 1015 η

1079 1041 1135 1060 του.
1154 1030 1246 1069 Εἰγᾶρ
1268 1031 1307 1068 μὴ
1339 1031 1405 1064 13m
1431 1032 1574 1071 κατίσχυσε
1601 1037 1646 1062 τοῦ
1680 1032 1826 1070 ἆνθρώπου⁴
1858 1032 1907 1059 οὐκ

1079 1073 1109 1101 ἂν
1124 1075 1138 1101 ὁ
1153 1074 1262 1105 θάνατος
1279 1074 1396 1108 εἰσῆλθεν
1412 1076 1448 1107 εἷς
1462 1076 1508 1103 τὸν
1523 1076 1634 1114 κόσμον,
1655 1093 1693 1098 -
1707 1088 1718 1104 σ
1735 1072 1817 1104 ⁸Ὀσοι
1827 1075 1905 1115 φόϐῳ

1078 1118 1199 1148 Θανάτου.
1220 1128 1233 1147 )
1252 1118 1363 1159 [ΦΩἸἎ]
1393 1121 1467 1159 Πρὶν.
1483 1121 1558 1160 φησὶ,
1602 1123 1755 1161 καταργηθῇ
1790 1122 1804 1148 ὁ
1817 1121 1905 1148 θάνα-

1078 1174 1121 1194 -ος
1157 1162 1190 1190 δι’
1214 1162 1260 1191 ὅλο
1321 1167 1332 1172 ’
1365 1167 1377 1171 ”
1476 1163 1490 1174 ³¹
1637 1165 1649 1174 ν
1764 1165 1777 1175 ⁷
1859 1176 1865 1181 ”
1896 1166 1902 1172 “

1083 1184 1091 1190 .
1126 1186 1134 1199 ,
1261 1174 1334 1192 υτου
1347 1168 1394 1202 ζῃν
1422 1166 1445 1191 οἱ
1474 1166 1605 1204 ανθρωποι
1633 1177 1727 1205 ανοχοι
1762 1176 1842 1204 ησαν,
1861 1176 1904 1192 και
1933 1194 1935 1200 γ

1076 1207 1211 1235 ὑπέκειντο
1235 1206 1308 1246 φόϐῳ
1345 1207 1473 1241 δουλείας.
1497 1208 1675 1238 Ἐδεδοικεσαν
1689 1210 1738 1249 γὰρ
1765 1210 1810 1237 τὸν
1825 1208 1903 1238 οὔπω

1076 1251 1273 1290 καταργηθέντα
1302 1253 1423 1284 θάνατον,
1462 1255 1511 1283 Καὶ
1549 1254 1632 1292 οὐδὲν,
1662 1255 1737 1294 φησὶ,
1759 1254 1820 1285 τοὺς
1850 1254 1902 1293 ἆρ-

1075 1296 1196 1335 τίφρονας
1213 1295 1293 1336 ἴσχυε
1318 1297 1412 1336 τέρψαι
1441 1298 1493 1326 τῶν
1525 1303 1571 1328 τοῦ
1597 1299 1653 1336 βίου
1687 1301 1816 1337 τερπνῶν,
1855 1301 1904 1326 τοῦ

1075 1338 1116 1367 διὰ
1149 1341 1194 1368 τὸν
1236 1341 1345 1369 θάνατον
1380 1341 1471 1381 φόϐου,
1503 1341 1577 1375 δίκην
1606 1343 1680 1380 ὠμοῦ
1705 1343 1749 1370 καὶ
1776 1342 1902 1375 ἀπηνοῦς

1074 1382 1214 1426 δεσπότου,
1249 1385 1422 1426 ἐφιστὰμενου
1457 1387 1501 1415 καὶ
1543 1385 1718 1426 ὰκφοϐοὒντος
1768 1387 1828 1418 τοὺς
1859 1387 1906 1415 ἐπὶ

1073 1430 1135 1466 γῆς.
1155 1440 1168 1455 α
1194 1424 1310 1469 ’Ἐνοχοι
1326 1431 1393 1463 ἦσαν
1407 1429 1534 1463 δουλείας,
1560 1442 1571 1458 ι
1584 1424 1768 1459 -Ἒδεδοίκεσαν
1798 1432 1822 1458 οἱ
1847 1430 1898 1459 ἄν-

1073 1474 1173 1510 θρωποι
1197 1475 1242 1502 τὸν
1272 1474 1393 1512 θάνατον,
1429 1475 1466 1506 ὡς
1508 1474 1599 1515 ἔνοχοι
1625 1477 1698 1507 ὀντες
1725 1478 1774 1509 τῆς
1803 1476 1902 1503 τοὼου

213 1524 324 1558 tem,ut
338 1521 387 1560 qui
403 1518 521 1550 obnoxii
536 1522 620 1548 erant
634 1518 767 1548 servituti
781 1518 883 1557 ipsius.
901 1518 977 1549 Serv

1136 1517 1201 1549 είας,
1233 1517 1340 1546 Δουλεία
1376 1517 1403 1546 δὲ
1445 1524 1491 1548 τοῦ
1531 1514 1642 1548 θανάτου
1689 1521 1719 1548 τὸ
1756 1519 1898 1559 ἐνέχεσθαι

214 1569 312 1595 autem
325 1564 427 1595 mortis
443 1567 498 1599 est,
516 1562 642 1592 detineri
652 1571 685 1592 ac
697 1563 860 1602 subjectum
878 1572 943 1592 esse
960 1572 976 1602 p

1143 1563 1297 1590 ὑποκεῖσθαι
1326 1565 1360 1600 τῇ
1388 1563 1512 1600 ἁμαρτίᾳ,
1542 1563 1632 1604 ἰσχὺς
1661 1565 1711 1603 γὰρ
1759 1565 1804 1592 καὶ
1832 1564 1900 1592 κεῖν-

213 1614 292 1641 cato.
311 1607 464 1640 Fortitudo
476 1607 554 1637 enim
568 1613 596 1637 et
608 1607 727 1637 aculeus
745 1607 848 1637 mortis
864 1611 909 1637 est
924 1616 976 1646 pec

1160 1610 1206 1635 τοῦ
1237 1607 1347 1636 θανάτου
1379 1608 1396 1641 ἡ
1431 1608 1553 1647 ἁμαρτία.
1587 1609 1660 1637 Ἐπεὶ
1695 1608 1739 1636 οὖν
1775 1609 1789 1636 ὁ
1826 1612 1901 1648 Χρι-

210 1657 361 1686 tum.Cum
380 1654 458 1684 enim
475 1652 608 1682 Christus
631 1660 684 1681 sua
708 1658 802 1681 morte
821 1651 948 1682 abolevit
963 1662 974 1682 ε

1155 1650 1197 1678 διὰ
1211 1652 1332 1688 θανάτου,
1369 1653 1522 1692 κατήργησε
1550 1654 1596 1680 τὸν
1624 1654 1654 1680 τὸ
1685 1653 1778 1691 κράτος
1815 1652 1900 1692 ἔχον-

209 1700 261 1738 qui
278 1699 383 1729 mortis
398 1697 490 1728 robur
505 1695 642 1732 habebat,
659 1697 714 1726 hoc
731 1700 785 1735 est,
804 1695 964 1735 diabolum,

1133 1700 1161 1724 οὐ
1181 1696 1302 1731 θανάτου,
1319 1696 1447 1733 τουτέστι,
1477 1698 1522 1725 τὸν
1551 1696 1684 1735 διάϐολον,
1712 1697 1757 1725 τόν
1786 1698 1897 1736 εὒρετὴι

208 1748 360 1775 ventorem
374 1753 408 1773 ac
424 1745 575 1772 auctorem
602 1740 724 1780 peccati,
748 1740 853 1770 merito
879 1740 972 1771 imbec

1136 1739 1254 1779 ἀρχηγὸν
1276 1743 1323 1773 τῆς
1352 1741 1493 1779 ἁμαρτίας,
1521 1742 1628 1773 εἰκότως
1650 1742 1759 1775 ἀσθενὴς
1789 1743 1900 1780 γίνεταν

208 1788 333 1819 emt-itur
349 1791 501 1827 peccatum
522 1795 528 1815 :
544 1786 613 1815 552
637 1785 742 1815 merito
761 1784 875 1815 liberati
896 1795 972 1815 sumi

1136 1785 1240 1822 .αρτία·
1283 1785 1390 1816 εἰκότως
1425 1785 1622 1825 ἀπηλλάγημεν
1651 1789 1699 1820 τῆς
1741 1787 1809 1814 κατὰ
1847 1788 1900 1820 τὴν

207 1834 332 1864 sevilute
352 1842 410 1872 que
426 1836 487 1861 erat
503 1840 537 1860 ex
557 1829 766 1860 invalescentia
790 1829 903 1868 ipsius:
922 1839 969 1860 me

1134 1829 1234 1867 ράτειαν
1265 1829 1346 1862 αὐτῆς
1375 1828 1491 1863 δουλείας
1505 1841 1511 1847 ·
1545 1831 1653 1862 εἰκότως
1689 1830 1898 1869 ήλευθερώμεθα

205 1878 292 1909 liberi
305 1877 401 1908 effecti
417 1884 517 1906 sumus
532 1884 549 1905 a
561 1875 668 1905 timore
684 1874 733 1914 qui
749 1883 782 1903 ex
800 1879 894 1905 morte
921 1883 969 1913 pro

1135 1874 1195 1900 (ατὰ
1209 1874 1254 1900 τὸν
1281 1874 1390 1902 θάνατον
1415 1873 1506 1914 φόϐου.
1541 1876 1589 1904 Καὶ
1618 1875 1672 1903 ἔστι
1707 1878 1783 1903 τοῦτο
1799 1876 1846 1903 καὶ
1872 1875 1899 1903 ὲν

206 1922 306 1954 debat.
319 1922 414 1961 Atque
426 1920 455 1950 id
470 1920 497 1950 in
516 1919 588 1959 ipsis
603 1927 719 1958 quoque
733 1918 874 1958 operibus
885 1919 970 1948 conti]

1173 1924 1231 1948 τοῖς
1261 1917 1346 1957 ἔργοις
1375 1920 1465 1959 σαφῶς
1501 1918 1629 1951 κατιδεῖν,
1647 1921 1676 1948 Οἱ
1704 1920 1753 1959 γὰρ
1779 1921 1842 1959 πρὶν
1860 1921 1899 1951 ὡς

205 1959 388 2006 perspicere.
414 1966 488 1996 Nam
505 1963 554 2003 qui
571 1967 655 1993 antea
669 1967 806 2002 tanquam
824 1963 969 1993 maximum

1170 1973 1191 1990 )ν
1231 1963 1313 1990 κακὸν
1354 1964 1396 1991 καὶ
1434 1963 1629 2004 ἀνυπέρϐλητον
1669 1963 1826 2003 φοϐούμενοί
1867 1976 1899 1993 τε

202 2005 372 2041 inevitabile
386 2009 493 2040 malum
508 2007 650 2038 timebant
662 2016 695 2037 ac
706 2006 873 2037 devitabant
884 2012 966 2037 morti

1139 2005 1347 2045 ἀποτρεπόμενοι
1374 2008 1419 2034 τὸν
1468 2009 1588 2045 θάνατον,
1618 2011 1661 2036 νῦν
1690 2009 1726 2040 ὡς
1755 2007 1898 2046 βελτίονος

203 2055 238 2085 ad
253 2056 346 2095 ipsam
372 2063 450 2084 nunc
475 2052 635 2092 gaudentis
660 2051 815 2085 accedunt.
835 2056 967 2091 tanquam

1149 2050 1294 2089 μεταϐολὸν
1311 2053 1355 2080 καὶ
1383 2054 1532 2091 προοίμιον,
1557 2055 1694 2094 χαίροντες
1730 2055 1795 2093 πρὸς
1811 2056 1900 2084 αὐτὸν

204 2100 336 2130 melioris
361 2099 426 2129 vitae
449 2097 644 2128 mutationem
670 2100 699 2126 et
726 2095 890 2132 exordium,
908 2106 968 2136 qua

1134 2099 1210 2136 victv,
1234 2096 1295 2125 ὅταν
1322 2098 1386 2135 ὑπὲρ
1421 2101 1533 2137 Χριστοῦ
1560 2100 1603 2126 καὶ
1629 2101 1682 2126 τῶν
1707 2099 1784 2126 αὐτοῦ
1799 2100 1898 2137 νόμων

201 2153 254 2184 pro
287 2144 403 2175 Christo
429 2142 580 2183 ipsiusque
610 2140 723 2179 legibus
745 2150 762 2170 a
785 2140 965 2178 persecutori

1131 2151 1135 2166 ι
1160 2143 1212 2168 τῶν
1241 2139 1388 2169 διωκόντων
1417 2142 1561 2182 ἐπείγηται.
1592 2141 1657 2182 Ἆρα
1683 2144 1713 2171 οὐ
1733 2148 1895 2183 περιφανῶς

199 2182 364 2219 inducitur.
382 2190 429 2219 An
447 2196 505 2217 non
532 2195 602 2225 ergo
628 2184 783 2215 manifeste
810 2184 944 2214 liberavit

1131 2183 1214 2216 ίλαξεν
1229 2186 1300 2222 ἡμᾶς
1316 2187 1329 2214 ὁ
1344 2187 1438 2226 Σωτῆρ
1453 2190 1497 2215 τοῦ
1525 2187 1593 2216 κατὰ
1607 2188 1652 2216 τὸν
1667 2188 1776 2216 θάνατον
1791 2182 1895 2227 φόϐου,

200 2233 332 2264 Salvator
347 2242 364 2263 a
380 2233 487 2262 timore
512 2230 615 2261 mortis
641 2239 675 2259 ac
696 2229 839 2260 servitute
867 2238 932 2268 qua
953 2229 961 2259 i

696 2229 839 2260 servitute
867 2238 932 2268 qua
953 2229 1022 2260 inde
1064 2228 1107 2256 καὶ
1122 2231 1172 2262 τῆς
1184 2228 1284 2258 ἐκεῖθεν
1299 2228 1416 2262 δουλείας
1433 2240 1440 2271 ;

199 2277 400 2317 procedebat?

238 2322 273 2352 ll.
285 2322 386 2353 16-18.
400 2321 468 2353 Non
480 2321 561 2351 enim
573 2319 706 2350 videlicet
720 2317 843 2357 angelos
858 2318 1002 2358 appreher

1152 2318 1187 2346 Οὔ
1216 2319 1265 2358 γὰρ
1291 2317 1375 2354 δήπου
1412 2319 1532 2359 ἀγγέλων
1570 2320 1787 2358 ἐπιλαμϐάνεται.
1818 2321 1896 2351 ἀλλά

197 2367 307 2405 dit,sed
321 2376 424 2398 semen
445 2365 575 2396 Abrahae
591 2364 801 2404 apprehendit.
821 2362 904 2394 Unde
918 2364 961 2393 ιΙιιι

1132 2373 1213 2400 ματος
1242 2361 1363 2402 Ἀϐραὰμ
1411 2363 1627 2402 ἐπιλαμϐάνεται,
1680 2361 1762 2394 Ὀθεν
1800 2366 1894 2407 ὤφει-

192 2421 249 2452 per
263 2413 364 2442 omnia
382 2410 534 2449 fratribus
548 2409 661 2440 similis
676 2408 774 2443 reddi,
799 2411 830 2438 ut
847 2408 956 2438 miseri"

1129 2407 1174 2435 κτὰ
1188 2407 1274 2436 πάντα
1288 2415 1346 2436 τοῖς
1362 2407 1485 2448 ἀδελφοῖς
1501 2409 1675 2447 ὁμοιωθῆναι,
1698 2410 1744 2438 ’ίνα
1760 2406 1893 2449 ἐλεήμων

196 2451 269 2487 esset
282 2457 381 2496 ﬁdelis
396 2455 533 2495 pontifex
552 2456 584 2484 in
615 2454 662 2484 his
677 2462 743 2492 quae
757 2452 796 2483 ad
811 2451 904 2482 Deum
921 2453 960 2490 [’01

1129 2462 1170 2479 ται
1185 2453 1229 2479 καὶ
1243 2453 1335 2484 πιστὸς
1351 2453 1487 2492 ἀρχιερεὺς
1522 2455 1554 2481 τὰ
1590 2455 1653 2493 πρὸς
1680 2455 1724 2482 τὸν
1753 2456 1830 2494 Θεὸν,
1850 2457 1893 2488 εἰς

194 2494 327 2541 agenda,
353 2494 401 2531 add
416 2499 601 2539 expiandum
623 2502 744 2537 peccatu
760 2497 873 2536 populi.
892 2495 958 2527 Non

1130 2494 1269 2523 λάσκεσοαι
1298 2497 1342 2529 τὰς
1368 2497 1495 2537 ἁμαρτίας
1523 2502 1568 2527 τοῦ
1605 2497 1680 2529 λαοῦ,
1709 2498 1754 2527 Ἐν
1782 2501 1806 2536 ᾧ
1834 2501 1892 2539 γὰρ

193 2539 249 2576 hoc
261 2546 342 2585 quod
353 2545 412 2584 ipsi
427 2545 550 2583 contigit
570 2547 716 2573 lentatum
734 2550 808 2578 esse,
831 2545 923 2580 potest
936 2550 957 2572 ei

1126 2541 1188 2567 Misv
1203 2541 1278 2573 αὐτὸς
1289 2542 1446 2580 πειρασθεὶς,
1464 2541 1568 2570 δύναται
1597 2550 1656 2575 τοῖς
1680 2544 1890 2583 πειραζομένοις

193 2591 246 2630 qui
263 2584 421 2621 tentantur
433 2596 627 2619 succurrere.

473 2596 627 2619 ccurrere.
1057 2584 1199 2622 βοηθῆσαι.
1227 2595 1237 2613 (ι

235 2648 246 2662 u
267 2634 324 2665 Sed
343 2643 445 2664 semen
463 2632 588 2664 Abrahae
609 2629 816 2670 apprehendit.
834 2641 844 2657 ι
864 2630 937 2661 Cum
951 2630 992 2660 ait

1132 2628 1215 2659 Ἀλλὰ
1227 2630 1375 2670 σπέρματος
1408 2630 1527 2671 Ἀϐραὰμ
1561 2631 1780 2670 ἐπιλαμϐάνεται.
1807 2645 1820 2663 ι)
1846 2637 1891 2664 Τὸ

191 2678 410 2718 Apprehendit,
427 2677 575 2717 signiﬁcat
589 2675 667 2716 quod
682 2684 734 2705 nos
745 2674 865 2715 quidem
881 2675 955 2704 hom:

1127 2673 1286 2710 λαμϐάνεται
1301 2674 1392 2714 δηλοῖ,
1409 2675 1449 2704 ὅτι
1463 2677 1545 2714 ἡμεῖς
1560 2677 1608 2714 μὲν
1638 2678 1715 2706 αὐτὸν
1736 2677 1891 2718 ἐφεύγομεν

189 2727 288 2764 ipsum
309 2722 507 2762 l‘ugiebamus,
524 2720 657 2752 Christus
677 2729 746 2750 vero
772 2719 953 2759 persequeba

1128 2720 1267 2758 ορωποι,ὁ
1290 2718 1317 2747 δὲ
1346 2721 1456 2760 Χριστὸς
1482 2720 1583 2760 ἐδίωκε,
1614 2723 1658 2750 καὶ
1679 2721 1781 2751 διώκων
1797 2722 1890 2763 ἔφθα-

191 2773 221 2800 et
236 2767 445 2809 persequendo
459 2767 564 2806 attigit,
582 2776 615 2797 ac
642 2765 790 2803 attingens
806 2764 955 2804 apprehen

1124 2764 1156 2791 ιαὶ
1192 2765 1291 2804 φθάσας
1330 2764 1484 2796 ἐπελᾶϐετο.
1533 2768 1586 2796 Οὔκ
1628 2765 1747 2806 ἀγγέλων
1776 2769 1888 2808 φύσεως
