  <div class='ocr_page' id='page_1' title='image "/cluster/home/n/w/nwhite01/storage/ocr_20150623/119/njp.32101010943965/471.png"; bbox 0 0 1936 3080; ppageno 0'>
   <div class='ocr_carea' id='block_1_1' title="bbox 195 144 253 177">
    <p class='ocr_par' dir='ltr' id='par_1_1' title="bbox 195 144 253 177">
     <span class='ocr_line' id='line_1_1' title="bbox 195 144 253 177; baseline 0.017 -1"><span class='ocrx_word' id='word_1_1' title='bbox 195 144 253 177; x_wconf 87' lang='grc'><strong>303</strong></span> 
     </span>
    </p>
   </div>
   <div class='ocr_carea' id='block_1_2' title="bbox 191 248 1014 288">
    <p class='ocr_par' dir='ltr' id='par_1_2' title="bbox 191 248 1014 288">
     <span class='ocr_line' id='line_1_2' title="bbox 191 248 1014 288; baseline 0.002 -8"><span class='ocrx_word' id='word_1_2' title='bbox 191 248 289 288; x_wconf 79' lang='lat' dir='ltr'><strong>ﬁdelis</strong></span> <span class='ocrx_word' id='word_1_3' title='bbox 301 249 340 280; x_wconf 80' lang='lat' dir='ltr'><strong>sit</strong></span> <span class='ocrx_word' id='word_1_4' title='bbox 354 251 382 279; x_wconf 72' lang='lat' dir='ltr'><strong>ei</strong></span> <span class='ocrx_word' id='word_1_5' title='bbox 396 248 450 288; x_wconf 72' lang='lat' dir='ltr'><strong>qui</strong></span> <span class='ocrx_word' id='word_1_6' title='bbox 458 248 556 288; x_wconf 76' lang='lat' dir='ltr'><strong>ipsum</strong></span> <span class='ocrx_word' id='word_1_7' title='bbox 571 248 908 288; x_wconf 75' lang='lat' dir='ltr'><strong>fecit,quemadmodum</strong></span> <span class='ocrx_word' id='word_1_8' title='bbox 917 251 1014 282; x_wconf 74' lang='lat' dir='ltr'><strong>Moses</strong></span> 
     </span>
    </p>
   </div>
   <div class='ocr_carea' id='block_1_3' title="bbox 191 292 1014 334">
    <p class='ocr_par' dir='ltr' id='par_1_3' title="bbox 191 292 1014 334">
     <span class='ocr_line' id='line_1_3' title="bbox 191 292 1014 334; baseline 0.002 -10"><span class='ocrx_word' id='word_1_9' title='bbox 191 294 297 324; x_wconf 74' lang='lat' dir='ltr'><strong>intota</strong></span> <span class='ocrx_word' id='word_1_10' title='bbox 310 292 398 323; x_wconf 87' lang='lat' dir='ltr'><strong>domo</strong></span> <span class='ocrx_word' id='word_1_11' title='bbox 412 301 478 322; x_wconf 84' lang='lat' dir='ltr'><strong>sua.</strong></span> <span class='ocrx_word' id='word_1_12' title='bbox 509 293 603 322; x_wconf 86' lang='lat' dir='ltr'><strong>Tanto</strong></span> <span class='ocrx_word' id='word_1_13' title='bbox 624 300 756 331; x_wconf 80' lang='lat' dir='ltr'><strong>namque</strong></span> <span class='ocrx_word' id='word_1_14' title='bbox 777 293 891 332; x_wconf 81' lang='lat' dir='ltr'><strong>majore</strong></span> <span class='ocrx_word' id='word_1_15' title='bbox 914 294 1014 334; x_wconf 83' lang='lat' dir='ltr'><strong>gloria</strong></span> 
     </span>
    </p>
   </div>
   <div class='ocr_carea' id='block_1_4' title="bbox 192 335 1014 378">
    <p class='ocr_par' dir='ltr' id='par_1_4' title="bbox 192 335 1014 378">
     <span class='ocr_line' id='line_1_4' title="bbox 192 335 1014 378; baseline 0.002 -10"><span class='ocrx_word' id='word_1_16' title='bbox 192 346 285 378; x_wconf 85' lang='lat' dir='ltr'><strong>quam</strong></span> <span class='ocrx_word' id='word_1_17' title='bbox 298 335 395 368; x_wconf 77' lang='lat' dir='ltr'><strong>Moses</strong></span> <span class='ocrx_word' id='word_1_18' title='bbox 405 336 455 367; x_wconf 76' lang='lat' dir='ltr'><strong>hic</strong></span> <span class='ocrx_word' id='word_1_19' title='bbox 469 336 581 376; x_wconf 78' lang='lat' dir='ltr'><strong>dignus</strong></span> <span class='ocrx_word' id='word_1_20' title='bbox 591 339 634 367; x_wconf 76' lang='lat' dir='ltr'><strong>est</strong></span> <span class='ocrx_word' id='word_1_21' title='bbox 649 335 780 373; x_wconf 73' lang='lat' dir='ltr'><strong>habitus,</strong></span> <span class='ocrx_word' id='word_1_22' title='bbox 794 342 908 376; x_wconf 79' lang='lat' dir='ltr'><strong>quanto</strong></span> <span class='ocrx_word' id='word_1_23' title='bbox 923 341 1014 377; x_wconf 81' lang='lat' dir='ltr'><strong>maio-</strong></span> 
     </span>
    </p>
   </div>
   <div class='ocr_carea' id='block_1_5' title="bbox 190 380 1013 419">
    <p class='ocr_par' dir='ltr' id='par_1_5' title="bbox 190 380 1013 419">
     <span class='ocr_line' id='line_1_5' title="bbox 190 380 1013 419; baseline 0.002 -7"><span class='ocrx_word' id='word_1_24' title='bbox 190 390 255 412; x_wconf 82' lang='lat' dir='ltr'><strong>rem</strong></span> <span class='ocrx_word' id='word_1_25' title='bbox 280 380 371 412; x_wconf 76' lang='lat' dir='ltr'><strong>habet</strong></span> <span class='ocrx_word' id='word_1_26' title='bbox 391 381 539 410; x_wconf 80' lang='lat' dir='ltr'><strong>honorem</strong></span> <span class='ocrx_word' id='word_1_27' title='bbox 564 380 592 411; x_wconf 67' lang='lat' dir='ltr'><strong>is</strong></span> <span class='ocrx_word' id='word_1_28' title='bbox 612 382 666 419; x_wconf 74' lang='lat' dir='ltr'><strong>qui</strong></span> <span class='ocrx_word' id='word_1_29' title='bbox 690 382 863 412; x_wconf 66' lang='lat' dir='ltr'><strong>construxit</strong></span> <span class='ocrx_word' id='word_1_30' title='bbox 892 382 1013 414; x_wconf 84' lang='lat' dir='ltr'><strong>domum</strong></span> 
     </span>
    </p>
   </div>
   <div class='ocr_carea' id='block_1_6' title="bbox 191 425 498 466">
    <p class='ocr_par' dir='ltr' id='par_1_6' title="bbox 191 425 498 466">
     <span class='ocr_line' id='line_1_6' title="bbox 191 425 498 466; baseline -0.003 -9"><span class='ocrx_word' id='word_1_31' title='bbox 191 435 283 466; x_wconf 85' lang='lat' dir='ltr'><strong>quam</strong></span> <span class='ocrx_word' id='word_1_32' title='bbox 298 427 365 465; x_wconf 81' lang='lat' dir='ltr'><strong>ipsa</strong></span> <span class='ocrx_word' id='word_1_33' title='bbox 380 425 498 456; x_wconf 85' lang='lat' dir='ltr'><strong>domus.</strong></span> 
     </span>
    </p>
   </div>
   <div class='ocr_carea' id='block_1_7' title="bbox 234 468 1014 509">
    <p class='ocr_par' dir='ltr' id='par_1_7' title="bbox 234 468 1014 509">
     <span class='ocr_line' id='line_1_7' title="bbox 234 468 1014 509; baseline 0.003 -8"><span class='ocrx_word' id='word_1_34' title='bbox 234 469 265 501; x_wconf 88' lang='lat' dir='ltr'>Si</span> <span class='ocrx_word' id='word_1_35' title='bbox 287 469 377 508; x_wconf 78' lang='lat' dir='ltr'><strong>igitur</strong></span> <span class='ocrx_word' id='word_1_36' title='bbox 401 468 560 509; x_wconf 82' lang='lat' dir='ltr'><strong>participes</strong></span> <span class='ocrx_word' id='word_1_37' title='bbox 587 478 621 500; x_wconf 90' lang='lat' dir='ltr'><strong>ac</strong></span> <span class='ocrx_word' id='word_1_38' title='bbox 645 469 719 500; x_wconf 89' lang='lat' dir='ltr'><strong>socii</strong></span> <span class='ocrx_word' id='word_1_39' title='bbox 754 471 824 501; x_wconf 85' lang='lat' dir='ltr'><strong>estis</strong></span> <span class='ocrx_word' id='word_1_40' title='bbox 853 472 1014 503; x_wconf 84' lang='lat' dir='ltr'><strong>vocationis</strong></span> 
     </span>
    </p>
   </div>
   <div class='ocr_carea' id='block_1_8' title="bbox 192 513 1014 555">
    <p class='ocr_par' dir='ltr' id='par_1_8' title="bbox 192 513 1014 555">
     <span class='ocr_line' id='line_1_8' title="bbox 192 513 1014 555; baseline 0.002 -10"><span class='ocrx_word' id='word_1_41' title='bbox 192 513 332 551; x_wconf 71' lang='lat' dir='ltr'><strong>cmlestis,</strong></span> <span class='ocrx_word' id='word_1_42' title='bbox 357 521 422 553; x_wconf 68' lang='lat' dir='ltr'><strong>quae</strong></span> <span class='ocrx_word' id='word_1_43' title='bbox 444 513 486 543; x_wconf 85' lang='lat' dir='ltr'>ibi</span> <span class='ocrx_word' id='word_1_44' title='bbox 507 516 574 544; x_wconf 88' lang='lat' dir='ltr'><strong>sunt</strong></span> <span class='ocrx_word' id='word_1_45' title='bbox 599 514 739 553; x_wconf 68' lang='lat' dir='ltr'><strong>qumrite.</strong></span> <span class='ocrx_word' id='word_1_46' title='bbox 766 515 903 555; x_wconf 88' lang='lat' dir='ltr'><strong>nullaque</strong></span> <span class='ocrx_word' id='word_1_47' title='bbox 933 516 1014 547; x_wconf 87' lang='lat' dir='ltr'><strong>vobis</strong></span> 
     </span>
    </p>
   </div>
   <div class='ocr_carea' id='block_1_9' title="bbox 189 557 1013 600">
    <p class='ocr_par' dir='ltr' id='par_1_9' title="bbox 189 557 1013 600">
     <span class='ocr_line' id='line_1_9' title="bbox 189 557 1013 600; baseline 0.002 -11"><span class='ocrx_word' id='word_1_48' title='bbox 189 559 265 589; x_wconf 79' lang='lat' dir='ltr'><strong>ratio</strong></span> <span class='ocrx_word' id='word_1_49' title='bbox 276 558 426 589; x_wconf 89' lang='lat' dir='ltr'><strong>siteorum</strong></span> <span class='ocrx_word' id='word_1_50' title='bbox 443 566 508 597; x_wconf 77' lang='lat' dir='ltr'><strong>quae</strong></span> <span class='ocrx_word' id='word_1_51' title='bbox 529 557 575 587; x_wconf 90' lang='lat' dir='ltr'><strong>hic</strong></span> <span class='ocrx_word' id='word_1_52' title='bbox 589 562 665 588; x_wconf 90' lang='lat' dir='ltr'><strong>sunt.</strong></span> <span class='ocrx_word' id='word_1_53' title='bbox 684 570 696 585; x_wconf 75' lang='grc' dir='ltr'><strong>α</strong></span> <span class='ocrx_word' id='word_1_54' title='bbox 711 558 885 598; x_wconf 86' lang='lat' dir='ltr'><strong>Apostolum</strong></span> <span class='ocrx_word' id='word_1_55' title='bbox 897 564 925 591; x_wconf 91' lang='lat' dir='ltr'><strong>et</strong></span> <span class='ocrx_word' id='word_1_56' title='bbox 937 570 1013 600; x_wconf 85' lang='lat' dir='ltr'><strong>pou-</strong></span> 
     </span>
    </p>
   </div>
   <div class='ocr_carea' id='block_1_10' title="bbox 191 601 1014 642">
    <p class='ocr_par' dir='ltr' id='par_1_10' title="bbox 191 601 1014 642">
     <span class='ocr_line' id='line_1_10' title="bbox 191 601 1014 642; baseline 0.002 -9"><span class='ocrx_word' id='word_1_57' title='bbox 191 602 312 633; x_wconf 84' lang='lat' dir='ltr'><strong>titicem.</strong></span> <span class='ocrx_word' id='word_1_58' title='bbox 333 613 347 632; x_wconf 72' lang='grc' dir='ltr'><strong>ι</strong></span> <span class='ocrx_word' id='word_1_59' title='bbox 362 601 417 633; x_wconf 89' lang='lat' dir='ltr'><strong>Ubi</strong></span> <span class='ocrx_word' id='word_1_60' title='bbox 428 602 465 632; x_wconf 90' lang='lat' dir='ltr'><strong>ad</strong></span> <span class='ocrx_word' id='word_1_61' title='bbox 480 601 730 641; x_wconf 76' lang='lat' dir='ltr'><strong>dispensationem</strong></span> <span class='ocrx_word' id='word_1_62' title='bbox 749 604 892 642; x_wconf 77' lang='lat' dir='ltr'><strong>pervenit,</strong></span> <span class='ocrx_word' id='word_1_63' title='bbox 915 605 1014 635; x_wconf 87' lang='lat' dir='ltr'><strong>omnia</strong></span> 
     </span>
    </p>
   </div>
   <div class='ocr_carea' id='block_1_11' title="bbox 191 646 1012 688">
    <p class='ocr_par' dir='ltr' id='par_1_11' title="bbox 191 646 1012 688">
     <span class='ocr_line' id='line_1_11' title="bbox 191 646 1012 688; baseline 0.002 -11"><span class='ocrx_word' id='word_1_64' title='bbox 191 647 335 687; x_wconf 86' lang='lat' dir='ltr'><strong>deinceps</strong></span> <span class='ocrx_word' id='word_1_65' title='bbox 357 646 482 677; x_wconf 72' lang='lat' dir='ltr'><strong>humilia</strong></span> <span class='ocrx_word' id='word_1_66' title='bbox 497 646 644 686; x_wconf 71' lang='lat' dir='ltr'><strong>intrepide</strong></span> <span class='ocrx_word' id='word_1_67' title='bbox 661 647 819 687; x_wconf 77' lang='lat' dir='ltr'><strong>eloquitur.</strong></span> <span class='ocrx_word' id='word_1_68' title='bbox 841 648 1012 688; x_wconf 87' lang='lat' dir='ltr'><strong>Apostolum</strong></span> 
     </span>
    </p>
   </div>
   <div class='ocr_carea' id='block_1_12' title="bbox 191 690 1015 731">
    <p class='ocr_par' dir='ltr' id='par_1_12' title="bbox 191 690 1015 731">
     <span class='ocr_line' id='line_1_12' title="bbox 191 690 1015 731; baseline 0.001 -9"><span class='ocrx_word' id='word_1_69' title='bbox 191 695 288 722; x_wconf 90' lang='lat' dir='ltr'><strong>autem</strong></span> <span class='ocrx_word' id='word_1_70' title='bbox 304 691 366 721; x_wconf 87' lang='lat' dir='ltr'><strong>sive</strong></span> <span class='ocrx_word' id='word_1_71' title='bbox 381 691 509 730; x_wconf 81' lang='lat' dir='ltr'><strong>legatum</strong></span> <span class='ocrx_word' id='word_1_72' title='bbox 522 690 595 721; x_wconf 80' lang='lat' dir='ltr'><strong>dicit</strong></span> <span class='ocrx_word' id='word_1_73' title='bbox 610 690 718 730; x_wconf 77' lang='lat' dir='ltr'><strong>ipsum,</strong></span> <span class='ocrx_word' id='word_1_74' title='bbox 735 691 805 731; x_wconf 90' lang='lat' dir='ltr'><strong>quia</strong></span> <span class='ocrx_word' id='word_1_75' title='bbox 815 692 923 724; x_wconf 91' lang='lat' dir='ltr'><strong>missus</strong></span> <span class='ocrx_word' id='word_1_76' title='bbox 939 697 984 723; x_wconf 87' lang='lat' dir='ltr'><strong>est</strong></span> <span class='ocrx_word' id='word_1_77' title='bbox 998 702 1015 723; x_wconf 86' lang='lat' dir='ltr'><strong>a</strong></span> 
     </span>
    </p>
   </div>
   <div class='ocr_carea' id='block_1_13' title="bbox 191 733 1012 775">
    <p class='ocr_par' dir='ltr' id='par_1_13' title="bbox 191 733 1012 775">
     <span class='ocr_line' id='line_1_13' title="bbox 191 733 1012 775; baseline 0 -8"><span class='ocrx_word' id='word_1_78' title='bbox 191 737 278 767; x_wconf 90' lang='lat' dir='ltr'><strong>Patre</strong></span> <span class='ocrx_word' id='word_1_79' title='bbox 299 738 437 775; x_wconf 85' lang='lat' dir='ltr'><strong>tanquam</strong></span> <span class='ocrx_word' id='word_1_80' title='bbox 462 735 562 771; x_wconf 88' lang='lat' dir='ltr'><strong>homo,</strong></span> <span class='ocrx_word' id='word_1_81' title='bbox 590 733 791 765; x_wconf 83' lang='lat' dir='ltr'><strong>Confessionis</strong></span> <span class='ocrx_word' id='word_1_82' title='bbox 821 745 901 772; x_wconf 89' lang='lat' dir='ltr'><strong>vero,</strong></span> <span class='ocrx_word' id='word_1_83' title='bbox 932 737 1012 768; x_wconf 76' lang='lat' dir='ltr'><strong>fidei.</strong></span> 
     </span>
    </p>
   </div>
   <div class='ocr_carea' id='block_1_14' title="bbox 191 779 1014 820">
    <p class='ocr_par' dir='ltr' id='par_1_14' title="bbox 191 779 1014 820">
     <span class='ocr_line' id='line_1_14' title="bbox 191 779 1014 820; baseline 0.001 -9"><span class='ocrx_word' id='word_1_84' title='bbox 191 790 207 811; x_wconf 72' lang='grc' dir='ltr'>ι</span> <span class='ocrx_word' id='word_1_85' title='bbox 224 780 307 816; x_wconf 88' lang='lat' dir='ltr'><strong>Quod</strong></span> <span class='ocrx_word' id='word_1_86' title='bbox 319 780 415 810; x_wconf 83' lang='lat' dir='ltr'><strong>ﬁdelis</strong></span> <span class='ocrx_word' id='word_1_87' title='bbox 426 779 498 811; x_wconf 81' lang='lat' dir='ltr'><strong>sit.»</strong></span> <span class='ocrx_word' id='word_1_88' title='bbox 514 779 629 815; x_wconf 85' lang='lat' dir='ltr'><strong>Fidem,</strong></span> <span class='ocrx_word' id='word_1_89' title='bbox 647 780 756 820; x_wconf 89' lang='lat' dir='ltr'><strong>inquit,</strong></span> <span class='ocrx_word' id='word_1_90' title='bbox 774 781 903 811; x_wconf 86' lang='lat' dir='ltr'><strong>servavit</strong></span> <span class='ocrx_word' id='word_1_91' title='bbox 918 781 1014 812; x_wconf 89' lang='lat' dir='ltr'><strong>bene-</strong></span> 
     </span>
    </p>
   </div>
   <div class='ocr_carea' id='block_1_15' title="bbox 190 823 1014 865">
    <p class='ocr_par' dir='ltr' id='par_1_15' title="bbox 190 823 1014 865">
     <span class='ocr_line' id='line_1_15' title="bbox 190 823 1014 865; baseline 0.001 -10"><span class='ocrx_word' id='word_1_92' title='bbox 190 824 356 865; x_wconf 88' lang='lat' dir='ltr'><strong>placentem</strong></span> <span class='ocrx_word' id='word_1_93' title='bbox 365 823 599 864; x_wconf 87' lang='lat' dir='ltr'><strong>Patri.idemque</strong></span> <span class='ocrx_word' id='word_1_94' title='bbox 606 833 671 854; x_wconf 77' lang='lat' dir='ltr'><strong>cum</strong></span> <span class='ocrx_word' id='word_1_95' title='bbox 683 834 717 854; x_wconf 91' lang='lat' dir='ltr'><strong>co</strong></span> <span class='ocrx_word' id='word_1_96' title='bbox 725 825 861 855; x_wconf 87' lang='lat' dir='ltr'><strong>sensitde</strong></span> <span class='ocrx_word' id='word_1_97' title='bbox 869 826 1014 856; x_wconf 89' lang='lat' dir='ltr'><strong>servando</strong></span> 
     </span>
    </p>
   </div>
   <div class='ocr_carea' id='block_1_16' title="bbox 191 869 1013 910">
    <p class='ocr_par' dir='ltr' id='par_1_16' title="bbox 191 869 1013 910">
     <span class='ocr_line' id='line_1_16' title="bbox 191 869 1013 910; baseline 0.001 -10"><span class='ocrx_word' id='word_1_98' title='bbox 191 870 310 910; x_wconf 92' lang='lat' dir='ltr'><strong>populo.</strong></span> <span class='ocrx_word' id='word_1_99' title='bbox 330 869 375 909; x_wconf 88' lang='lat' dir='ltr'><strong>Ei,</strong></span> <span class='ocrx_word' id='word_1_100' title='bbox 395 869 502 909; x_wconf 89' lang='lat' dir='ltr'><strong>inquit,</strong></span> <span class='ocrx_word' id='word_1_101' title='bbox 529 870 577 908; x_wconf 89' lang='lat' dir='ltr'><strong>qui</strong></span> <span class='ocrx_word' id='word_1_102' title='bbox 595 869 693 908; x_wconf 86' lang='lat' dir='ltr'><strong>ipsum</strong></span> <span class='ocrx_word' id='word_1_103' title='bbox 715 869 783 900; x_wconf 85' lang='lat' dir='ltr'><strong>fecit</strong></span> <span class='ocrx_word' id='word_1_104' title='bbox 797 871 966 909; x_wconf 89' lang='lat' dir='ltr'><strong>apostolum</strong></span> <span class='ocrx_word' id='word_1_105' title='bbox 980 880 1013 902; x_wconf 91' lang='lat' dir='ltr'><strong>ac</strong></span> 
     </span>
    </p>
   </div>
   <div class='ocr_carea' id='block_1_17' title="bbox 192 913 1013 954">
    <p class='ocr_par' dir='ltr' id='par_1_17' title="bbox 192 913 1013 954">
     <span class='ocr_line' id='line_1_17' title="bbox 192 913 1013 954; baseline 0.001 -10"><span class='ocrx_word' id='word_1_106' title='bbox 192 914 375 954; x_wconf 82' lang='lat' dir='ltr'><strong>pontiﬁcem,</strong></span> <span class='ocrx_word' id='word_1_107' title='bbox 392 914 447 944; x_wconf 87' lang='lat' dir='ltr'><strong>hoc</strong></span> <span class='ocrx_word' id='word_1_108' title='bbox 465 916 520 949; x_wconf 83' lang='lat' dir='ltr'><strong>est,</strong></span> <span class='ocrx_word' id='word_1_109' title='bbox 534 913 611 943; x_wconf 86' lang='lat' dir='ltr'><strong>Patri</strong></span> <span class='ocrx_word' id='word_1_110' title='bbox 626 923 692 944; x_wconf 87' lang='lat' dir='ltr'><strong>suo.</strong></span> <span class='ocrx_word' id='word_1_111' title='bbox 710 913 788 944; x_wconf 86' lang='lat' dir='ltr'><strong>Nihil</strong></span> <span class='ocrx_word' id='word_1_112' title='bbox 804 918 902 945; x_wconf 88' lang='lat' dir='ltr'><strong>autem</strong></span> <span class='ocrx_word' id='word_1_113' title='bbox 915 915 1013 946; x_wconf 87' lang='lat' dir='ltr'><strong>admi-</strong></span> 
     </span>
    </p>
   </div>
   <div class='ocr_carea' id='block_1_18' title="bbox 190 957 1011 998">
    <p class='ocr_par' dir='ltr' id='par_1_18' title="bbox 190 957 1011 998">
     <span class='ocr_line' id='line_1_18' title="bbox 190 957 1011 998; baseline 0.001 -10"><span class='ocrx_word' id='word_1_114' title='bbox 190 957 316 989; x_wconf 89' lang='lat' dir='ltr'><strong>randum</strong></span> <span class='ocrx_word' id='word_1_115' title='bbox 332 957 356 987; x_wconf 86' lang='lat' dir='ltr'><strong>si</strong></span> <span class='ocrx_word' id='word_1_116' title='bbox 372 957 413 987; x_wconf 87' lang='lat' dir='ltr'><strong>ita</strong></span> <span class='ocrx_word' id='word_1_117' title='bbox 426 957 593 996; x_wconf 86' lang='lat' dir='ltr'><strong>loquantur,</strong></span> <span class='ocrx_word' id='word_1_118' title='bbox 611 957 685 987; x_wconf 81' lang='lat' dir='ltr'><strong>facta</strong></span> <span class='ocrx_word' id='word_1_119' title='bbox 699 958 760 997; x_wconf 87' lang='lat' dir='ltr'><strong>jam</strong></span> <span class='ocrx_word' id='word_1_120' title='bbox 779 958 872 988; x_wconf 90' lang='lat' dir='ltr'><strong>semel</strong></span> <span class='ocrx_word' id='word_1_121' title='bbox 889 958 1011 998; x_wconf 77' lang='lat' dir='ltr'><strong>dispen~</strong></span> 
     </span>
    </p>
   </div>
   <div class='ocr_carea' id='block_1_19' title="bbox 191 1001 1011 1042">
    <p class='ocr_par' dir='ltr' id='par_1_19' title="bbox 191 1001 1011 1042">
     <span class='ocr_line' id='line_1_19' title="bbox 191 1001 1011 1042; baseline 0.001 -9"><span class='ocrx_word' id='word_1_122' title='bbox 191 1002 314 1033; x_wconf 82' lang='lat' dir='ltr'><strong>sationis</strong></span> <span class='ocrx_word' id='word_1_123' title='bbox 337 1001 498 1032; x_wconf 85' lang='lat' dir='ltr'><strong>mentione.</strong></span> <span class='ocrx_word' id='word_1_124' title='bbox 518 1012 530 1028; x_wconf 76' lang='grc' dir='ltr'><strong>ιι</strong></span> <span class='ocrx_word' id='word_1_125' title='bbox 548 1001 583 1032; x_wconf 84' lang='lat' dir='ltr'><strong>Et</strong></span> <span class='ocrx_word' id='word_1_126' title='bbox 604 1002 655 1041; x_wconf 90' lang='lat' dir='ltr'><strong>qui</strong></span> <span class='ocrx_word' id='word_1_127' title='bbox 683 1002 779 1042; x_wconf 92' lang='lat' dir='ltr'><strong>ipsum</strong></span> <span class='ocrx_word' id='word_1_128' title='bbox 806 1003 876 1033; x_wconf 81' lang='lat' dir='ltr'><strong>fecit</strong></span> <span class='ocrx_word' id='word_1_129' title='bbox 906 1016 918 1032; x_wconf 91' lang='lat'>»</span> <span class='ocrx_word' id='word_1_130' title='bbox 937 1002 1011 1039; x_wconf 87' lang='lat' dir='ltr'><strong>Quid</strong></span> 
     </span>
    </p>
   </div>
   <div class='ocr_carea' id='block_1_20' title="bbox 191 1046 1013 1086">
    <p class='ocr_par' dir='ltr' id='par_1_20' title="bbox 191 1046 1013 1086">
     <span class='ocr_line' id='line_1_20' title="bbox 191 1046 1013 1086; baseline 0 -8"><span class='ocrx_word' id='word_1_131' title='bbox 191 1046 283 1078; x_wconf 80' lang='lat' dir='ltr'><strong>fecit?</strong></span> <span class='ocrx_word' id='word_1_132' title='bbox 296 1046 468 1086; x_wconf 85' lang='lat' dir='ltr'><strong>Apostolum</strong></span> <span class='ocrx_word' id='word_1_133' title='bbox 485 1055 519 1076; x_wconf 91' lang='lat' dir='ltr'><strong>ac</strong></span> <span class='ocrx_word' id='word_1_134' title='bbox 535 1047 716 1085; x_wconf 87' lang='lat' dir='ltr'><strong>pontilicem.</strong></span> <span class='ocrx_word' id='word_1_135' title='bbox 736 1047 797 1077; x_wconf 89' lang='lat' dir='ltr'><strong>Hoc</strong></span> <span class='ocrx_word' id='word_1_136' title='bbox 814 1047 879 1078; x_wconf 90' lang='lat' dir='ltr'><strong>loco</strong></span> <span class='ocrx_word' id='word_1_137' title='bbox 905 1057 962 1078; x_wconf 90' lang='lat' dir='ltr'><strong>non</strong></span> <span class='ocrx_word' id='word_1_138' title='bbox 976 1049 1013 1078; x_wconf 86' lang='lat' dir='ltr'><strong>de</strong></span> 
     </span>
    </p>
   </div>
   <div class='ocr_carea' id='block_1_21' title="bbox 191 1090 1013 1130">
    <p class='ocr_par' dir='ltr' id='par_1_21' title="bbox 191 1090 1013 1130">
     <span class='ocr_line' id='line_1_21' title="bbox 191 1090 1013 1130; baseline 0.001 -8"><span class='ocrx_word' id='word_1_139' title='bbox 191 1091 352 1122; x_wconf 84' lang='lat' dir='ltr'><strong>substantia</strong></span> <span class='ocrx_word' id='word_1_140' title='bbox 376 1090 508 1130; x_wconf 86' lang='lat' dir='ltr'><strong>loquitur</strong></span> <span class='ocrx_word' id='word_1_141' title='bbox 529 1099 626 1128; x_wconf 87' lang='lat' dir='ltr'><strong>neque</strong></span> <span class='ocrx_word' id='word_1_142' title='bbox 655 1090 692 1120; x_wconf 88' lang='lat' dir='ltr'><strong>de</strong></span> <span class='ocrx_word' id='word_1_143' title='bbox 721 1091 887 1126; x_wconf 79' lang='lat' dir='ltr'><strong>divinitate.</strong></span> <span class='ocrx_word' id='word_1_144' title='bbox 907 1092 959 1122; x_wconf 88' lang='lat' dir='ltr'><strong>sed</strong></span> <span class='ocrx_word' id='word_1_145' title='bbox 975 1093 1013 1123; x_wconf 89' lang='lat' dir='ltr'><strong>de</strong></span> 
     </span>
    </p>
   </div>
   <div class='ocr_carea' id='block_1_22' title="bbox 189 1134 1011 1175">
    <p class='ocr_par' dir='ltr' id='par_1_22' title="bbox 189 1134 1011 1175">
     <span class='ocr_line' id='line_1_22' title="bbox 189 1134 1011 1175; baseline 0.001 -9"><span class='ocrx_word' id='word_1_146' title='bbox 189 1135 380 1175; x_wconf 78' lang='lat' dir='ltr'><strong>dignitatibus</strong></span> <span class='ocrx_word' id='word_1_147' title='bbox 396 1134 546 1165; x_wconf 87' lang='lat' dir='ltr'><strong>humanis.</strong></span> <span class='ocrx_word' id='word_1_148' title='bbox 566 1147 580 1162; x_wconf 80' lang='grc' dir='ltr'>ι</span> <span class='ocrx_word' id='word_1_149' title='bbox 597 1134 853 1171; x_wconf 85' lang='lat' dir='ltr'><strong>Quemadmodum</strong></span> <span class='ocrx_word' id='word_1_150' title='bbox 871 1139 967 1168; x_wconf 88' lang='lat' dir='ltr'><strong>Moses</strong></span> <span class='ocrx_word' id='word_1_151' title='bbox 982 1137 1011 1167; x_wconf 92' lang='lat' dir='ltr'><strong>in</strong></span> 
     </span>
    </p>
   </div>
   <div class='ocr_carea' id='block_1_23' title="bbox 188 1179 1011 1221">
    <p class='ocr_par' dir='ltr' id='par_1_23' title="bbox 188 1179 1011 1221">
     <span class='ocr_line' id='line_1_23' title="bbox 188 1179 1011 1221; baseline 0.001 -10"><span class='ocrx_word' id='word_1_152' title='bbox 188 1184 251 1211; x_wconf 83' lang='lat' dir='ltr'><strong>tota</strong></span> <span class='ocrx_word' id='word_1_153' title='bbox 272 1179 362 1210; x_wconf 90' lang='lat' dir='ltr'><strong>domo</strong></span> <span class='ocrx_word' id='word_1_154' title='bbox 387 1187 449 1210; x_wconf 85' lang='lat' dir='ltr'><strong>sua.</strong></span> <span class='ocrx_word' id='word_1_155' title='bbox 469 1191 483 1207; x_wconf 71' lang='grc' dir='ltr'><strong><em>ι</em></strong></span> <span class='ocrx_word' id='word_1_156' title='bbox 504 1179 647 1210; x_wconf 86' lang='lat' dir='ltr'><strong>Futurum</strong></span> <span class='ocrx_word' id='word_1_157' title='bbox 671 1184 716 1210; x_wconf 89' lang='lat' dir='ltr'><strong>est</strong></span> <span class='ocrx_word' id='word_1_158' title='bbox 740 1184 772 1210; x_wconf 87' lang='lat' dir='ltr'><strong>ut</strong></span> <span class='ocrx_word' id='word_1_159' title='bbox 799 1181 829 1210; x_wconf 93' lang='lat' dir='ltr'><strong>in</strong></span> <span class='ocrx_word' id='word_1_160' title='bbox 854 1190 1011 1221; x_wconf 78' lang='lat' dir='ltr'><strong>progressu</strong></span> 
     </span>
    </p>
   </div>
   <div class='ocr_carea' id='block_1_24' title="bbox 189 1223 1010 1265">
    <p class='ocr_par' dir='ltr' id='par_1_24' title="bbox 189 1223 1010 1265">
     <span class='ocr_line' id='line_1_24' title="bbox 189 1223 1010 1265; baseline 0.001 -10"><span class='ocrx_word' id='word_1_161' title='bbox 189 1228 339 1265; x_wconf 71' lang='lat' dir='ltr'><strong>praeponat</strong></span> <span class='ocrx_word' id='word_1_162' title='bbox 361 1223 509 1255; x_wconf 86' lang='lat' dir='ltr'><strong>Christum</strong></span> <span class='ocrx_word' id='word_1_163' title='bbox 530 1224 621 1254; x_wconf 84' lang='lat' dir='ltr'><strong>Mosi:</strong></span> <span class='ocrx_word' id='word_1_164' title='bbox 640 1232 743 1254; x_wconf 89' lang='lat' dir='ltr'><strong>verum</strong></span> <span class='ocrx_word' id='word_1_165' title='bbox 760 1225 901 1264; x_wconf 87' lang='lat' dir='ltr'><strong>quoniam</strong></span> <span class='ocrx_word' id='word_1_166' title='bbox 928 1225 958 1256; x_wconf 93' lang='lat' dir='ltr'><strong>hi</strong></span> <span class='ocrx_word' id='word_1_167' title='bbox 975 1226 1010 1256; x_wconf 86' lang='lat' dir='ltr'><strong>ad</strong></span> 
     </span>
    </p>
   </div>
   <div class='ocr_carea' id='block_1_25' title="bbox 189 1267 1009 1309">
    <p class='ocr_par' dir='ltr' id='par_1_25' title="bbox 189 1267 1009 1309">
     <span class='ocr_line' id='line_1_25' title="bbox 189 1267 1009 1309; baseline 0 -9"><span class='ocrx_word' id='word_1_168' title='bbox 189 1278 264 1309; x_wconf 88' lang='lat' dir='ltr'><strong>quos</strong></span> <span class='ocrx_word' id='word_1_169' title='bbox 278 1272 323 1299; x_wconf 87' lang='lat' dir='ltr'><strong>est</strong></span> <span class='ocrx_word' id='word_1_170' title='bbox 334 1277 445 1308; x_wconf 86' lang='lat' dir='ltr'><strong>sermo,</strong></span> <span class='ocrx_word' id='word_1_171' title='bbox 462 1268 517 1298; x_wconf 88' lang='lat' dir='ltr'><strong>etsi</strong></span> <span class='ocrx_word' id='word_1_172' title='bbox 542 1267 645 1298; x_wconf 81' lang='lat' dir='ltr'><strong>ﬁdeles</strong></span> <span class='ocrx_word' id='word_1_173' title='bbox 668 1272 763 1306; x_wconf 87' lang='lat' dir='ltr'><strong>erant,</strong></span> <span class='ocrx_word' id='word_1_174' title='bbox 791 1269 950 1308; x_wconf 89' lang='lat' dir='ltr'><strong>plurimum</strong></span> <span class='ocrx_word' id='word_1_175' title='bbox 964 1274 1009 1300; x_wconf 86' lang='lat' dir='ltr'><strong>ta-</strong></span> 
     </span>
    </p>
   </div>
   <div class='ocr_carea' id='block_1_26' title="bbox 190 1312 1009 1352">
    <p class='ocr_par' dir='ltr' id='par_1_26' title="bbox 190 1312 1009 1352">
     <span class='ocr_line' id='line_1_26' title="bbox 190 1312 1009 1352; baseline 0 -8"><span class='ocrx_word' id='word_1_176' title='bbox 190 1323 259 1344; x_wconf 91' lang='lat' dir='ltr'><strong>men</strong></span> <span class='ocrx_word' id='word_1_177' title='bbox 275 1317 305 1343; x_wconf 89' lang='lat' dir='ltr'><strong>et</strong></span> <span class='ocrx_word' id='word_1_178' title='bbox 317 1312 417 1352; x_wconf 64' lang='lat' dir='ltr'><strong>gloriae</strong></span> <span class='ocrx_word' id='word_1_179' title='bbox 429 1316 458 1342; x_wconf 90' lang='lat' dir='ltr'><strong>et</strong></span> <span class='ocrx_word' id='word_1_180' title='bbox 472 1312 594 1343; x_wconf 90' lang='lat' dir='ltr'><strong>honoris</strong></span> <span class='ocrx_word' id='word_1_181' title='bbox 610 1312 707 1343; x_wconf 87' lang='lat' dir='ltr'><strong>adhuc</strong></span> <span class='ocrx_word' id='word_1_182' title='bbox 728 1313 800 1343; x_wconf 85' lang='lat' dir='ltr'><strong>Mosi</strong></span> <span class='ocrx_word' id='word_1_183' title='bbox 826 1313 1009 1344; x_wconf 87' lang='lat' dir='ltr'><strong>deferebant.</strong></span> 
     </span>
    </p>
   </div>
   <div class='ocr_carea' id='block_1_27' title="bbox 188 1355 1010 1398">
    <p class='ocr_par' dir='ltr' id='par_1_27' title="bbox 188 1355 1010 1398">
     <span class='ocr_line' id='line_1_27' title="bbox 188 1355 1010 1398; baseline 0 -10"><span class='ocrx_word' id='word_1_184' title='bbox 188 1367 227 1388; x_wconf 89' lang='lat' dir='ltr'><strong>ne</strong></span> <span class='ocrx_word' id='word_1_185' title='bbox 251 1357 386 1398; x_wconf 90' lang='lat' dir='ltr'><strong>protinus</strong></span> <span class='ocrx_word' id='word_1_186' title='bbox 410 1365 479 1387; x_wconf 88' lang='lat' dir='ltr'><strong>suas</strong></span> <span class='ocrx_word' id='word_1_187' title='bbox 503 1355 677 1387; x_wconf 90' lang='lat' dir='ltr'><strong>obturarent</strong></span> <span class='ocrx_word' id='word_1_188' title='bbox 701 1366 797 1394; x_wconf 87' lang='lat' dir='ltr'><strong>aures,</strong></span> <span class='ocrx_word' id='word_1_189' title='bbox 826 1367 884 1388; x_wconf 93' lang='lat' dir='ltr'><strong>non</strong></span> <span class='ocrx_word' id='word_1_190' title='bbox 914 1358 1010 1388; x_wconf 85' lang='lat' dir='ltr'><strong>statim</strong></span> 
     </span>
    </p>
   </div>
   <div class='ocr_carea' id='block_1_28' title="bbox 190 1400 1012 1442">
    <p class='ocr_par' dir='ltr' id='par_1_28' title="bbox 190 1400 1012 1442">
     <span class='ocr_line' id='line_1_28' title="bbox 190 1400 1012 1442; baseline 0 -10"><span class='ocrx_word' id='word_1_191' title='bbox 190 1401 336 1442; x_wconf 75' lang='lat' dir='ltr'><strong>praeponit</strong></span> <span class='ocrx_word' id='word_1_192' title='bbox 343 1401 492 1431; x_wconf 86' lang='lat' dir='ltr'><strong>Christum</strong></span> <span class='ocrx_word' id='word_1_193' title='bbox 508 1400 649 1438; x_wconf 88' lang='lat' dir='ltr'><strong>Mosi,sed</strong></span> <span class='ocrx_word' id='word_1_194' title='bbox 662 1401 780 1431; x_wconf 89' lang='lat' dir='ltr'><strong>interim</strong></span> <span class='ocrx_word' id='word_1_195' title='bbox 788 1406 893 1442; x_wconf 82' lang='lat' dir='ltr'><strong>aequat,</strong></span> <span class='ocrx_word' id='word_1_196' title='bbox 903 1402 1012 1433; x_wconf 88' lang='lat' dir='ltr'><strong>deinde</strong></span> 
     </span>
    </p>
   </div>
   <div class='ocr_carea' id='block_1_29' title="bbox 190 1444 1013 1486">
    <p class='ocr_par' dir='ltr' id='par_1_29' title="bbox 190 1444 1013 1486">
     <span class='ocr_line' id='line_1_29' title="bbox 190 1444 1013 1486; baseline 0 -10"><span class='ocrx_word' id='word_1_197' title='bbox 190 1445 221 1476; x_wconf 91' lang='lat' dir='ltr'><strong>in</strong></span> <span class='ocrx_word' id='word_1_198' title='bbox 237 1453 396 1486; x_wconf 78' lang='lat' dir='ltr'><strong>progressu</strong></span> <span class='ocrx_word' id='word_1_199' title='bbox 413 1444 567 1484; x_wconf 62' lang='lat' dir='ltr'><strong>praeponit.</strong></span> <span class='ocrx_word' id='word_1_200' title='bbox 579 1444 666 1475; x_wconf 88' lang='lat' dir='ltr'><strong>Suam</strong></span> <span class='ocrx_word' id='word_1_201' title='bbox 682 1449 778 1475; x_wconf 77' lang='lat' dir='ltr'><strong>autem</strong></span> <span class='ocrx_word' id='word_1_202' title='bbox 795 1446 915 1476; x_wconf 91' lang='lat' dir='ltr'><strong>domum</strong></span> <span class='ocrx_word' id='word_1_203' title='bbox 927 1456 1013 1477; x_wconf 78' lang='lat' dir='ltr'><strong>voea-</strong></span> 
     </span>
    </p>
   </div>
   <div class='ocr_carea' id='block_1_30' title="bbox 189 1488 1040 1536">
    <p class='ocr_par' dir='ltr' id='par_1_30' title="bbox 189 1488 1040 1536">
     <span class='ocr_line' id='line_1_30' title="bbox 189 1488 1040 1536; baseline 0.001 -16"><span class='ocrx_word' id='word_1_204' title='bbox 189 1489 229 1536; x_wconf 78' lang='lat' dir='ltr'><strong>vit</strong></span> <span class='ocrx_word' id='word_1_205' title='bbox 239 1489 384 1536; x_wconf 79' lang='lat' dir='ltr'><strong>populum</strong></span> <span class='ocrx_word' id='word_1_206' title='bbox 397 1496 404 1518; x_wconf 94' lang='lat'>:</span> <span class='ocrx_word' id='word_1_207' title='bbox 419 1497 508 1528; x_wconf 91' lang='lat' dir='ltr'><strong>porro</strong></span> <span class='ocrx_word' id='word_1_208' title='bbox 523 1488 751 1536; x_wconf 76' lang='lat' dir='ltr'><strong>populum_dixit</strong></span> <span class='ocrx_word' id='word_1_209' title='bbox 762 1489 859 1536; x_wconf 61' lang='lat' dir='ltr'><strong>Hosis,</strong></span> <span class='ocrx_word' id='word_1_210' title='bbox 872 1491 1010 1530; x_wconf 87' lang='lat' dir='ltr'><strong>quoniam</strong></span> <span class='ocrx_word' id='word_1_211' title='bbox 1021 1510 1040 1536; x_wconf 69' lang='grc' dir='ltr'><strong>ο</strong></span> 
     </span>
    </p>
   </div>
   <div class='ocr_carea' id='block_1_31' title="bbox 188 1532 1007 1575">
    <p class='ocr_par' dir='ltr' id='par_1_31' title="bbox 188 1532 1007 1575">
     <span class='ocr_line' id='line_1_31' title="bbox 188 1532 1007 1575; baseline 0.004 -11"><span class='ocrx_word' id='word_1_212' title='bbox 188 1534 262 1575; x_wconf 87' lang='lat' dir='ltr'><strong>ipsis</strong></span> <span class='ocrx_word' id='word_1_213' title='bbox 277 1533 432 1574; x_wconf 69' lang='lat' dir='ltr'><strong>pml‘ectus</strong></span> <span class='ocrx_word' id='word_1_214' title='bbox 447 1537 520 1563; x_wconf 89' lang='lat' dir='ltr'><strong>erat.</strong></span> <span class='ocrx_word' id='word_1_215' title='bbox 533 1532 606 1563; x_wconf 89' lang='lat' dir='ltr'><strong>Nam</strong></span> <span class='ocrx_word' id='word_1_216' title='bbox 623 1537 651 1564; x_wconf 91' lang='lat' dir='ltr'><strong>et</strong></span> <span class='ocrx_word' id='word_1_217' title='bbox 665 1534 746 1564; x_wconf 89' lang='lat' dir='ltr'><strong>Deus</strong></span> <span class='ocrx_word' id='word_1_218' title='bbox 765 1534 839 1564; x_wconf 81' lang='lat' dir='ltr'><strong>dixit</strong></span> <span class='ocrx_word' id='word_1_219' title='bbox 853 1536 889 1565; x_wconf 90' lang='lat' dir='ltr'><strong>ad</strong></span> <span class='ocrx_word' id='word_1_220' title='bbox 916 1544 983 1566; x_wconf 92' lang='lat' dir='ltr'><strong>eum</strong></span> <span class='ocrx_word' id='word_1_221' title='bbox 1001 1545 1007 1567; x_wconf 82' lang='lat'><strong>2</strong></span> 
     </span>
    </p>
   </div>
   <div class='ocr_carea' id='block_1_32' title="bbox 193 1577 1012 1617">
    <p class='ocr_par' dir='ltr' id='par_1_32' title="bbox 193 1577 1012 1617">
     <span class='ocr_line' id='line_1_32' title="bbox 193 1577 1012 1617; baseline 0.004 -10"><span class='ocrx_word' id='word_1_222' title='bbox 193 1591 203 1607; x_wconf 78' lang='grc' dir='ltr'><strong>ι</strong></span> <span class='ocrx_word' id='word_1_223' title='bbox 217 1577 353 1609; x_wconf 87' lang='lat' dir='ltr'><strong>Peccavit</strong></span> <span class='ocrx_word' id='word_1_224' title='bbox 364 1577 490 1617; x_wconf 91' lang='lat' dir='ltr'><strong>populus</strong></span> <span class='ocrx_word' id='word_1_225' title='bbox 501 1581 569 1607; x_wconf 89' lang='lat' dir='ltr'><strong>tuus</strong></span> <span class='ocrx_word' id='word_1_226' title='bbox 580 1577 622 1608; x_wconf 66' lang='lat'><strong>50.</strong></span> <span class='ocrx_word' id='word_1_227' title='bbox 638 1577 972 1613; x_wconf 74' lang='lat' dir='ltr'><strong>n—«Quemadmodum</strong></span> <span class='ocrx_word' id='word_1_228' title='bbox 983 1584 1012 1610; x_wconf 90' lang='lat' dir='ltr'><strong>et</strong></span> 
     </span>
    </p>
   </div>
   <div class='ocr_carea' id='block_1_33' title="bbox 191 1621 1013 1662">
    <p class='ocr_par' dir='ltr' id='par_1_33' title="bbox 191 1621 1013 1662">
     <span class='ocr_line' id='line_1_33' title="bbox 191 1621 1013 1662; baseline -0.001 -7"><span class='ocrx_word' id='word_1_229' title='bbox 191 1625 300 1660; x_wconf 84' lang='lat' dir='ltr'><strong>Moses,</strong></span> <span class='ocrx_word' id='word_1_230' title='bbox 317 1635 331 1650; x_wconf 73' lang='grc' dir='ltr'>ι)</span> <span class='ocrx_word' id='word_1_231' title='bbox 350 1621 458 1662; x_wconf 90' lang='lat' dir='ltr'><strong>inquit.</strong></span> <span class='ocrx_word' id='word_1_232' title='bbox 482 1622 602 1652; x_wconf 87' lang='lat' dir='ltr'><strong>Frustra</strong></span> <span class='ocrx_word' id='word_1_233' title='bbox 626 1622 714 1659; x_wconf 84' lang='lat' dir='ltr'><strong>igitur</strong></span> <span class='ocrx_word' id='word_1_234' title='bbox 734 1631 780 1653; x_wconf 87' lang='lat' dir='ltr'><strong>me</strong></span> <span class='ocrx_word' id='word_1_235' title='bbox 795 1623 1013 1654; x_wconf 86' lang='lat' dir='ltr'><strong>calumniantur</strong></span> 
     </span>
    </p>
   </div>
   <div class='ocr_carea' id='block_1_34' title="bbox 191 1665 1010 1708">
    <p class='ocr_par' dir='ltr' id='par_1_34' title="bbox 191 1665 1010 1708">
     <span class='ocr_line' id='line_1_34' title="bbox 191 1665 1010 1708; baseline 0 -10"><span class='ocrx_word' id='word_1_236' title='bbox 191 1669 270 1708; x_wconf 88' lang='lat' dir='ltr'><strong>apud</strong></span> <span class='ocrx_word' id='word_1_237' title='bbox 287 1676 350 1704; x_wconf 87' lang='lat' dir='ltr'><strong>vos,</strong></span> <span class='ocrx_word' id='word_1_238' title='bbox 363 1665 412 1706; x_wconf 88' lang='lat' dir='ltr'><strong>qui</strong></span> <span class='ocrx_word' id='word_1_239' title='bbox 429 1675 476 1696; x_wconf 92' lang='lat' dir='ltr'><strong>me</strong></span> <span class='ocrx_word' id='word_1_240' title='bbox 485 1665 589 1696; x_wconf 91' lang='lat' dir='ltr'><strong>dicunt</strong></span> <span class='ocrx_word' id='word_1_241' title='bbox 601 1665 819 1697; x_wconf 85' lang='lat' dir='ltr'><strong>defunctionem</strong></span> <span class='ocrx_word' id='word_1_242' title='bbox 835 1676 851 1697; x_wconf 89' lang='lat' dir='ltr'><strong>a</strong></span> <span class='ocrx_word' id='word_1_243' title='bbox 866 1669 947 1699; x_wconf 88' lang='lat' dir='ltr'><strong>Mose</strong></span> <span class='ocrx_word' id='word_1_244' title='bbox 956 1668 1010 1698; x_wconf 90' lang='lat' dir='ltr'><strong>do-</strong></span> 
     </span>
    </p>
   </div>
   <div class='ocr_carea' id='block_1_35' title="bbox 189 1710 1008 1750">
    <p class='ocr_par' dir='ltr' id='par_1_35' title="bbox 189 1710 1008 1750">
     <span class='ocr_line' id='line_1_35' title="bbox 189 1710 1008 1750; baseline 0.001 -7"><span class='ocrx_word' id='word_1_245' title='bbox 189 1721 269 1749; x_wconf 88' lang='lat' dir='ltr'><strong>cere,</strong></span> <span class='ocrx_word' id='word_1_246' title='bbox 283 1715 312 1742; x_wconf 89' lang='lat' dir='ltr'><strong>et</strong></span> <span class='ocrx_word' id='word_1_247' title='bbox 326 1719 396 1750; x_wconf 82' lang='lat' dir='ltr'><strong>erga</strong></span> <span class='ocrx_word' id='word_1_248' title='bbox 412 1710 510 1750; x_wconf 87' lang='lat' dir='ltr'><strong>ipsum</strong></span> <span class='ocrx_word' id='word_1_249' title='bbox 526 1710 648 1741; x_wconf 88' lang='lat' dir='ltr'><strong>inimico</strong></span> <span class='ocrx_word' id='word_1_250' title='bbox 665 1710 803 1741; x_wconf 75' lang='lat' dir='ltr'><strong>affectum</strong></span> <span class='ocrx_word' id='word_1_251' title='bbox 820 1721 885 1742; x_wconf 90' lang='lat' dir='ltr'><strong>esse</strong></span> <span class='ocrx_word' id='word_1_252' title='bbox 897 1713 1008 1744; x_wconf 90' lang='lat' dir='ltr'><strong>animo.</strong></span> 
     </span>
    </p>
   </div>
   <div class='ocr_carea' id='block_1_36' title="bbox 191 1755 1010 1794">
    <p class='ocr_par' dir='ltr' id='par_1_36' title="bbox 191 1755 1010 1794">
     <span class='ocr_line' id='line_1_36' title="bbox 191 1755 1010 1794; baseline 0 -7"><span class='ocrx_word' id='word_1_253' title='bbox 191 1757 254 1788; x_wconf 85' lang='lat' dir='ltr'><strong>Hoc</strong></span> <span class='ocrx_word' id='word_1_254' title='bbox 281 1759 380 1786; x_wconf 86' lang='lat' dir='ltr'><strong>autem</strong></span> <span class='ocrx_word' id='word_1_255' title='bbox 406 1755 482 1785; x_wconf 90' lang='lat' dir='ltr'><strong>clam</strong></span> <span class='ocrx_word' id='word_1_256' title='bbox 507 1758 537 1784; x_wconf 89' lang='lat' dir='ltr'><strong>et</strong></span> <span class='ocrx_word' id='word_1_257' title='bbox 557 1764 616 1784; x_wconf 89' lang='lat' dir='ltr'><strong>non</strong></span> <span class='ocrx_word' id='word_1_258' title='bbox 637 1763 672 1784; x_wconf 85' lang='lat' dir='ltr'><strong>ex</strong></span> <span class='ocrx_word' id='word_1_259' title='bbox 698 1755 846 1794; x_wconf 88' lang='lat' dir='ltr'><strong>proposito</strong></span> <span class='ocrx_word' id='word_1_260' title='bbox 872 1765 1010 1787; x_wconf 88' lang='lat' dir='ltr'><strong>sermone</strong></span> 
     </span>
    </p>
   </div>
   <div class='ocr_carea' id='block_1_37' title="bbox 187 1799 1010 1838">
    <p class='ocr_par' dir='ltr' id='par_1_37' title="bbox 187 1799 1010 1838">
     <span class='ocr_line' id='line_1_37' title="bbox 187 1799 1010 1838; baseline 0 -7"><span class='ocrx_word' id='word_1_261' title='bbox 187 1799 302 1831; x_wconf 87' lang='lat' dir='ltr'><strong>inducit</strong></span> <span class='ocrx_word' id='word_1_262' title='bbox 315 1803 348 1830; x_wconf 89' lang='lat' dir='ltr'><strong>ut</strong></span> <span class='ocrx_word' id='word_1_263' title='bbox 362 1799 454 1838; x_wconf 79' lang='lat' dir='ltr'><strong>magis</strong></span> <span class='ocrx_word' id='word_1_264' title='bbox 470 1799 665 1838; x_wconf 84' lang='lat' dir='ltr'><strong>persuadeat:</strong></span> <span class='ocrx_word' id='word_1_265' title='bbox 680 1808 748 1828; x_wconf 86' lang='lat' dir='ltr'><strong>nam</strong></span> <span class='ocrx_word' id='word_1_266' title='bbox 765 1799 841 1838; x_wconf 87' lang='lat' dir='ltr'><strong>quod</strong></span> <span class='ocrx_word' id='word_1_267' title='bbox 859 1800 895 1830; x_wconf 92' lang='lat' dir='ltr'><strong>ad</strong></span> <span class='ocrx_word' id='word_1_268' title='bbox 909 1800 1010 1831; x_wconf 81' lang='lat' dir='ltr'><strong>defen-</strong></span> 
     </span>
    </p>
   </div>
   <div class='ocr_carea' id='block_1_38' title="bbox 187 1843 1008 1884">
    <p class='ocr_par' dir='ltr' id='par_1_38' title="bbox 187 1843 1008 1884">
     <span class='ocr_line' id='line_1_38' title="bbox 187 1843 1008 1884; baseline -0.001 -8"><span class='ocrx_word' id='word_1_269' title='bbox 187 1846 302 1876; x_wconf 87' lang='lat' dir='ltr'><strong>sionem</strong></span> <span class='ocrx_word' id='word_1_270' title='bbox 327 1849 461 1884; x_wconf 84' lang='lat' dir='ltr'><strong>paratum</strong></span> <span class='ocrx_word' id='word_1_271' title='bbox 487 1848 542 1882; x_wconf 90' lang='lat' dir='ltr'><strong>est,</strong></span> <span class='ocrx_word' id='word_1_272' title='bbox 560 1843 722 1883; x_wconf 91' lang='lat' dir='ltr'><strong>suspicioni</strong></span> <span class='ocrx_word' id='word_1_273' title='bbox 747 1843 839 1883; x_wconf 78' lang='lat' dir='ltr'><strong>magis</strong></span> <span class='ocrx_word' id='word_1_274' title='bbox 864 1844 1008 1884; x_wconf 87' lang='lat' dir='ltr'><strong>subjacet.</strong></span> 
     </span>
    </p>
   </div>
   <div class='ocr_carea' id='block_1_39' title="bbox 192 1886 1009 1929">
    <p class='ocr_par' dir='ltr' id='par_1_39' title="bbox 192 1886 1009 1929">
     <span class='ocr_line' id='line_1_39' title="bbox 192 1886 1009 1929; baseline 0.001 -11"><span class='ocrx_word' id='word_1_275' title='bbox 192 1901 203 1918; x_wconf 74' lang='grc' dir='ltr'>α</span> <span class='ocrx_word' id='word_1_276' title='bbox 221 1888 326 1929; x_wconf 85' lang='lat' dir='ltr'><strong>Majori</strong></span> <span class='ocrx_word' id='word_1_277' title='bbox 345 1887 438 1927; x_wconf 80' lang='lat' dir='ltr'><strong>gloria</strong></span> <span class='ocrx_word' id='word_1_278' title='bbox 456 1887 505 1917; x_wconf 88' lang='lat' dir='ltr'><strong>hic</strong></span> <span class='ocrx_word' id='word_1_279' title='bbox 521 1886 638 1925; x_wconf 85' lang='lat' dir='ltr'><strong>dignus.</strong></span> <span class='ocrx_word' id='word_1_280' title='bbox 659 1899 670 1915; x_wconf 73' lang='grc' dir='ltr'><strong>η</strong></span> <span class='ocrx_word' id='word_1_281' title='bbox 687 1887 758 1918; x_wconf 89' lang='lat' dir='ltr'><strong>Cum</strong></span> <span class='ocrx_word' id='word_1_282' title='bbox 774 1888 895 1918; x_wconf 83' lang='lat' dir='ltr'><strong>dixisset</strong></span> <span class='ocrx_word' id='word_1_283' title='bbox 909 1898 1009 1928; x_wconf 63' lang='lat' dir='ltr'><strong>aequa-</strong></span> 
     </span>
    </p>
   </div>
   <div class='ocr_carea' id='block_1_40' title="bbox 186 1931 1011 1971">
    <p class='ocr_par' dir='ltr' id='par_1_40' title="bbox 186 1931 1011 1971">
     <span class='ocr_line' id='line_1_40' title="bbox 186 1931 1011 1971; baseline -0.001 -7"><span class='ocrx_word' id='word_1_284' title='bbox 186 1933 299 1964; x_wconf 89' lang='lat' dir='ltr'><strong>litatem</strong></span> <span class='ocrx_word' id='word_1_285' title='bbox 320 1932 430 1963; x_wconf 89' lang='lat' dir='ltr'><strong>Christi</strong></span> <span class='ocrx_word' id='word_1_286' title='bbox 451 1931 487 1962; x_wconf 84' lang='lat' dir='ltr'><strong>ad</strong></span> <span class='ocrx_word' id='word_1_287' title='bbox 511 1932 636 1968; x_wconf 77' lang='lat' dir='ltr'><strong>Mosam,</strong></span> <span class='ocrx_word' id='word_1_288' title='bbox 666 1940 745 1961; x_wconf 87' lang='lat' dir='ltr'><strong>nunc</strong></span> <span class='ocrx_word' id='word_1_289' title='bbox 773 1932 911 1971; x_wconf 85' lang='lat' dir='ltr'><strong>paulatim</strong></span> <span class='ocrx_word' id='word_1_290' title='bbox 937 1933 1011 1963; x_wconf 79' lang='lat' dir='ltr'><strong>dixit.</strong></span> 
     </span>
    </p>
   </div>
   <div class='ocr_carea' id='block_1_41' title="bbox 187 1974 1011 2016">
    <p class='ocr_par' dir='ltr' id='par_1_41' title="bbox 187 1974 1011 2016">
     <span class='ocr_line' id='line_1_41' title="bbox 187 1974 1011 2016; baseline 0 -8"><span class='ocrx_word' id='word_1_291' title='bbox 187 1976 408 2009; x_wconf 81' lang='lat' dir='ltr'><strong>excellentiam.</strong></span> <span class='ocrx_word' id='word_1_292' title='bbox 439 1988 452 2003; x_wconf 78' lang='grc' dir='ltr'><strong>α</strong></span> <span class='ocrx_word' id='word_1_293' title='bbox 477 1974 585 2014; x_wconf 86' lang='lat' dir='ltr'><strong>Majore</strong></span> <span class='ocrx_word' id='word_1_294' title='bbox 609 1975 669 2006; x_wconf 89' lang='lat' dir='ltr'><strong>hic.</strong></span> <span class='ocrx_word' id='word_1_295' title='bbox 693 1987 706 2002; x_wconf 79' lang='grc'><strong>»</strong></span> <span class='ocrx_word' id='word_1_296' title='bbox 736 1975 829 2011; x_wconf 76' lang='lat' dir='ltr'><strong>Quis?</strong></span> <span class='ocrx_word' id='word_1_297' title='bbox 850 1975 905 2012; x_wconf 90' lang='lat' dir='ltr'><strong>Qui</strong></span> <span class='ocrx_word' id='word_1_298' title='bbox 927 1977 1011 2016; x_wconf 84' lang='lat' dir='ltr'><strong>juxta</strong></span> 
     </span>
    </p>
   </div>
   <div class='ocr_carea' id='block_1_42' title="bbox 186 2019 1009 2060">
    <p class='ocr_par' dir='ltr' id='par_1_42' title="bbox 186 2019 1009 2060">
     <span class='ocr_line' id='line_1_42' title="bbox 186 2019 1009 2060; baseline -0.002 -7"><span class='ocrx_word' id='word_1_299' title='bbox 186 2031 306 2053; x_wconf 89' lang='lat' dir='ltr'><strong>carnem</strong></span> <span class='ocrx_word' id='word_1_300' title='bbox 318 2020 493 2059; x_wconf 84' lang='lat' dir='ltr'><strong>intelligitur</strong></span> <span class='ocrx_word' id='word_1_301' title='bbox 508 2019 652 2050; x_wconf 85' lang='lat' dir='ltr'><strong>Christus.</strong></span> <span class='ocrx_word' id='word_1_302' title='bbox 674 2020 802 2059; x_wconf 68' lang='lat' dir='ltr'><strong>«)iajore</strong></span> <span class='ocrx_word' id='word_1_303' title='bbox 814 2020 907 2059; x_wconf 82' lang='lat' dir='ltr'><strong>gloria</strong></span> <span class='ocrx_word' id='word_1_304' title='bbox 922 2031 1009 2060; x_wconf 92' lang='lat' dir='ltr'><strong>quam</strong></span> 
     </span>
    </p>
   </div>
   <div class='ocr_carea' id='block_1_43' title="bbox 187 2063 1006 2104">
    <p class='ocr_par' dir='ltr' id='par_1_43' title="bbox 187 2063 1006 2104">
     <span class='ocr_line' id='line_1_43' title="bbox 187 2063 1006 2104; baseline -0.002 -7"><span class='ocrx_word' id='word_1_305' title='bbox 187 2066 283 2097; x_wconf 86' lang='lat' dir='ltr'><strong>Moses</strong></span> <span class='ocrx_word' id='word_1_306' title='bbox 312 2065 362 2095; x_wconf 91' lang='lat' dir='ltr'><strong>hic</strong></span> <span class='ocrx_word' id='word_1_307' title='bbox 384 2064 491 2103; x_wconf 82' lang='lat' dir='ltr'><strong>dignus</strong></span> <span class='ocrx_word' id='word_1_308' title='bbox 511 2068 556 2094; x_wconf 86' lang='lat' dir='ltr'><strong>est</strong></span> <span class='ocrx_word' id='word_1_309' title='bbox 583 2063 712 2100; x_wconf 88' lang='lat' dir='ltr'><strong>habitus,</strong></span> <span class='ocrx_word' id='word_1_310' title='bbox 729 2069 837 2103; x_wconf 92' lang='lat' dir='ltr'><strong>quanto</strong></span> <span class='ocrx_word' id='word_1_311' title='bbox 866 2065 1006 2104; x_wconf 78' lang='lat' dir='ltr'><strong>majorem</strong></span> 
     </span>
    </p>
   </div>
   <div class='ocr_carea' id='block_1_44' title="bbox 184 2108 1009 2149">
    <p class='ocr_par' dir='ltr' id='par_1_44' title="bbox 184 2108 1009 2149">
     <span class='ocr_line' id='line_1_44' title="bbox 184 2108 1009 2149; baseline -0.001 -8"><span class='ocrx_word' id='word_1_312' title='bbox 184 2110 274 2141; x_wconf 88' lang='lat' dir='ltr'><strong>habet</strong></span> <span class='ocrx_word' id='word_1_313' title='bbox 300 2109 444 2139; x_wconf 88' lang='lat' dir='ltr'><strong>honorem</strong></span> <span class='ocrx_word' id='word_1_314' title='bbox 473 2108 498 2138; x_wconf 89' lang='lat' dir='ltr'><strong>is</strong></span> <span class='ocrx_word' id='word_1_315' title='bbox 539 2109 588 2147; x_wconf 90' lang='lat' dir='ltr'><strong>qui</strong></span> <span class='ocrx_word' id='word_1_316' title='bbox 614 2109 776 2139; x_wconf 78' lang='lat' dir='ltr'><strong>construxit</strong></span> <span class='ocrx_word' id='word_1_317' title='bbox 791 2108 910 2138; x_wconf 92' lang='lat' dir='ltr'><strong>domum</strong></span> <span class='ocrx_word' id='word_1_318' title='bbox 922 2119 1009 2149; x_wconf 91' lang='lat' dir='ltr'><strong>quam</strong></span> 
     </span>
    </p>
   </div>
   <div class='ocr_carea' id='block_1_45' title="bbox 185 2152 1009 2194">
    <p class='ocr_par' dir='ltr' id='par_1_45' title="bbox 185 2152 1009 2194">
     <span class='ocr_line' id='line_1_45' title="bbox 185 2152 1009 2194; baseline -0.001 -9"><span class='ocrx_word' id='word_1_319' title='bbox 185 2154 250 2194; x_wconf 86' lang='lat' dir='ltr'><strong>ipsa</strong></span> <span class='ocrx_word' id='word_1_320' title='bbox 265 2154 384 2184; x_wconf 88' lang='lat' dir='ltr'><strong>domus.</strong></span> <span class='ocrx_word' id='word_1_321' title='bbox 402 2165 415 2181; x_wconf 69' lang='grc' dir='ltr'><strong>ι</strong></span> <span class='ocrx_word' id='word_1_322' title='bbox 433 2152 600 2183; x_wconf 88' lang='lat' dir='ltr'><strong>Extremam</strong></span> <span class='ocrx_word' id='word_1_323' title='bbox 617 2161 694 2182; x_wconf 93' lang='lat' dir='ltr'><strong>nunc</strong></span> <span class='ocrx_word' id='word_1_324' title='bbox 713 2152 796 2192; x_wconf 89' lang='lat' dir='ltr'><strong>ponit</strong></span> <span class='ocrx_word' id='word_1_325' title='bbox 811 2154 1009 2192; x_wconf 72' lang='lat' dir='ltr'><strong>praeeminen-</strong></span> 
     </span>
    </p>
   </div>
   <div class='ocr_carea' id='block_1_46' title="bbox 753 140 1313 176">
    <p class='ocr_par' dir='ltr' id='par_1_46' title="bbox 753 140 1313 176">
     <span class='ocr_line' id='line_1_46' title="bbox 753 140 1313 176; baseline -0.009 0"><span class='ocrx_word' id='word_1_326' title='bbox 753 140 959 176; x_wconf 82' lang='lat' dir='ltr'><strong>(ECUMENII</strong></span> <span class='ocrx_word' id='word_1_327' title='bbox 979 140 1128 173; x_wconf 67' lang='lat' dir='ltr'><strong>TRICGE</strong></span> <span class='ocrx_word' id='word_1_328' title='bbox 1146 140 1313 173; x_wconf 85' lang='lat' dir='ltr'><strong>EPISCOPI</strong></span> 
     </span>
    </p>
   </div>
   <div class='ocr_carea' id='block_1_47' title="bbox 194 196 1009 248">
    <p class='ocr_par' dir='ltr' id='par_1_47' title="bbox 194 203 1009 247">
     <span class='ocr_line' id='line_1_47' title="bbox 194 203 1009 247; baseline 0.002 -11"><span class='ocrx_word' id='word_1_329' title='bbox 194 213 256 236; x_wconf 76' lang='lat' dir='ltr'><strong>om</strong></span> <span class='ocrx_word' id='word_1_330' title='bbox 275 204 470 243; x_wconf 69' lang='lat' dir='ltr'><strong>confessionis</strong></span> <span class='ocrx_word' id='word_1_331' title='bbox 497 208 608 235; x_wconf 66' lang='lat' dir='ltr'><strong>nostra</strong></span> <span class='ocrx_word' id='word_1_332' title='bbox 626 203 778 234; x_wconf 74' lang='lat' dir='ltr'><strong>Christum</strong></span> <span class='ocrx_word' id='word_1_333' title='bbox 795 203 918 236; x_wconf 80' lang='lat' dir='ltr'><strong>Iesum:</strong></span> <span class='ocrx_word' id='word_1_334' title='bbox 935 207 1009 247; x_wconf 82' lang='lat' dir='ltr'><strong>quod</strong></span> 
     </span>
    </p>
   </div>
   <div class='ocr_carea' id='block_1_48' title="bbox 1093 196 1724 248">
    <p class='ocr_par' dir='ltr' id='par_1_48' title="bbox 1093 196 1724 248">
     <span class='ocr_line' id='line_1_48' title="bbox 1093 196 1724 248; baseline 0 -12"><span class='ocrx_word' id='word_1_335' title='bbox 1093 219 1104 240; x_wconf 92' lang='grc' dir='ltr'><strong>ς</strong></span> <span class='ocrx_word' id='word_1_336' title='bbox 1140 208 1284 248; x_wconf 81' lang='grc' dir='ltr'><strong>ὁμολογίας</strong></span> <span class='ocrx_word' id='word_1_337' title='bbox 1319 196 1401 246; x_wconf 78' lang='grc' dir='ltr'>ἡμῶν</span> <span class='ocrx_word' id='word_1_338' title='bbox 1451 208 1552 242; x_wconf 82' lang='grc' dir='ltr'>Ἰησοῦν</span> <span class='ocrx_word' id='word_1_339' title='bbox 1602 209 1724 248; x_wconf 77' lang='grc' dir='ltr'>Χριστὸν,</span> 
     </span>
    </p>
   </div>
   <div class='ocr_carea' id='block_1_49' title="bbox 1817 137 1881 171">
    <p class='ocr_par' dir='ltr' id='par_1_49' title="bbox 1817 137 1881 171">
     <span class='ocr_line' id='line_1_49' title="bbox 1817 137 1881 171; baseline 0 -2"><span class='ocrx_word' id='word_1_340' title='bbox 1817 137 1881 171; x_wconf 85' lang='grc'><strong>304</strong></span> 
     </span>
    </p>
   </div>
   <div class='ocr_carea' id='block_1_50' title="bbox 1781 206 1880 235">
    <p class='ocr_par' dir='ltr' id='par_1_50' title="bbox 1781 206 1880 235">
     <span class='ocr_line' id='line_1_50' title="bbox 1781 206 1880 235; baseline -0.02 0"><span class='ocrx_word' id='word_1_341' title='bbox 1781 206 1880 235; x_wconf 77' lang='grc' dir='ltr'>πιστὸν</span> 
     </span>
    </p>
   </div>
   <div class='ocr_carea' id='block_1_51' title="bbox 1054 250 1881 290">
    <p class='ocr_par' dir='ltr' id='par_1_51' title="bbox 1054 250 1881 290">
     <span class='ocr_line' id='line_1_51' title="bbox 1054 250 1881 290; baseline -0.001 -10"><span class='ocrx_word' id='word_1_342' title='bbox 1054 252 1115 281; x_wconf 78' lang='grc' dir='ltr'>ὄντα</span> <span class='ocrx_word' id='word_1_343' title='bbox 1150 256 1189 290; x_wconf 83' lang='grc' dir='ltr'>τῷ</span> <span class='ocrx_word' id='word_1_344' title='bbox 1216 264 1356 286; x_wconf 87' lang='grc' dir='ltr'>ποιησαντι</span> <span class='ocrx_word' id='word_1_345' title='bbox 1384 253 1461 281; x_wconf 82' lang='grc' dir='ltr'>αὒτὸν</span> <span class='ocrx_word' id='word_1_346' title='bbox 1489 255 1526 286; x_wconf 85' lang='grc' dir='ltr'>ὡς</span> <span class='ocrx_word' id='word_1_347' title='bbox 1561 254 1604 281; x_wconf 85' lang='grc' dir='ltr'><strong>καὶ</strong></span> <span class='ocrx_word' id='word_1_348' title='bbox 1633 255 1732 286; x_wconf 81' lang='grc' dir='ltr'><strong>Μωσῆς</strong></span> <span class='ocrx_word' id='word_1_349' title='bbox 1767 251 1794 280; x_wconf 66' lang='grc' dir='ltr'>ἓν</span> <span class='ocrx_word' id='word_1_350' title='bbox 1820 250 1881 288; x_wconf 77' lang='grc' dir='ltr'>ὅλῳ</span> 
     </span>
    </p>
   </div>
   <div class='ocr_carea' id='block_1_52' title="bbox 1054 295 1882 337">
    <p class='ocr_par' dir='ltr' id='par_1_52' title="bbox 1054 295 1882 337">
     <span class='ocr_line' id='line_1_52' title="bbox 1054 295 1882 337; baseline -0.002 -12"><span class='ocrx_word' id='word_1_351' title='bbox 1054 301 1092 334; x_wconf 82' lang='grc' dir='ltr'>τῷ</span> <span class='ocrx_word' id='word_1_352' title='bbox 1120 296 1189 334; x_wconf 84' lang='grc' dir='ltr'>οἴκῳ</span> <span class='ocrx_word' id='word_1_353' title='bbox 1217 297 1305 327; x_wconf 67' lang='grc' dir='ltr'>αὐτοῦ.</span> <span class='ocrx_word' id='word_1_354' title='bbox 1347 297 1469 328; x_wconf 88' lang='grc' dir='ltr'>Πλείονος</span> <span class='ocrx_word' id='word_1_355' title='bbox 1504 298 1554 337; x_wconf 80' lang='grc' dir='ltr'><strong>γὰρ</strong></span> <span class='ocrx_word' id='word_1_356' title='bbox 1590 296 1668 330; x_wconf 82' lang='grc' dir='ltr'>δόξης</span> <span class='ocrx_word' id='word_1_357' title='bbox 1700 297 1774 328; x_wconf 70' lang='grc' dir='ltr'>οὗτος</span> <span class='ocrx_word' id='word_1_358' title='bbox 1804 295 1882 334; x_wconf 79' lang='grc' dir='ltr'>παρᾶ</span> 
     </span>
    </p>
   </div>
   <div class='ocr_carea' id='block_1_53' title="bbox 1056 340 1884 381">
    <p class='ocr_par' dir='ltr' id='par_1_53' title="bbox 1056 340 1884 381">
     <span class='ocr_line' id='line_1_53' title="bbox 1056 340 1884 381; baseline 0 -13"><span class='ocrx_word' id='word_1_359' title='bbox 1056 343 1154 374; x_wconf 81' lang='grc' dir='ltr'>Μωσῆν</span> <span class='ocrx_word' id='word_1_360' title='bbox 1182 341 1301 381; x_wconf 78' lang='grc' dir='ltr'>ἠξίωται,</span> <span class='ocrx_word' id='word_1_361' title='bbox 1331 340 1391 369; x_wconf 78' lang='grc' dir='ltr'>καθ’</span> <span class='ocrx_word' id='word_1_362' title='bbox 1421 340 1484 370; x_wconf 87' lang='grc' dir='ltr'>ὅσον</span> <span class='ocrx_word' id='word_1_363' title='bbox 1510 341 1620 370; x_wconf 79' lang='grc' dir='ltr'><strong>πλείονα</strong></span> <span class='ocrx_word' id='word_1_364' title='bbox 1641 341 1723 378; x_wconf 76' lang='grc' dir='ltr'>τιμὴν</span> <span class='ocrx_word' id='word_1_365' title='bbox 1744 340 1803 380; x_wconf 65' lang='grc' dir='ltr'>ἕχει</span> <span class='ocrx_word' id='word_1_366' title='bbox 1833 349 1884 368; x_wconf 77' lang='grc' dir='ltr'><strong>τω</strong></span> 
     </span>
    </p>
   </div>
   <div class='ocr_carea' id='block_1_54' title="bbox 1056 385 1519 417">
    <p class='ocr_par' dir='ltr' id='par_1_54' title="bbox 1056 385 1519 417">
     <span class='ocr_line' id='line_1_54' title="bbox 1056 385 1519 417; baseline 0 -4"><span class='ocrx_word' id='word_1_367' title='bbox 1056 385 1131 413; x_wconf 83' lang='grc' dir='ltr'>οἴκου</span> <span class='ocrx_word' id='word_1_368' title='bbox 1153 387 1167 413; x_wconf 81' lang='grc' dir='ltr'>ὁ</span> <span class='ocrx_word' id='word_1_369' title='bbox 1181 386 1379 417; x_wconf 72' lang='grc' dir='ltr'><strong>κατασκευάσας</strong></span> <span class='ocrx_word' id='word_1_370' title='bbox 1395 385 1486 415; x_wconf 69' lang='grc' dir='ltr'>αὐτόν.</span> <span class='ocrx_word' id='word_1_371' title='bbox 1507 397 1519 414; x_wconf 74' lang='grc' dir='ltr'>ι</span> 
     </span>
    </p>
   </div>
   <div class='ocr_carea' id='block_1_55' title="bbox 1096 472 1883 513">
    <p class='ocr_par' dir='ltr' id='par_1_55' title="bbox 1096 472 1883 513">
     <span class='ocr_line' id='line_1_55' title="bbox 1096 472 1883 513; baseline -0.004 -11"><span class='ocrx_word' id='word_1_372' title='bbox 1096 473 1125 502; x_wconf 85' lang='grc' dir='ltr'>Εἰ</span> <span class='ocrx_word' id='word_1_373' title='bbox 1140 473 1184 501; x_wconf 83' lang='grc' dir='ltr'><strong>οὗν</strong></span> <span class='ocrx_word' id='word_1_374' title='bbox 1210 473 1323 513; x_wconf 78' lang='grc' dir='ltr'>μέτοχοι</span> <span class='ocrx_word' id='word_1_375' title='bbox 1359 474 1403 502; x_wconf 87' lang='grc' dir='ltr'><strong>καὶ</strong></span> <span class='ocrx_word' id='word_1_376' title='bbox 1430 475 1551 502; x_wconf 85' lang='grc' dir='ltr'>κοινωνοί</span> <span class='ocrx_word' id='word_1_377' title='bbox 1585 473 1643 502; x_wconf 75' lang='grc' dir='ltr'>ἐστε</span> <span class='ocrx_word' id='word_1_378' title='bbox 1678 476 1727 507; x_wconf 76' lang='grc' dir='ltr'>τῆς</span> <span class='ocrx_word' id='word_1_379' title='bbox 1755 472 1883 507; x_wconf 79' lang='grc' dir='ltr'><strong>κλήσεως</strong></span> 
     </span>
    </p>
   </div>
   <div class='ocr_carea' id='block_1_56' title="bbox 1054 516 1884 557">
    <p class='ocr_par' dir='ltr' id='par_1_56' title="bbox 1054 516 1884 557">
     <span class='ocr_line' id='line_1_56' title="bbox 1054 516 1884 557; baseline -0.001 -13"><span class='ocrx_word' id='word_1_380' title='bbox 1054 520 1104 550; x_wconf 78' lang='grc' dir='ltr'>τῆς</span> <span class='ocrx_word' id='word_1_381' title='bbox 1119 516 1283 557; x_wconf 78' lang='grc' dir='ltr'>ἐπουρανίου,</span> <span class='ocrx_word' id='word_1_382' title='bbox 1307 518 1340 546; x_wconf 77' lang='grc' dir='ltr'><strong>τὰ</strong></span> <span class='ocrx_word' id='word_1_383' title='bbox 1371 518 1428 546; x_wconf 78' lang='grc' dir='ltr'>ἐκεῖ</span> <span class='ocrx_word' id='word_1_384' title='bbox 1461 522 1579 555; x_wconf 79' lang='grc' dir='ltr'>ζητεῖτε,</span> <span class='ocrx_word' id='word_1_385' title='bbox 1615 519 1658 546; x_wconf 79' lang='grc' dir='ltr'><strong>καὶ</strong></span> <span class='ocrx_word' id='word_1_386' title='bbox 1685 521 1738 546; x_wconf 85' lang='grc' dir='ltr'><strong>τῶν</strong></span> <span class='ocrx_word' id='word_1_387' title='bbox 1768 517 1884 545; x_wconf 73' lang='grc' dir='ltr'>ἐνταῦθα</span> 
     </span>
    </p>
   </div>
   <div class='ocr_carea' id='block_1_57' title="bbox 1054 561 1883 600">
    <p class='ocr_par' dir='ltr' id='par_1_57' title="bbox 1054 561 1883 600">
     <span class='ocr_line' id='line_1_57' title="bbox 1054 561 1883 600; baseline -0.001 -11"><span class='ocrx_word' id='word_1_388' title='bbox 1054 561 1133 600; x_wconf 83' lang='grc' dir='ltr'>λόγος</span> <span class='ocrx_word' id='word_1_389' title='bbox 1155 562 1219 598; x_wconf 79' lang='grc' dir='ltr'>ὑμῖν</span> <span class='ocrx_word' id='word_1_390' title='bbox 1240 561 1307 590; x_wconf 74' lang='grc' dir='ltr'>ἔστω</span> <span class='ocrx_word' id='word_1_391' title='bbox 1329 561 1432 600; x_wconf 81' lang='grc' dir='ltr'>μηδείς,</span> <span class='ocrx_word' id='word_1_392' title='bbox 1461 572 1472 589; x_wconf 75' lang='grc' dir='ltr'>ι</span> <span class='ocrx_word' id='word_1_393' title='bbox 1492 564 1542 591; x_wconf 78' lang='grc' dir='ltr'><strong>Τὸν</strong></span> <span class='ocrx_word' id='word_1_394' title='bbox 1558 561 1705 590; x_wconf 76' lang='grc' dir='ltr'>ἀπόστολον</span> <span class='ocrx_word' id='word_1_395' title='bbox 1719 563 1764 590; x_wconf 82' lang='grc' dir='ltr'><strong>καὶ</strong></span> <span class='ocrx_word' id='word_1_396' title='bbox 1779 561 1883 600; x_wconf 70' lang='grc' dir='ltr'>ἀρχιε-</span> 
     </span>
    </p>
   </div>
   <div class='ocr_carea' id='block_1_58' title="bbox 1055 601 1884 644">
    <p class='ocr_par' dir='ltr' id='par_1_58' title="bbox 1055 601 1884 644">
     <span class='ocr_line' id='line_1_58' title="bbox 1055 601 1884 644; baseline -0.004 -9"><span class='ocrx_word' id='word_1_397' title='bbox 1055 606 1111 644; x_wconf 73' lang='grc' dir='ltr'>ρέα.</span> <span class='ocrx_word' id='word_1_398' title='bbox 1133 617 1144 634; x_wconf 78' lang='grc' dir='ltr'>ι</span> <span class='ocrx_word' id='word_1_399' title='bbox 1178 601 1275 634; x_wconf 84' lang='grc' dir='ltr'>Ἐλθὼν</span> <span class='ocrx_word' id='word_1_400' title='bbox 1301 607 1336 638; x_wconf 80' lang='grc' dir='ltr'><strong>εἰς</strong></span> <span class='ocrx_word' id='word_1_401' title='bbox 1372 607 1421 640; x_wconf 79' lang='grc' dir='ltr'><strong>τὴν</strong></span> <span class='ocrx_word' id='word_1_402' title='bbox 1457 607 1616 644; x_wconf 78' lang='grc' dir='ltr'>οἰκονομίαν,</span> <span class='ocrx_word' id='word_1_403' title='bbox 1654 606 1756 634; x_wconf 74' lang='grc' dir='ltr'>ἅπαντα</span> <span class='ocrx_word' id='word_1_404' title='bbox 1783 605 1884 634; x_wconf 82' lang='grc' dir='ltr'>λοιπὸν</span> 
     </span>
    </p>
   </div>
   <div class='ocr_carea' id='block_1_59' title="bbox 1054 649 1884 690">
    <p class='ocr_par' dir='ltr' id='par_1_59' title="bbox 1054 649 1884 690">
     <span class='ocr_line' id='line_1_59' title="bbox 1054 649 1884 690; baseline -0.001 -13"><span class='ocrx_word' id='word_1_405' title='bbox 1054 649 1136 681; x_wconf 78' lang='grc' dir='ltr'>ἀδεῶς</span> <span class='ocrx_word' id='word_1_406' title='bbox 1173 651 1206 678; x_wconf 79' lang='grc' dir='ltr'>τὰ</span> <span class='ocrx_word' id='word_1_407' title='bbox 1229 651 1340 678; x_wconf 84' lang='grc' dir='ltr'>ταπεινὰ</span> <span class='ocrx_word' id='word_1_408' title='bbox 1389 651 1539 690; x_wconf 68' lang='grc' dir='ltr'>φθέγγεται,</span> <span class='ocrx_word' id='word_1_409' title='bbox 1578 650 1739 679; x_wconf 79' lang='grc' dir='ltr'>Ἀπόστολον</span> <span class='ocrx_word' id='word_1_410' title='bbox 1762 649 1789 678; x_wconf 73' lang='grc' dir='ltr'>δὲ</span> <span class='ocrx_word' id='word_1_411' title='bbox 1835 649 1884 677; x_wconf 75' lang='grc' dir='ltr'><strong>αὒ-</strong></span> 
     </span>
    </p>
   </div>
   <div class='ocr_carea' id='block_1_60' title="bbox 1054 694 1884 734">
    <p class='ocr_par' dir='ltr' id='par_1_60' title="bbox 1054 694 1884 734">
     <span class='ocr_line' id='line_1_60' title="bbox 1054 694 1884 734; baseline 0 -13"><span class='ocrx_word' id='word_1_412' title='bbox 1054 694 1098 722; x_wconf 85' lang='grc' dir='ltr'><strong>τόν</strong></span> <span class='ocrx_word' id='word_1_413' title='bbox 1130 705 1206 734; x_wconf 71' lang='grc' dir='ltr'>φησι,</span> <span class='ocrx_word' id='word_1_414' title='bbox 1235 694 1300 722; x_wconf 79' lang='grc' dir='ltr'>διότι</span> <span class='ocrx_word' id='word_1_415' title='bbox 1329 694 1491 723; x_wconf 69' lang='grc' dir='ltr'><strong>ἀπέσταλται</strong></span> <span class='ocrx_word' id='word_1_416' title='bbox 1536 695 1607 733; x_wconf 82' lang='grc' dir='ltr'>παρᾶ</span> <span class='ocrx_word' id='word_1_417' title='bbox 1634 698 1680 722; x_wconf 77' lang='grc' dir='ltr'>τοῦ</span> <span class='ocrx_word' id='word_1_418' title='bbox 1703 695 1806 734; x_wconf 76' lang='grc' dir='ltr'>[ἰατρὸς</span> <span class='ocrx_word' id='word_1_419' title='bbox 1845 695 1884 726; x_wconf 83' lang='grc' dir='ltr'>ὡς</span> 
     </span>
    </p>
   </div>
   <div class='ocr_carea' id='block_1_61' title="bbox 1055 734 1883 778">
    <p class='ocr_par' dir='ltr' id='par_1_61' title="bbox 1055 734 1883 778">
     <span class='ocr_line' id='line_1_61' title="bbox 1055 734 1883 778; baseline 0.001 -13"><span class='ocrx_word' id='word_1_420' title='bbox 1055 737 1200 776; x_wconf 79' lang='grc' dir='ltr'>ἅνθρωπος.</span> <span class='ocrx_word' id='word_1_421' title='bbox 1233 734 1391 778; x_wconf 80' lang='grc' dir='ltr'>Ὀμολογίας</span> <span class='ocrx_word' id='word_1_422' title='bbox 1431 738 1470 775; x_wconf 74' lang='grc' dir='ltr'>δὲ,</span> <span class='ocrx_word' id='word_1_423' title='bbox 1498 742 1547 772; x_wconf 79' lang='grc' dir='ltr'>τῆς</span> <span class='ocrx_word' id='word_1_424' title='bbox 1581 739 1705 770; x_wconf 84' lang='grc' dir='ltr'>πίστεως,</span> <span class='ocrx_word' id='word_1_425' title='bbox 1745 747 1758 767; x_wconf 67' lang='grc' dir='ltr'><strong>ο</strong></span> <span class='ocrx_word' id='word_1_426' title='bbox 1780 739 1883 766; x_wconf 79' lang='grc' dir='ltr'>Πιστὸν</span> 
     </span>
    </p>
   </div>
   <div class='ocr_carea' id='block_1_62' title="bbox 1055 780 1881 822">
    <p class='ocr_par' dir='ltr' id='par_1_62' title="bbox 1055 780 1881 822">
     <span class='ocr_line' id='line_1_62' title="bbox 1055 780 1881 822; baseline -0.001 -12"><span class='ocrx_word' id='word_1_427' title='bbox 1055 780 1128 811; x_wconf 73' lang='grc' dir='ltr'>ὄντα.</span> <span class='ocrx_word' id='word_1_428' title='bbox 1147 793 1161 809; x_wconf 69' lang='grc' dir='ltr'><strong><em>ι</em></strong></span> <span class='ocrx_word' id='word_1_429' title='bbox 1179 783 1318 819; x_wconf 73' lang='grc' dir='ltr'><strong>Εὖνοϊκὸν1</strong></span> <span class='ocrx_word' id='word_1_430' title='bbox 1343 784 1418 822; x_wconf 80' lang='grc' dir='ltr'>φησὶ,</span> <span class='ocrx_word' id='word_1_431' title='bbox 1441 784 1528 811; x_wconf 84' lang='grc' dir='ltr'>πίστιν</span> <span class='ocrx_word' id='word_1_432' title='bbox 1553 783 1717 822; x_wconf 77' lang='grc' dir='ltr'>τετηρηκότσ</span> <span class='ocrx_word' id='word_1_433' title='bbox 1728 785 1767 819; x_wconf 89' lang='grc' dir='ltr'>τῷ</span> <span class='ocrx_word' id='word_1_434' title='bbox 1782 782 1881 820; x_wconf 60' lang='lat' dir='ltr'><strong>[lx-:91,</strong></span> 
     </span>
    </p>
   </div>
   <div class='ocr_carea' id='block_1_63' title="bbox 1055 826 1880 866">
    <p class='ocr_par' dir='ltr' id='par_1_63' title="bbox 1055 826 1880 866">
     <span class='ocr_line' id='line_1_63' title="bbox 1055 826 1880 866; baseline 0.002 -12"><span class='ocrx_word' id='word_1_435' title='bbox 1055 827 1098 854; x_wconf 85' lang='grc' dir='ltr'>καὶ</span> <span class='ocrx_word' id='word_1_436' title='bbox 1112 828 1143 855; x_wconf 84' lang='grc' dir='ltr'><strong>τὸ</strong></span> <span class='ocrx_word' id='word_1_437' title='bbox 1157 828 1219 856; x_wconf 79' lang='grc' dir='ltr'>αὐτὸ</span> <span class='ocrx_word' id='word_1_438' title='bbox 1234 831 1361 866; x_wconf 73' lang='grc' dir='ltr'>φρονοῦτα</span> <span class='ocrx_word' id='word_1_439' title='bbox 1377 827 1448 864; x_wconf 73' lang='grc' dir='ltr'>αὐτῷ</span> <span class='ocrx_word' id='word_1_440' title='bbox 1476 829 1533 864; x_wconf 87' lang='grc' dir='ltr'>περὶ</span> <span class='ocrx_word' id='word_1_441' title='bbox 1561 829 1592 855; x_wconf 81' lang='grc' dir='ltr'>τὸ</span> <span class='ocrx_word' id='word_1_442' title='bbox 1626 827 1717 863; x_wconf 83' lang='grc' dir='ltr'>σώζειν</span> <span class='ocrx_word' id='word_1_443' title='bbox 1739 828 1784 855; x_wconf 78' lang='grc' dir='ltr'>τὸν</span> <span class='ocrx_word' id='word_1_444' title='bbox 1800 826 1880 856; x_wconf 84' lang='grc' dir='ltr'>λαόν.</span> 
     </span>
    </p>
   </div>
   <div class='ocr_carea' id='block_1_64' title="bbox 1055 870 1882 911">
    <p class='ocr_par' dir='ltr' id='par_1_64' title="bbox 1055 870 1882 911">
     <span class='ocr_line' id='line_1_64' title="bbox 1055 870 1882 911; baseline -0.001 -12"><span class='ocrx_word' id='word_1_445' title='bbox 1055 874 1098 907; x_wconf 85' lang='grc' dir='ltr'>Τῷ</span> <span class='ocrx_word' id='word_1_446' title='bbox 1121 871 1262 905; x_wconf 72' lang='grc' dir='ltr'>ποιήσαντι</span> <span class='ocrx_word' id='word_1_447' title='bbox 1298 871 1387 907; x_wconf 60' lang='grc' dir='ltr'>αὑτὸν,</span> <span class='ocrx_word' id='word_1_448' title='bbox 1410 873 1500 911; x_wconf 74' lang='grc' dir='ltr'>φησὶν,</span> <span class='ocrx_word' id='word_1_449' title='bbox 1525 870 1673 899; x_wconf 76' lang='grc' dir='ltr'>ἀπόστολον</span> <span class='ocrx_word' id='word_1_450' title='bbox 1707 872 1751 899; x_wconf 80' lang='grc' dir='ltr'>καὶ</span> <span class='ocrx_word' id='word_1_451' title='bbox 1785 871 1882 910; x_wconf 79' lang='grc' dir='ltr'>ἀρχιε-</span> 
     </span>
    </p>
   </div>
   <div class='ocr_carea' id='block_1_65' title="bbox 1054 914 1881 955">
    <p class='ocr_par' dir='ltr' id='par_1_65' title="bbox 1054 914 1881 955">
     <span class='ocr_line' id='line_1_65' title="bbox 1054 914 1881 955; baseline 0 -13"><span class='ocrx_word' id='word_1_452' title='bbox 1054 914 1111 953; x_wconf 84' lang='grc' dir='ltr'>ρέα,</span> <span class='ocrx_word' id='word_1_453' title='bbox 1141 915 1271 955; x_wconf 80' lang='grc' dir='ltr'>τουτέστι,</span> <span class='ocrx_word' id='word_1_454' title='bbox 1300 918 1339 952; x_wconf 84' lang='grc' dir='ltr'><strong>τῷ</strong></span> <span class='ocrx_word' id='word_1_455' title='bbox 1373 916 1452 955; x_wconf 77' lang='grc' dir='ltr'>Πατρὶ</span> <span class='ocrx_word' id='word_1_456' title='bbox 1480 917 1567 947; x_wconf 68' lang='grc' dir='ltr'>αὐτοῦ.</span> <span class='ocrx_word' id='word_1_457' title='bbox 1605 914 1684 945; x_wconf 64' lang='grc' dir='ltr'>Οὐδὲν</span> <span class='ocrx_word' id='word_1_458' title='bbox 1713 914 1740 943; x_wconf 79' lang='grc' dir='ltr'><strong>δὲ</strong></span> <span class='ocrx_word' id='word_1_459' title='bbox 1767 915 1881 943; x_wconf 69' lang='grc' dir='ltr'><strong>ἐιδταῦθα</strong></span> 
     </span>
    </p>
   </div>
   <div class='ocr_carea' id='block_1_66' title="bbox 1054 959 1880 999">
    <p class='ocr_par' dir='ltr' id='par_1_66' title="bbox 1054 959 1880 999">
     <span class='ocr_line' id='line_1_66' title="bbox 1054 959 1880 999; baseline -0.001 -12"><span class='ocrx_word' id='word_1_460' title='bbox 1054 960 1201 997; x_wconf 75' lang='grc' dir='ltr'>θαυμαστὸν</span> <span class='ocrx_word' id='word_1_461' title='bbox 1229 961 1250 987; x_wconf 81' lang='grc' dir='ltr'><strong>εί</strong></span> <span class='ocrx_word' id='word_1_462' title='bbox 1272 959 1340 988; x_wconf 66' lang='grc' dir='ltr'>οὕτω</span> <span class='ocrx_word' id='word_1_463' title='bbox 1363 959 1446 999; x_wconf 80' lang='grc' dir='ltr'>λέγει,</span> <span class='ocrx_word' id='word_1_464' title='bbox 1473 960 1542 992; x_wconf 73' lang='grc' dir='ltr'>ἅπαξ</span> <span class='ocrx_word' id='word_1_465' title='bbox 1570 962 1619 993; x_wconf 78' lang='grc' dir='ltr'><strong>τῆς</strong></span> <span class='ocrx_word' id='word_1_466' title='bbox 1645 960 1796 997; x_wconf 69' lang='grc' dir='ltr'>οἰκονομίας</span> <span class='ocrx_word' id='word_1_467' title='bbox 1814 959 1880 987; x_wconf 76' lang='grc' dir='ltr'>ἐπι-</span> 
     </span>
    </p>
   </div>
   <div class='ocr_carea' id='block_1_67' title="bbox 1053 1003 1879 1042">
    <p class='ocr_par' dir='ltr' id='par_1_67' title="bbox 1053 1003 1879 1042">
     <span class='ocr_line' id='line_1_67' title="bbox 1053 1003 1879 1042; baseline 0 -11"><span class='ocrx_word' id='word_1_468' title='bbox 1053 1003 1211 1040; x_wconf 77' lang='grc' dir='ltr'>λαϐόμενος.</span> <span class='ocrx_word' id='word_1_469' title='bbox 1236 1015 1250 1031; x_wconf 71' lang='grc' dir='ltr'><strong>ε</strong></span> <span class='ocrx_word' id='word_1_470' title='bbox 1267 1007 1311 1041; x_wconf 86' lang='grc' dir='ltr'><strong>Τῷ</strong></span> <span class='ocrx_word' id='word_1_471' title='bbox 1332 1005 1473 1039; x_wconf 78' lang='grc' dir='ltr'>ποιήσαντι</span> <span class='ocrx_word' id='word_1_472' title='bbox 1495 1004 1584 1033; x_wconf 71' lang='grc' dir='ltr'>αὐτόν.</span> <span class='ocrx_word' id='word_1_473' title='bbox 1603 1015 1615 1032; x_wconf 73' lang='grc' dir='ltr'>ι</span> <span class='ocrx_word' id='word_1_474' title='bbox 1654 1005 1684 1033; x_wconf 89' lang='grc' dir='ltr'>Τί</span> <span class='ocrx_word' id='word_1_475' title='bbox 1712 1004 1879 1042; x_wconf 72' lang='grc' dir='ltr'>ποιήσαντι,</span> 
     </span>
    </p>
   </div>
   <div class='ocr_carea' id='block_1_68' title="bbox 1053 1047 1879 1088">
    <p class='ocr_par' dir='ltr' id='par_1_68' title="bbox 1053 1047 1879 1088">
     <span class='ocr_line' id='line_1_68' title="bbox 1053 1047 1879 1088; baseline 0 -12"><span class='ocrx_word' id='word_1_476' title='bbox 1053 1047 1200 1076; x_wconf 84' lang='grc' dir='ltr'>ἀπόστολον</span> <span class='ocrx_word' id='word_1_477' title='bbox 1228 1049 1271 1076; x_wconf 87' lang='grc' dir='ltr'><strong>καὶ</strong></span> <span class='ocrx_word' id='word_1_478' title='bbox 1299 1048 1436 1088; x_wconf 81' lang='grc' dir='ltr'>ἀρχιερέα,</span> <span class='ocrx_word' id='word_1_479' title='bbox 1466 1048 1591 1076; x_wconf 83' lang='grc' dir='ltr'>Ἐνταῦοσ</span> <span class='ocrx_word' id='word_1_480' title='bbox 1639 1049 1669 1076; x_wconf 75' lang='grc' dir='ltr'>οὖ</span> <span class='ocrx_word' id='word_1_481' title='bbox 1697 1049 1756 1087; x_wconf 85' lang='grc' dir='ltr'>περὶ</span> <span class='ocrx_word' id='word_1_482' title='bbox 1786 1048 1879 1079; x_wconf 61' lang='lat' dir='ltr'><strong>eliciat:</strong></span> 
     </span>
    </p>
   </div>
   <div class='ocr_carea' id='block_1_69' title="bbox 1053 1091 1879 1132">
    <p class='ocr_par' dir='ltr' id='par_1_69' title="bbox 1053 1091 1879 1132">
     <span class='ocr_line' id='line_1_69' title="bbox 1053 1091 1879 1132; baseline -0.001 -12"><span class='ocrx_word' id='word_1_483' title='bbox 1053 1093 1143 1132; x_wconf 80' lang='grc' dir='ltr'>φησὶν,</span> <span class='ocrx_word' id='word_1_484' title='bbox 1176 1091 1233 1120; x_wconf 76' lang='grc' dir='ltr'>οὐδὲ</span> <span class='ocrx_word' id='word_1_485' title='bbox 1267 1093 1326 1130; x_wconf 79' lang='grc' dir='ltr'>περὶ</span> <span class='ocrx_word' id='word_1_486' title='bbox 1353 1093 1489 1129; x_wconf 77' lang='grc' dir='ltr'>θεότητος,</span> <span class='ocrx_word' id='word_1_487' title='bbox 1520 1091 1588 1120; x_wconf 80' lang='grc' dir='ltr'>ἀλλὰ</span> <span class='ocrx_word' id='word_1_488' title='bbox 1615 1093 1673 1130; x_wconf 84' lang='grc' dir='ltr'>περὶ</span> <span class='ocrx_word' id='word_1_489' title='bbox 1717 1091 1879 1129; x_wconf 76' lang='grc' dir='ltr'>ἀξιωμάτων</span> 
     </span>
    </p>
   </div>
   <div class='ocr_carea' id='block_1_70' title="bbox 1053 1133 1877 1176">
    <p class='ocr_par' dir='ltr' id='par_1_70' title="bbox 1053 1133 1877 1176">
     <span class='ocr_line' id='line_1_70' title="bbox 1053 1133 1877 1176; baseline -0.001 -12"><span class='ocrx_word' id='word_1_490' title='bbox 1053 1136 1231 1176; x_wconf 82' lang='grc' dir='ltr'>ἀνθρωπίνων,</span> <span class='ocrx_word' id='word_1_491' title='bbox 1256 1146 1271 1167; x_wconf 67' lang='grc' dir='ltr'>ι</span> <span class='ocrx_word' id='word_1_492' title='bbox 1289 1133 1334 1168; x_wconf 62' lang='grc' dir='ltr'>Ὠς</span> <span class='ocrx_word' id='word_1_493' title='bbox 1350 1138 1393 1164; x_wconf 76' lang='grc' dir='ltr'><strong>καὶ</strong></span> <span class='ocrx_word' id='word_1_494' title='bbox 1409 1138 1506 1170; x_wconf 79' lang='grc' dir='ltr'>Μωσῆς</span> <span class='ocrx_word' id='word_1_495' title='bbox 1535 1136 1562 1163; x_wconf 77' lang='grc' dir='ltr'>ἐν</span> <span class='ocrx_word' id='word_1_496' title='bbox 1583 1136 1638 1174; x_wconf 82' lang='grc' dir='ltr'>ὅλῳ</span> <span class='ocrx_word' id='word_1_497' title='bbox 1671 1140 1710 1173; x_wconf 87' lang='grc' dir='ltr'>τῷ</span> <span class='ocrx_word' id='word_1_498' title='bbox 1738 1136 1809 1172; x_wconf 73' lang='grc' dir='ltr'>οἴκῳ</span> <span class='ocrx_word' id='word_1_499' title='bbox 1825 1137 1877 1164; x_wconf 72' lang='grc' dir='ltr'><strong>αὖ·</strong></span> 
     </span>
    </p>
   </div>
   <div class='ocr_carea' id='block_1_71' title="bbox 1052 1180 1877 1220">
    <p class='ocr_par' dir='ltr' id='par_1_71' title="bbox 1052 1180 1877 1220">
     <span class='ocr_line' id='line_1_71' title="bbox 1052 1180 1877 1220; baseline 0 -12"><span class='ocrx_word' id='word_1_500' title='bbox 1052 1184 1108 1211; x_wconf 80' lang='grc' dir='ltr'>τοῦ.</span> <span class='ocrx_word' id='word_1_501' title='bbox 1133 1192 1147 1208; x_wconf 70' lang='lat' dir='ltr'><strong>n</strong></span> <span class='ocrx_word' id='word_1_502' title='bbox 1172 1180 1267 1208; x_wconf 81' lang='grc' dir='ltr'>Μέλλει</span> <span class='ocrx_word' id='word_1_503' title='bbox 1283 1181 1385 1220; x_wconf 77' lang='grc' dir='ltr'>προϊὼν</span> <span class='ocrx_word' id='word_1_504' title='bbox 1399 1182 1443 1208; x_wconf 86' lang='grc' dir='ltr'>τὸν</span> <span class='ocrx_word' id='word_1_505' title='bbox 1458 1181 1526 1208; x_wconf 80' lang='grc' dir='ltr'>κατὰ</span> <span class='ocrx_word' id='word_1_506' title='bbox 1554 1180 1636 1219; x_wconf 81' lang='grc' dir='ltr'>σάρκα</span> <span class='ocrx_word' id='word_1_507' title='bbox 1664 1181 1786 1219; x_wconf 78' lang='grc' dir='ltr'>Χριστὸν,</span> <span class='ocrx_word' id='word_1_508' title='bbox 1805 1191 1877 1219; x_wconf 83' lang='grc' dir='ltr'>προ-</span> 
     </span>
    </p>
   </div>
   <div class='ocr_carea' id='block_1_72' title="bbox 1051 1223 1876 1261">
    <p class='ocr_par' dir='ltr' id='par_1_72' title="bbox 1051 1223 1876 1261">
     <span class='ocr_line' id='line_1_72' title="bbox 1051 1223 1876 1261; baseline 0 -9"><span class='ocrx_word' id='word_1_509' title='bbox 1051 1224 1147 1253; x_wconf 76' lang='grc' dir='ltr'>τιθέναι</span> <span class='ocrx_word' id='word_1_510' title='bbox 1170 1224 1313 1261; x_wconf 77' lang='grc' dir='ltr'>Μωϋσέως,</span> <span class='ocrx_word' id='word_1_511' title='bbox 1328 1224 1388 1253; x_wconf 76' lang='grc' dir='ltr'>ἀλλ’</span> <span class='ocrx_word' id='word_1_512' title='bbox 1411 1223 1501 1258; x_wconf 76' lang='grc' dir='ltr'>ἐπειδὴ</span> <span class='ocrx_word' id='word_1_513' title='bbox 1518 1225 1540 1251; x_wconf 75' lang='grc' dir='ltr'>εἰ</span> <span class='ocrx_word' id='word_1_514' title='bbox 1555 1225 1599 1252; x_wconf 81' lang='grc' dir='ltr'>καὶ</span> <span class='ocrx_word' id='word_1_515' title='bbox 1612 1225 1700 1253; x_wconf 77' lang='grc' dir='ltr'>πιστοὶ</span> <span class='ocrx_word' id='word_1_516' title='bbox 1719 1224 1787 1258; x_wconf 77' lang='grc' dir='ltr'>ἦσαν</span> <span class='ocrx_word' id='word_1_517' title='bbox 1804 1226 1876 1252; x_wconf 76' lang='grc' dir='ltr'>οὗτοι</span> 
     </span>
    </p>
   </div>
   <div class='ocr_carea' id='block_1_73' title="bbox 1052 1267 1876 1308">
    <p class='ocr_par' dir='ltr' id='par_1_73' title="bbox 1052 1267 1876 1308">
     <span class='ocr_line' id='line_1_73' title="bbox 1052 1267 1876 1308; baseline 0 -12"><span class='ocrx_word' id='word_1_518' title='bbox 1052 1269 1117 1308; x_wconf 80' lang='grc' dir='ltr'>πρὸς</span> <span class='ocrx_word' id='word_1_519' title='bbox 1135 1268 1179 1300; x_wconf 60' lang='grc' dir='ltr'><strong>οὕς</strong></span> <span class='ocrx_word' id='word_1_520' title='bbox 1199 1269 1213 1296; x_wconf 80' lang='grc' dir='ltr'><strong>ὁ</strong></span> <span class='ocrx_word' id='word_1_521' title='bbox 1223 1268 1313 1307; x_wconf 82' lang='grc' dir='ltr'>λόγος,</span> <span class='ocrx_word' id='word_1_522' title='bbox 1330 1268 1449 1307; x_wconf 84' lang='grc' dir='ltr'>μεγάλας</span> <span class='ocrx_word' id='word_1_523' title='bbox 1464 1268 1502 1296; x_wconf 80' lang='grc' dir='ltr'>ἔτι</span> <span class='ocrx_word' id='word_1_524' title='bbox 1517 1267 1592 1300; x_wconf 75' lang='grc' dir='ltr'>δόξας</span> <span class='ocrx_word' id='word_1_525' title='bbox 1607 1268 1688 1308; x_wconf 76' lang='grc' dir='ltr'>εἶχον</span> <span class='ocrx_word' id='word_1_526' title='bbox 1703 1269 1762 1307; x_wconf 79' lang='grc' dir='ltr'>περὶ</span> <span class='ocrx_word' id='word_1_527' title='bbox 1774 1268 1876 1296; x_wconf 79' lang='grc' dir='ltr'>Μωσέ-</span> 
     </span>
    </p>
   </div>
   <div class='ocr_carea' id='block_1_74' title="bbox 1051 1312 1877 1353">
    <p class='ocr_par' dir='ltr' id='par_1_74' title="bbox 1051 1312 1877 1353">
     <span class='ocr_line' id='line_1_74' title="bbox 1051 1312 1877 1353; baseline 0 -13"><span class='ocrx_word' id='word_1_528' title='bbox 1051 1323 1099 1350; x_wconf 87' lang='grc' dir='ltr'><strong>ως,</strong></span> <span class='ocrx_word' id='word_1_529' title='bbox 1116 1312 1161 1341; x_wconf 69' lang='grc' dir='ltr'><strong>ἵνα</strong></span> <span class='ocrx_word' id='word_1_530' title='bbox 1183 1313 1222 1350; x_wconf 78' lang='grc' dir='ltr'>μὴ</span> <span class='ocrx_word' id='word_1_531' title='bbox 1237 1313 1330 1344; x_wconf 68' lang='grc' dir='ltr'>εὐθέως</span> <span class='ocrx_word' id='word_1_532' title='bbox 1345 1312 1528 1353; x_wconf 73' lang='grc' dir='ltr'>ἀποφράξωσιν</span> <span class='ocrx_word' id='word_1_533' title='bbox 1562 1313 1648 1340; x_wconf 68' lang='grc' dir='ltr'>αὐτῶν</span> <span class='ocrx_word' id='word_1_534' title='bbox 1674 1313 1706 1340; x_wconf 80' lang='grc' dir='ltr'><strong>τὰ</strong></span> <span class='ocrx_word' id='word_1_535' title='bbox 1735 1312 1804 1350; x_wconf 82' lang='grc' dir='ltr'>ὦτα,</span> <span class='ocrx_word' id='word_1_536' title='bbox 1828 1313 1877 1340; x_wconf 72' lang='grc' dir='ltr'>οὐκ</span> 
     </span>
    </p>
   </div>
   <div class='ocr_carea' id='block_1_75' title="bbox 1052 1356 1875 1396">
    <p class='ocr_par' dir='ltr' id='par_1_75' title="bbox 1052 1356 1875 1396">
     <span class='ocr_line' id='line_1_75' title="bbox 1052 1356 1875 1396; baseline 0 -12"><span class='ocrx_word' id='word_1_537' title='bbox 1052 1357 1145 1389; x_wconf 67' lang='grc' dir='ltr'>εὗθέως</span> <span class='ocrx_word' id='word_1_538' title='bbox 1187 1357 1323 1396; x_wconf 77' lang='grc' dir='ltr'>προτίθησι</span> <span class='ocrx_word' id='word_1_539' title='bbox 1349 1357 1463 1388; x_wconf 78' lang='grc' dir='ltr'>Μωσέως</span> <span class='ocrx_word' id='word_1_540' title='bbox 1490 1357 1535 1384; x_wconf 80' lang='grc' dir='ltr'><strong>τὸν</strong></span> <span class='ocrx_word' id='word_1_541' title='bbox 1557 1357 1679 1396; x_wconf 77' lang='grc' dir='ltr'>Χριστὸν,</span> <span class='ocrx_word' id='word_1_542' title='bbox 1710 1356 1778 1384; x_wconf 79' lang='grc' dir='ltr'>ἀλλὰ</span> <span class='ocrx_word' id='word_1_543' title='bbox 1807 1357 1875 1387; x_wconf 78' lang='grc' dir='ltr'>τέως</span> 
     </span>
    </p>
   </div>
   <div class='ocr_carea' id='block_1_76' title="bbox 1052 1400 1874 1440">
    <p class='ocr_par' dir='ltr' id='par_1_76' title="bbox 1052 1400 1874 1440">
     <span class='ocr_line' id='line_1_76' title="bbox 1052 1400 1874 1440; baseline -0.001 -11"><span class='ocrx_word' id='word_1_544' title='bbox 1052 1400 1146 1437; x_wconf 79' lang='grc' dir='ltr'>ἐξισοῖ,</span> <span class='ocrx_word' id='word_1_545' title='bbox 1163 1402 1225 1429; x_wconf 77' lang='grc' dir='ltr'>εἶτα</span> <span class='ocrx_word' id='word_1_546' title='bbox 1252 1402 1354 1440; x_wconf 85' lang='grc' dir='ltr'>προϊὼν</span> <span class='ocrx_word' id='word_1_547' title='bbox 1383 1402 1546 1440; x_wconf 77' lang='grc' dir='ltr'>προτίθησιν.</span> <span class='ocrx_word' id='word_1_548' title='bbox 1569 1401 1652 1429; x_wconf 82' lang='grc' dir='ltr'>Οἷκον</span> <span class='ocrx_word' id='word_1_549' title='bbox 1678 1400 1706 1428; x_wconf 77' lang='grc' dir='ltr'><strong>δὲ</strong></span> <span class='ocrx_word' id='word_1_550' title='bbox 1731 1402 1813 1430; x_wconf 72' lang='grc' dir='ltr'>αὐτοῦ</span> <span class='ocrx_word' id='word_1_551' title='bbox 1829 1402 1874 1428; x_wconf 82' lang='grc' dir='ltr'>τὸν</span> 
     </span>
    </p>
   </div>
   <div class='ocr_carea' id='block_1_77' title="bbox 1053 1444 1873 1482">
    <p class='ocr_par' dir='ltr' id='par_1_77' title="bbox 1053 1444 1873 1482">
     <span class='ocr_line' id='line_1_77' title="bbox 1053 1444 1873 1482; baseline 0.001 -10"><span class='ocrx_word' id='word_1_552' title='bbox 1053 1445 1115 1473; x_wconf 83' lang='grc' dir='ltr'>λαὸν</span> <span class='ocrx_word' id='word_1_553' title='bbox 1137 1444 1270 1475; x_wconf 76' lang='grc' dir='ltr'>ἐκάλεσεν.</span> <span class='ocrx_word' id='word_1_554' title='bbox 1295 1446 1378 1473; x_wconf 76' lang='grc' dir='ltr'>Αὐτοῦ</span> <span class='ocrx_word' id='word_1_555' title='bbox 1399 1444 1427 1472; x_wconf 81' lang='grc' dir='ltr'><strong>δὲ</strong></span> <span class='ocrx_word' id='word_1_556' title='bbox 1447 1445 1493 1472; x_wconf 76' lang='grc' dir='ltr'><strong>τὸν</strong></span> <span class='ocrx_word' id='word_1_557' title='bbox 1520 1444 1582 1472; x_wconf 81' lang='grc' dir='ltr'>λαὸν</span> <span class='ocrx_word' id='word_1_558' title='bbox 1598 1445 1660 1473; x_wconf 83' lang='grc' dir='ltr'>εἶπε</span> <span class='ocrx_word' id='word_1_559' title='bbox 1675 1449 1721 1474; x_wconf 79' lang='grc' dir='ltr'>τοῦ</span> <span class='ocrx_word' id='word_1_560' title='bbox 1741 1445 1873 1482; x_wconf 65' lang='grc' dir='ltr'>Μωσέως,</span> 
     </span>
    </p>
   </div>
   <div class='ocr_carea' id='block_1_78' title="bbox 1052 1488 1875 1529">
    <p class='ocr_par' dir='ltr' id='par_1_78' title="bbox 1052 1488 1875 1529">
     <span class='ocr_line' id='line_1_78' title="bbox 1052 1488 1875 1529; baseline 0.001 -13"><span class='ocrx_word' id='word_1_561' title='bbox 1052 1488 1117 1517; x_wconf 83' lang='grc' dir='ltr'>διότι</span> <span class='ocrx_word' id='word_1_562' title='bbox 1131 1490 1274 1528; x_wconf 80' lang='grc' dir='ltr'>προστήκει</span> <span class='ocrx_word' id='word_1_563' title='bbox 1298 1491 1393 1520; x_wconf 75' lang='grc' dir='ltr'>αὐτῶν,</span> <span class='ocrx_word' id='word_1_564' title='bbox 1424 1490 1472 1518; x_wconf 78' lang='grc' dir='ltr'><strong>Καὶ</strong></span> <span class='ocrx_word' id='word_1_565' title='bbox 1499 1489 1549 1528; x_wconf 84' lang='grc' dir='ltr'><strong>γὰρ</strong></span> <span class='ocrx_word' id='word_1_566' title='bbox 1570 1490 1584 1516; x_wconf 83' lang='grc' dir='ltr'>ὁ</span> <span class='ocrx_word' id='word_1_567' title='bbox 1612 1489 1687 1529; x_wconf 20' lang='grc' dir='ltr'>Θεός,</span> <span class='ocrx_word' id='word_1_568' title='bbox 1707 1499 1772 1529; x_wconf 79' lang='grc' dir='ltr'>φησι</span> <span class='ocrx_word' id='word_1_569' title='bbox 1808 1491 1875 1528; x_wconf 78' lang='grc' dir='ltr'>πρὸς</span> 
     </span>
    </p>
   </div>
   <div class='ocr_carea' id='block_1_79' title="bbox 1053 1528 1874 1572">
    <p class='ocr_par' dir='ltr' id='par_1_79' title="bbox 1053 1528 1874 1572">
     <span class='ocr_line' id='line_1_79' title="bbox 1053 1528 1874 1572; baseline -0.001 -10"><span class='ocrx_word' id='word_1_570' title='bbox 1053 1535 1141 1571; x_wconf 66' lang='grc' dir='ltr'>αὐτὸν,</span> <span class='ocrx_word' id='word_1_571' title='bbox 1152 1529 1199 1562; x_wconf 79' lang='grc'><strong>«”0</strong></span> <span class='ocrx_word' id='word_1_572' title='bbox 1211 1533 1274 1565; x_wconf 83' lang='grc' dir='ltr'>λαός</span> <span class='ocrx_word' id='word_1_573' title='bbox 1287 1544 1333 1561; x_wconf 90' lang='grc' dir='ltr'><strong>σου</strong></span> <span class='ocrx_word' id='word_1_574' title='bbox 1348 1533 1474 1571; x_wconf 76' lang='grc' dir='ltr'>ἥμαρτεν.</span> <span class='ocrx_word' id='word_1_575' title='bbox 1490 1544 1502 1561; x_wconf 69' lang='grc' dir='ltr'>ι</span> <span class='ocrx_word' id='word_1_576' title='bbox 1513 1550 1541 1554; x_wconf 91' lang='grc'><strong>-</strong></span> <span class='ocrx_word' id='word_1_577' title='bbox 1549 1532 1654 1572; x_wconf 58' lang='grc' dir='ltr'><strong>[ΦΩΤᾸ</strong></span> <span class='ocrx_word' id='word_1_578' title='bbox 1664 1528 1727 1565; x_wconf 67' lang='grc' dir='ltr'><strong>αὩς</strong></span> <span class='ocrx_word' id='word_1_579' title='bbox 1736 1534 1780 1561; x_wconf 87' lang='grc' dir='ltr'><strong>καὶ</strong></span> <span class='ocrx_word' id='word_1_580' title='bbox 1792 1537 1874 1561; x_wconf 56' lang='grc' dir='ltr'><strong>Μωδ-</strong></span> 
     </span>
    </p>
   </div>
   <div class='ocr_carea' id='block_1_80' title="bbox 1052 1576 1876 1616">
    <p class='ocr_par' dir='ltr' id='par_1_80' title="bbox 1052 1576 1876 1616">
     <span class='ocr_line' id='line_1_80' title="bbox 1052 1576 1876 1616; baseline -0.001 -10"><span class='ocrx_word' id='word_1_581' title='bbox 1052 1581 1101 1611; x_wconf 83' lang='grc' dir='ltr'><strong>σῆς</strong></span> <span class='ocrx_word' id='word_1_582' title='bbox 1115 1588 1123 1595; x_wconf 70' lang='grc'><strong><em>⁸</em></strong></span> <span class='ocrx_word' id='word_1_583' title='bbox 1141 1589 1155 1605; x_wconf 70' lang='grc' dir='ltr'><strong><em>ι</em></strong></span> <span class='ocrx_word' id='word_1_584' title='bbox 1172 1578 1241 1606; x_wconf 81' lang='grc' dir='ltr'>ὣστε</span> <span class='ocrx_word' id='word_1_585' title='bbox 1269 1578 1355 1610; x_wconf 78' lang='grc' dir='ltr'>μάτην</span> <span class='ocrx_word' id='word_1_586' title='bbox 1376 1576 1595 1616; x_wconf 79' lang='grc' dir='ltr'>διαλοιδοροῦνταί</span> <span class='ocrx_word' id='word_1_587' title='bbox 1615 1587 1661 1614; x_wconf 88' lang='grc' dir='ltr'><strong>μοι</strong></span> <span class='ocrx_word' id='word_1_588' title='bbox 1680 1578 1745 1616; x_wconf 81' lang='grc' dir='ltr'>πρὸς</span> <span class='ocrx_word' id='word_1_589' title='bbox 1763 1578 1836 1612; x_wconf 80' lang='grc' dir='ltr'>ὑμᾶς</span> <span class='ocrx_word' id='word_1_590' title='bbox 1853 1580 1876 1605; x_wconf 77' lang='grc' dir='ltr'>οἱ</span> 
     </span>
    </p>
   </div>
   <div class='ocr_carea' id='block_1_81' title="bbox 1052 1620 1876 1661">
    <p class='ocr_par' dir='ltr' id='par_1_81' title="bbox 1052 1620 1876 1661">
     <span class='ocr_line' id='line_1_81' title="bbox 1052 1620 1876 1661; baseline 0 -11"><span class='ocrx_word' id='word_1_591' title='bbox 1052 1623 1212 1650; x_wconf 69' lang='grc' dir='ltr'>ἀποστασίαν</span> <span class='ocrx_word' id='word_1_592' title='bbox 1233 1633 1267 1661; x_wconf 84' lang='grc' dir='ltr'><strong>με</strong></span> <span class='ocrx_word' id='word_1_593' title='bbox 1281 1621 1403 1661; x_wconf 80' lang='grc' dir='ltr'>λέγοντες</span> <span class='ocrx_word' id='word_1_594' title='bbox 1433 1622 1485 1649; x_wconf 84' lang='grc' dir='ltr'>ἀπὸ</span> <span class='ocrx_word' id='word_1_595' title='bbox 1521 1621 1636 1654; x_wconf 78' lang='grc' dir='ltr'>Μωσέως</span> <span class='ocrx_word' id='word_1_596' title='bbox 1663 1620 1807 1658; x_wconf 77' lang='grc' dir='ltr'>διδάσκειν,</span> <span class='ocrx_word' id='word_1_597' title='bbox 1831 1623 1876 1650; x_wconf 73' lang='grc' dir='ltr'><strong>καὶ</strong></span> 
     </span>
    </p>
   </div>
   <div class='ocr_carea' id='block_1_82' title="bbox 1052 1665 1876 1706">
    <p class='ocr_par' dir='ltr' id='par_1_82' title="bbox 1052 1665 1876 1706">
     <span class='ocr_line' id='line_1_82' title="bbox 1052 1665 1876 1706; baseline 0 -12"><span class='ocrx_word' id='word_1_598' title='bbox 1052 1668 1117 1706; x_wconf 77' lang='grc' dir='ltr'>πρὸς</span> <span class='ocrx_word' id='word_1_599' title='bbox 1129 1667 1206 1695; x_wconf 80' lang='grc' dir='ltr'>αὖτὸν</span> <span class='ocrx_word' id='word_1_600' title='bbox 1240 1665 1373 1704; x_wconf 81' lang='grc' dir='ltr'>δυσμενῶς</span> <span class='ocrx_word' id='word_1_601' title='bbox 1389 1665 1546 1696; x_wconf 74' lang='grc' dir='ltr'>διακεῖσθαι.</span> <span class='ocrx_word' id='word_1_602' title='bbox 1575 1665 1730 1699; x_wconf 82' lang='grc' dir='ltr'>Λεληθότως</span> <span class='ocrx_word' id='word_1_603' title='bbox 1751 1665 1779 1694; x_wconf 77' lang='grc' dir='ltr'><strong>δὲ</strong></span> <span class='ocrx_word' id='word_1_604' title='bbox 1811 1669 1876 1694; x_wconf 82' lang='grc' dir='ltr'><strong>τοῦ-</strong></span> 
     </span>
    </p>
   </div>
   <div class='ocr_carea' id='block_1_83' title="bbox 1051 1709 1874 1749">
    <p class='ocr_par' dir='ltr' id='par_1_83' title="bbox 1051 1709 1874 1749">
     <span class='ocr_line' id='line_1_83' title="bbox 1051 1709 1874 1749; baseline -0.001 -10"><span class='ocrx_word' id='word_1_605' title='bbox 1051 1723 1081 1740; x_wconf 90' lang='grc' dir='ltr'><strong>το</strong></span> <span class='ocrx_word' id='word_1_606' title='bbox 1107 1712 1151 1739; x_wconf 83' lang='grc' dir='ltr'><strong>καὶ</strong></span> <span class='ocrx_word' id='word_1_607' title='bbox 1186 1713 1215 1739; x_wconf 80' lang='grc' dir='ltr'>οὗ</span> <span class='ocrx_word' id='word_1_608' title='bbox 1249 1711 1315 1740; x_wconf 73' lang='grc' dir='ltr'>κατὰ</span> <span class='ocrx_word' id='word_1_609' title='bbox 1349 1710 1546 1749; x_wconf 75' lang='grc' dir='ltr'>προηγούμενον</span> <span class='ocrx_word' id='word_1_610' title='bbox 1574 1709 1652 1748; x_wconf 78' lang='grc' dir='ltr'>λόγον</span> <span class='ocrx_word' id='word_1_611' title='bbox 1684 1711 1795 1749; x_wconf 75' lang='grc' dir='ltr'>εἰσάγει,</span> <span class='ocrx_word' id='word_1_612' title='bbox 1828 1711 1874 1738; x_wconf 72' lang='grc' dir='ltr'>’ἵνα</span> 
     </span>
    </p>
   </div>
   <div class='ocr_carea' id='block_1_84' title="bbox 1053 1753 1876 1794">
    <p class='ocr_par' dir='ltr' id='par_1_84' title="bbox 1053 1753 1876 1794">
     <span class='ocr_line' id='line_1_84' title="bbox 1053 1753 1876 1794; baseline -0.001 -10"><span class='ocrx_word' id='word_1_613' title='bbox 1053 1755 1152 1787; x_wconf 76' lang='grc' dir='ltr'>μᾶλλον</span> <span class='ocrx_word' id='word_1_614' title='bbox 1166 1756 1254 1794; x_wconf 77' lang='grc' dir='ltr'>πείσῃ.</span> <span class='ocrx_word' id='word_1_615' title='bbox 1278 1756 1314 1784; x_wconf 85' lang='grc' dir='ltr'><strong>Τὸ</strong></span> <span class='ocrx_word' id='word_1_616' title='bbox 1343 1756 1393 1794; x_wconf 84' lang='grc' dir='ltr'><strong>γὰρ</strong></span> <span class='ocrx_word' id='word_1_617' title='bbox 1421 1755 1458 1786; x_wconf 85' lang='grc' dir='ltr'><strong>εἰς</strong></span> <span class='ocrx_word' id='word_1_618' title='bbox 1487 1753 1631 1793; x_wconf 74' lang='grc' dir='ltr'>ἂπολογίᾶν</span> <span class='ocrx_word' id='word_1_619' title='bbox 1657 1755 1876 1794; x_wconf 72' lang='grc' dir='ltr'>παρεσκευασμέ-</span> 
     </span>
    </p>
   </div>
   <div class='ocr_carea' id='block_1_85' title="bbox 1049 1797 1872 1837">
    <p class='ocr_par' dir='ltr' id='par_1_85' title="bbox 1049 1797 1872 1837">
     <span class='ocr_line' id='line_1_85' title="bbox 1049 1797 1872 1837; baseline 0 -9"><span class='ocrx_word' id='word_1_620' title='bbox 1049 1811 1092 1828; x_wconf 87' lang='grc' dir='ltr'><strong>νον</strong></span> <span class='ocrx_word' id='word_1_621' title='bbox 1109 1799 1209 1837; x_wconf 76' lang='grc' dir='ltr'>μᾶλλον</span> <span class='ocrx_word' id='word_1_622' title='bbox 1237 1799 1366 1829; x_wconf 72' lang='grc' dir='ltr'>ὕποπτον.</span> <span class='ocrx_word' id='word_1_623' title='bbox 1386 1810 1399 1826; x_wconf 73' lang='grc' dir='ltr'><strong>α</strong></span> <span class='ocrx_word' id='word_1_624' title='bbox 1418 1798 1540 1830; x_wconf 83' lang='grc' dir='ltr'>Πλείονος</span> <span class='ocrx_word' id='word_1_625' title='bbox 1562 1799 1611 1837; x_wconf 83' lang='grc' dir='ltr'><strong>γὰρ</strong></span> <span class='ocrx_word' id='word_1_626' title='bbox 1640 1797 1717 1832; x_wconf 74' lang='grc' dir='ltr'>δόξης</span> <span class='ocrx_word' id='word_1_627' title='bbox 1747 1800 1838 1832; x_wconf 76' lang='grc' dir='ltr'>οὗτος.</span> <span class='ocrx_word' id='word_1_628' title='bbox 1860 1812 1872 1827; x_wconf 76' lang='grc' dir='ltr'><strong><em>ι</em></strong></span> 
     </span>
    </p>
   </div>
   <div class='ocr_carea' id='block_1_86' title="bbox 1052 1843 1874 1882">
    <p class='ocr_par' dir='ltr' id='par_1_86' title="bbox 1052 1843 1874 1882">
     <span class='ocr_line' id='line_1_86' title="bbox 1052 1843 1874 1882; baseline -0.004 -10"><span class='ocrx_word' id='word_1_629' title='bbox 1052 1845 1138 1873; x_wconf 78' lang='grc' dir='ltr'>Εἰπὼν</span> <span class='ocrx_word' id='word_1_630' title='bbox 1160 1844 1208 1877; x_wconf 82' lang='grc' dir='ltr'><strong>τὴν</strong></span> <span class='ocrx_word' id='word_1_631' title='bbox 1242 1844 1308 1882; x_wconf 82' lang='grc' dir='ltr'>πρὸς</span> <span class='ocrx_word' id='word_1_632' title='bbox 1338 1845 1436 1876; x_wconf 80' lang='grc' dir='ltr'>Μωσῆν</span> <span class='ocrx_word' id='word_1_633' title='bbox 1466 1843 1574 1876; x_wconf 85' lang='grc' dir='ltr'>ἰσότητα</span> <span class='ocrx_word' id='word_1_634' title='bbox 1606 1846 1650 1870; x_wconf 78' lang='grc' dir='ltr'>τοῦ</span> <span class='ocrx_word' id='word_1_635' title='bbox 1678 1845 1805 1882; x_wconf 75' lang='grc' dir='ltr'>Χριστοῦ,</span> <span class='ocrx_word' id='word_1_636' title='bbox 1829 1848 1874 1872; x_wconf 76' lang='grc' dir='ltr'>νῦν</span> 
     </span>
    </p>
   </div>
   <div class='ocr_carea' id='block_1_87' title="bbox 1050 1886 1872 1928">
    <p class='ocr_par' dir='ltr' id='par_1_87' title="bbox 1050 1886 1872 1928">
     <span class='ocr_line' id='line_1_87' title="bbox 1050 1886 1872 1928; baseline -0.001 -12"><span class='ocrx_word' id='word_1_637' title='bbox 1050 1889 1136 1928; x_wconf 83' lang='grc' dir='ltr'>ἡρέμα</span> <span class='ocrx_word' id='word_1_638' title='bbox 1150 1889 1198 1922; x_wconf 81' lang='grc' dir='ltr'><strong>τὴν</strong></span> <span class='ocrx_word' id='word_1_639' title='bbox 1213 1888 1349 1928; x_wconf 75' lang='grc' dir='ltr'>δπεροχὴν</span> <span class='ocrx_word' id='word_1_640' title='bbox 1369 1887 1452 1927; x_wconf 89' lang='grc' dir='ltr'>λέγει,</span> <span class='ocrx_word' id='word_1_641' title='bbox 1473 1899 1486 1914; x_wconf 75' lang='grc' dir='ltr'><strong>α</strong></span> <span class='ocrx_word' id='word_1_642' title='bbox 1504 1886 1625 1919; x_wconf 82' lang='grc' dir='ltr'>Πλείονος</span> <span class='ocrx_word' id='word_1_643' title='bbox 1661 1888 1747 1919; x_wconf 79' lang='grc' dir='ltr'>οὗτος.</span> <span class='ocrx_word' id='word_1_644' title='bbox 1765 1897 1780 1917; x_wconf 69' lang='grc' dir='ltr'><strong>ι</strong></span> <span class='ocrx_word' id='word_1_645' title='bbox 1808 1889 1872 1928; x_wconf 70' lang='grc' dir='ltr'>Τίς,</span> 
     </span>
    </p>
   </div>
   <div class='ocr_carea' id='block_1_88' title="bbox 1051 1931 1874 1972">
    <p class='ocr_par' dir='ltr' id='par_1_88' title="bbox 1051 1931 1874 1972">
     <span class='ocr_line' id='line_1_88' title="bbox 1051 1931 1874 1972; baseline -0.001 -11"><span class='ocrx_word' id='word_1_646' title='bbox 1051 1935 1065 1961; x_wconf 86' lang='grc' dir='ltr'>ὁ</span> <span class='ocrx_word' id='word_1_647' title='bbox 1093 1933 1160 1961; x_wconf 79' lang='grc' dir='ltr'>κατὰ</span> <span class='ocrx_word' id='word_1_648' title='bbox 1189 1933 1271 1972; x_wconf 76' lang='grc' dir='ltr'>σάρκα</span> <span class='ocrx_word' id='word_1_649' title='bbox 1305 1933 1443 1970; x_wconf 86' lang='grc' dir='ltr'>νοούμενος</span> <span class='ocrx_word' id='word_1_650' title='bbox 1466 1931 1589 1971; x_wconf 80' lang='grc' dir='ltr'>Χριστός,</span> <span class='ocrx_word' id='word_1_651' title='bbox 1622 1943 1635 1959; x_wconf 73' lang='grc' dir='ltr'><strong>α</strong></span> <span class='ocrx_word' id='word_1_652' title='bbox 1667 1932 1739 1970; x_wconf 80' lang='grc' dir='ltr'>Παρὰ</span> <span class='ocrx_word' id='word_1_653' title='bbox 1770 1935 1874 1966; x_wconf 77' lang='grc' dir='ltr'>Μωσῆν</span> 
     </span>
    </p>
   </div>
   <div class='ocr_carea' id='block_1_89' title="bbox 1051 1975 1871 2016">
    <p class='ocr_par' dir='ltr' id='par_1_89' title="bbox 1051 1975 1871 2016">
     <span class='ocr_line' id='line_1_89' title="bbox 1051 1975 1871 2016; baseline -0.002 -11"><span class='ocrx_word' id='word_1_654' title='bbox 1051 1977 1127 2011; x_wconf 75' lang='grc' dir='ltr'>δόξης</span> <span class='ocrx_word' id='word_1_655' title='bbox 1149 1977 1267 2014; x_wconf 75' lang='grc' dir='ltr'>ἠξίωται,</span> <span class='ocrx_word' id='word_1_656' title='bbox 1284 1977 1343 2005; x_wconf 79' lang='grc' dir='ltr'>καθ’</span> <span class='ocrx_word' id='word_1_657' title='bbox 1370 1976 1442 2013; x_wconf 83' lang='grc' dir='ltr'>ὅσον,</span> <span class='ocrx_word' id='word_1_658' title='bbox 1473 1977 1548 2016; x_wconf 72' lang='grc' dir='ltr'>φησὶ,</span> <span class='ocrx_word' id='word_1_659' title='bbox 1577 1975 1684 2004; x_wconf 85' lang='grc' dir='ltr'>πλείονα</span> <span class='ocrx_word' id='word_1_660' title='bbox 1712 1977 1794 2014; x_wconf 82' lang='grc' dir='ltr'>τιμὴν</span> <span class='ocrx_word' id='word_1_661' title='bbox 1813 1976 1871 2016; x_wconf 78' lang='grc' dir='ltr'>ἔχει</span> 
     </span>
    </p>
   </div>
   <div class='ocr_carea' id='block_1_90' title="bbox 1051 2020 1874 2062">
    <p class='ocr_par' dir='ltr' id='par_1_90' title="bbox 1051 2020 1874 2062">
     <span class='ocr_line' id='line_1_90' title="bbox 1051 2020 1874 2062; baseline -0.002 -12"><span class='ocrx_word' id='word_1_662' title='bbox 1051 2025 1096 2050; x_wconf 78' lang='grc' dir='ltr'>τοῦ</span> <span class='ocrx_word' id='word_1_663' title='bbox 1110 2021 1197 2062; x_wconf 85' lang='grc' dir='ltr'>οἴκου,</span> <span class='ocrx_word' id='word_1_664' title='bbox 1215 2023 1228 2049; x_wconf 80' lang='grc' dir='ltr'>ὁ</span> <span class='ocrx_word' id='word_1_665' title='bbox 1244 2021 1439 2053; x_wconf 76' lang='grc' dir='ltr'>κατασκευάσας</span> <span class='ocrx_word' id='word_1_666' title='bbox 1462 2021 1551 2049; x_wconf 70' lang='grc' dir='ltr'>αὐτόν.</span> <span class='ocrx_word' id='word_1_667' title='bbox 1577 2031 1589 2048; x_wconf 73' lang='lat' dir='ltr'><strong>n</strong></span> <span class='ocrx_word' id='word_1_668' title='bbox 1619 2021 1669 2049; x_wconf 78' lang='grc' dir='ltr'><strong>Νῦν</strong></span> <span class='ocrx_word' id='word_1_669' title='bbox 1690 2020 1739 2053; x_wconf 80' lang='grc' dir='ltr'><strong>τὴν</strong></span> <span class='ocrx_word' id='word_1_670' title='bbox 1755 2021 1874 2054; x_wconf 77' lang='grc' dir='ltr'>ὑστάτην</span> 
     </span>
    </p>
   </div>
   <div class='ocr_carea' id='block_1_91' title="bbox 1051 2064 1872 2106">
    <p class='ocr_par' dir='ltr' id='par_1_91' title="bbox 1051 2064 1872 2106">
     <span class='ocr_line' id='line_1_91' title="bbox 1051 2064 1872 2106; baseline -0.002 -12"><span class='ocrx_word' id='word_1_671' title='bbox 1051 2066 1196 2106; x_wconf 78' lang='grc' dir='ltr'>ὑπεροχὴν,</span> <span class='ocrx_word' id='word_1_672' title='bbox 1213 2067 1256 2094; x_wconf 79' lang='grc' dir='ltr'><strong>καὶ</strong></span> <span class='ocrx_word' id='word_1_673' title='bbox 1285 2065 1334 2099; x_wconf 83' lang='grc' dir='ltr'><strong>ὅση</strong></span> <span class='ocrx_word' id='word_1_674' title='bbox 1358 2068 1422 2093; x_wconf 83' lang='grc' dir='ltr'>Θεοῦ</span> <span class='ocrx_word' id='word_1_675' title='bbox 1456 2065 1521 2104; x_wconf 83' lang='grc' dir='ltr'>πρὸς</span> <span class='ocrx_word' id='word_1_676' title='bbox 1543 2064 1678 2103; x_wconf 80' lang='grc' dir='ltr'>ἄνθρωπον</span> <span class='ocrx_word' id='word_1_677' title='bbox 1713 2064 1801 2104; x_wconf 81' lang='grc' dir='ltr'>λέγει,</span> <span class='ocrx_word' id='word_1_678' title='bbox 1829 2065 1872 2093; x_wconf 84' lang='grc' dir='ltr'><strong>καί</strong></span> 
     </span>
    </p>
   </div>
   <div class='ocr_carea' id='block_1_92' title="bbox 1051 2109 1869 2150">
    <p class='ocr_par' dir='ltr' id='par_1_92' title="bbox 1051 2109 1869 2150">
     <span class='ocr_line' id='line_1_92' title="bbox 1051 2109 1869 2150; baseline -0.001 -12"><span class='ocrx_word' id='word_1_679' title='bbox 1051 2122 1115 2150; x_wconf 77' lang='grc' dir='ltr'>φησι</span> <span class='ocrx_word' id='word_1_680' title='bbox 1132 2119 1138 2125; x_wconf 83' lang='grc'><strong>’</strong></span> <span class='ocrx_word' id='word_1_681' title='bbox 1161 2111 1255 2142; x_wconf 82' lang='grc' dir='ltr'>Πιστὸς</span> <span class='ocrx_word' id='word_1_682' title='bbox 1271 2110 1319 2147; x_wconf 75' lang='grc' dir='ltr'>μὲν</span> <span class='ocrx_word' id='word_1_683' title='bbox 1339 2110 1370 2143; x_wconf 79' lang='grc' dir='ltr'>ἦν</span> <span class='ocrx_word' id='word_1_684' title='bbox 1387 2112 1485 2142; x_wconf 76' lang='grc' dir='ltr'>Μωσῆς</span> <span class='ocrx_word' id='word_1_685' title='bbox 1507 2109 1571 2148; x_wconf 79' lang='grc' dir='ltr'>ὑπὲρ</span> <span class='ocrx_word' id='word_1_686' title='bbox 1596 2109 1683 2137; x_wconf 76' lang='grc' dir='ltr'>πάντα</span> <span class='ocrx_word' id='word_1_687' title='bbox 1710 2110 1754 2137; x_wconf 81' lang='grc' dir='ltr'>τὸν</span> <span class='ocrx_word' id='word_1_688' title='bbox 1779 2110 1869 2146; x_wconf 76' lang='grc' dir='ltr'>οἶκον,</span> 
     </span>
    </p>
   </div>
   <div class='ocr_carea' id='block_1_93' title="bbox 1051 2153 1872 2191">
    <p class='ocr_par' dir='ltr' id='par_1_93' title="bbox 1051 2153 1872 2191">
     <span class='ocr_line' id='line_1_93' title="bbox 1051 2153 1872 2191; baseline -0.002 -8"><span class='ocrx_word' id='word_1_689' title='bbox 1051 2156 1179 2190; x_wconf 74' lang='grc' dir='ltr'>τουτέστι,</span> <span class='ocrx_word' id='word_1_690' title='bbox 1196 2156 1241 2182; x_wconf 75' lang='grc' dir='ltr'><strong>τὸν</strong></span> <span class='ocrx_word' id='word_1_691' title='bbox 1273 2154 1346 2183; x_wconf 83' lang='grc' dir='ltr'>λαόν.</span> <span class='ocrx_word' id='word_1_692' title='bbox 1379 2153 1452 2187; x_wconf 74' lang='grc' dir='ltr'>Πλὴν</span> <span class='ocrx_word' id='word_1_693' title='bbox 1476 2154 1520 2181; x_wconf 77' lang='grc' dir='ltr'><strong>καὶ</strong></span> <span class='ocrx_word' id='word_1_694' title='bbox 1544 2153 1622 2185; x_wconf 61' lang='grc' dir='ltr'>ὠτὸς</span> <span class='ocrx_word' id='word_1_695' title='bbox 1643 2157 1690 2182; x_wconf 75' lang='grc' dir='ltr'>τοῦ</span> <span class='ocrx_word' id='word_1_696' title='bbox 1723 2153 1803 2182; x_wconf 72' lang='grc' dir='ltr'>οἴκου</span> <span class='ocrx_word' id='word_1_697' title='bbox 1823 2154 1872 2191; x_wconf 86' lang='grc' dir='ltr'><strong>ἧν,</strong></span> 
     </span>
    </p>
   </div>
   <div class='ocr_carea' id='block_1_94' title="bbox 187 2189 1009 2238">
    <p class='ocr_par' dir='ltr' id='par_1_94' title="bbox 187 2189 1005 2238">
     <span class='ocr_line' id='line_1_94' title="bbox 187 2189 1005 2238; baseline -0.002 -9"><span class='ocrx_word' id='word_1_698' title='bbox 187 2189 256 2229; x_wconf 85' lang='lat' dir='ltr'><strong>tiam</strong></span> <span class='ocrx_word' id='word_1_699' title='bbox 267 2198 338 2228; x_wconf 73' lang='lat'><strong>555</strong></span> <span class='ocrx_word' id='word_1_700' title='bbox 353 2202 520 2238; x_wconf 83' lang='lat' dir='ltr'><strong>quantaque</strong></span> <span class='ocrx_word' id='word_1_701' title='bbox 536 2200 582 2226; x_wconf 88' lang='lat' dir='ltr'><strong>est</strong></span> <span class='ocrx_word' id='word_1_702' title='bbox 597 2195 650 2227; x_wconf 91' lang='lat' dir='ltr'><strong>Dei</strong></span> <span class='ocrx_word' id='word_1_703' title='bbox 667 2196 703 2226; x_wconf 89' lang='lat' dir='ltr'><strong>ad</strong></span> <span class='ocrx_word' id='word_1_704' title='bbox 713 2189 881 2234; x_wconf 78' lang='lat' dir='ltr'><strong>hominem,</strong></span> <span class='ocrx_word' id='word_1_705' title='bbox 900 2203 929 2228; x_wconf 89' lang='lat' dir='ltr'><strong>et</strong></span> <span class='ocrx_word' id='word_1_706' title='bbox 943 2200 982 2227; x_wconf 84' lang='lat' dir='ltr'><strong>ait</strong></span> <span class='ocrx_word' id='word_1_707' title='bbox 999 2210 1005 2228; x_wconf 79' lang='lat'><strong>.</strong></span> 
     </span>
    </p>
   </div>
   <div class='ocr_carea' id='block_1_95' title="bbox 1093 2189 1872 2238">
    <p class='ocr_par' dir='ltr' id='par_1_95' title="bbox 1107 2189 1872 2231">
     <span class='ocr_line' id='line_1_95' title="bbox 1107 2189 1872 2231; baseline -0.001 -4"><span class='ocrx_word' id='word_1_708' title='bbox 1107 2203 1153 2227; x_wconf 79' lang='grc' dir='ltr'>τοῦ</span> <span class='ocrx_word' id='word_1_709' title='bbox 1167 2189 1232 2227; x_wconf 72' lang='grc' dir='ltr'>λαοῦ</span> <span class='ocrx_word' id='word_1_710' title='bbox 1245 2201 1297 2230; x_wconf 85' lang='grc' dir='ltr'>εἷς.</span> <span class='ocrx_word' id='word_1_711' title='bbox 1323 2202 1451 2227; x_wconf 86' lang='grc' dir='ltr'>Τοσοῦτον</span> <span class='ocrx_word' id='word_1_712' title='bbox 1480 2197 1524 2226; x_wconf 85' lang='grc' dir='ltr'>οὖν</span> <span class='ocrx_word' id='word_1_713' title='bbox 1545 2197 1665 2229; x_wconf 84' lang='grc' dir='ltr'>πλείονος</span> <span class='ocrx_word' id='word_1_714' title='bbox 1700 2197 1778 2231; x_wconf 78' lang='grc' dir='ltr'>δόξης</span> <span class='ocrx_word' id='word_1_715' title='bbox 1792 2200 1810 2226; x_wconf 80' lang='grc' dir='ltr'>ὁ</span> <span class='ocrx_word' id='word_1_716' title='bbox 1822 2189 1872 2226; x_wconf 51' lang='grc' dir='ltr'>καέ</span> 
     </span>
    </p>
   </div>
   <div class='ocr_carea' id='block_1_96' title="bbox 185 2241 1006 2283">
    <p class='ocr_par' dir='ltr' id='par_1_96' title="bbox 185 2241 1006 2283">
     <span class='ocr_line' id='line_1_96' title="bbox 185 2241 1006 2283; baseline -0.002 -9"><span class='ocrx_word' id='word_1_717' title='bbox 185 2243 297 2274; x_wconf 87' lang='lat' dir='ltr'><strong>Fidelis</strong></span> <span class='ocrx_word' id='word_1_718' title='bbox 319 2243 439 2283; x_wconf 88' lang='lat' dir='ltr'><strong>quidem</strong></span> <span class='ocrx_word' id='word_1_719' title='bbox 464 2245 528 2272; x_wconf 89' lang='lat' dir='ltr'><strong>erat</strong></span> <span class='ocrx_word' id='word_1_720' title='bbox 551 2242 647 2272; x_wconf 88' lang='lat' dir='ltr'><strong>Moses</strong></span> <span class='ocrx_word' id='word_1_721' title='bbox 662 2249 753 2281; x_wconf 91' lang='lat' dir='ltr'><strong>super</strong></span> <span class='ocrx_word' id='word_1_722' title='bbox 768 2245 856 2271; x_wconf 81' lang='lat' dir='ltr'><strong>totam</strong></span> <span class='ocrx_word' id='word_1_723' title='bbox 874 2241 1006 2279; x_wconf 90' lang='lat' dir='ltr'><strong>domum,</strong></span> 
     </span>
    </p>
   </div>
   <div class='ocr_carea' id='block_1_97' title="bbox 1050 2241 1869 2282">
    <p class='ocr_par' dir='ltr' id='par_1_97' title="bbox 1050 2241 1869 2282">
     <span class='ocr_line' id='line_1_97' title="bbox 1050 2241 1869 2282; baseline -0.002 -10"><span class='ocrx_word' id='word_1_724' title='bbox 1050 2244 1083 2272; x_wconf 84' lang='grc' dir='ltr'><strong>τὰ</strong></span> <span class='ocrx_word' id='word_1_725' title='bbox 1097 2243 1179 2282; x_wconf 72' lang='grc' dir='ltr'>σάρκα</span> <span class='ocrx_word' id='word_1_726' title='bbox 1202 2243 1312 2282; x_wconf 75' lang='grc' dir='ltr'>Χριστὸς</span> <span class='ocrx_word' id='word_1_727' title='bbox 1327 2242 1399 2281; x_wconf 73' lang='grc' dir='ltr'>παρά</span> <span class='ocrx_word' id='word_1_728' title='bbox 1421 2243 1521 2275; x_wconf 80' lang='grc' dir='ltr'>Μωσῆν</span> <span class='ocrx_word' id='word_1_729' title='bbox 1534 2241 1668 2279; x_wconf 81' lang='grc' dir='ltr'>ἡξίωται,,</span> <span class='ocrx_word' id='word_1_730' title='bbox 1698 2241 1758 2270; x_wconf 76' lang='grc' dir='ltr'>ὅσον</span> <span class='ocrx_word' id='word_1_731' title='bbox 1787 2243 1869 2282; x_wconf 69' lang='grc' dir='ltr'>εἰκὸς,</span> 
     </span>
    </p>
   </div>
   <div class='ocr_carea' id='block_1_98' title="bbox 184 2282 1009 2328">
    <p class='ocr_par' dir='ltr' id='par_1_98' title="bbox 184 2282 1009 2327">
     <span class='ocr_line' id='line_1_98' title="bbox 184 2282 1009 2327; baseline -0.002 -8"><span class='ocrx_word' id='word_1_732' title='bbox 184 2288 214 2319; x_wconf 92' lang='lat' dir='ltr'><strong>id</strong></span> <span class='ocrx_word' id='word_1_733' title='bbox 229 2293 284 2323; x_wconf 86' lang='lat' dir='ltr'><strong>est,</strong></span> <span class='ocrx_word' id='word_1_734' title='bbox 301 2282 453 2327; x_wconf 84' lang='lat' dir='ltr'><strong>populum,</strong></span> <span class='ocrx_word' id='word_1_735' title='bbox 469 2286 533 2326; x_wconf 87' lang='lat' dir='ltr'><strong>ipse</strong></span> <span class='ocrx_word' id='word_1_736' title='bbox 550 2289 648 2316; x_wconf 88' lang='lat' dir='ltr'><strong>tamen</strong></span> <span class='ocrx_word' id='word_1_737' title='bbox 674 2285 762 2316; x_wconf 88' lang='lat' dir='ltr'><strong>etiam</strong></span> <span class='ocrx_word' id='word_1_738' title='bbox 787 2295 821 2316; x_wconf 88' lang='lat' dir='ltr'><strong>ex</strong></span> <span class='ocrx_word' id='word_1_739' title='bbox 844 2285 932 2316; x_wconf 91' lang='lat' dir='ltr'><strong>domo</strong></span> <span class='ocrx_word' id='word_1_740' title='bbox 947 2291 1009 2317; x_wconf 83' lang='lat' dir='ltr'><strong>erat</strong></span> 
     </span>
    </p>
   </div>
   <div class='ocr_carea' id='block_1_99' title="bbox 1093 2282 1869 2328">
    <p class='ocr_par' dir='ltr' id='par_1_99' title="bbox 1093 2282 1869 2326">
     <span class='ocr_line' id='line_1_99' title="bbox 1093 2282 1869 2326; baseline 0 -11"><span class='ocrx_word' id='word_1_741' title='bbox 1093 2289 1126 2325; x_wconf 73' lang='grc' dir='ltr'><strong>πὶ,</strong></span> <span class='ocrx_word' id='word_1_742' title='bbox 1155 2289 1200 2315; x_wconf 81' lang='grc' dir='ltr'>τὸν</span> <span class='ocrx_word' id='word_1_743' title='bbox 1235 2286 1392 2326; x_wconf 83' lang='grc' dir='ltr'>δημιουργὸν</span> <span class='ocrx_word' id='word_1_744' title='bbox 1422 2289 1467 2314; x_wconf 83' lang='grc' dir='ltr'>τοῦ</span> <span class='ocrx_word' id='word_1_745' title='bbox 1505 2285 1751 2325; x_wconf 81' lang='grc' dir='ltr'>δημιουργήματος.</span> <span class='ocrx_word' id='word_1_746' title='bbox 1784 2282 1791 2293; x_wconf 42' lang='grc' dir='ltr'>ι</span> <span class='ocrx_word' id='word_1_747' title='bbox 1804 2291 1869 2316; x_wconf 82' lang='grc' dir='ltr'>Οσον</span> 
     </span>
    </p>
   </div>
   <div class='ocr_carea' id='block_1_100' title="bbox 183 2329 1009 2372">
    <p class='ocr_par' dir='ltr' id='par_1_100' title="bbox 183 2329 1009 2372">
     <span class='ocr_line' id='line_1_100' title="bbox 183 2329 1009 2372; baseline -0.002 -9"><span class='ocrx_word' id='word_1_748' title='bbox 183 2337 211 2363; x_wconf 92' lang='lat' dir='ltr'><strong>et</strong></span> <span class='ocrx_word' id='word_1_749' title='bbox 238 2341 313 2363; x_wconf 91' lang='lat' dir='ltr'><strong>unus</strong></span> <span class='ocrx_word' id='word_1_750' title='bbox 339 2341 355 2363; x_wconf 89' lang='lat' dir='ltr'><strong>e</strong></span> <span class='ocrx_word' id='word_1_751' title='bbox 381 2330 501 2372; x_wconf 89' lang='lat' dir='ltr'><strong>populo.</strong></span> <span class='ocrx_word' id='word_1_752' title='bbox 533 2329 626 2360; x_wconf 88' lang='lat' dir='ltr'><strong>Tanto</strong></span> <span class='ocrx_word' id='word_1_753' title='bbox 654 2329 746 2367; x_wconf 76' lang='lat' dir='ltr'><strong>igitur</strong></span> <span class='ocrx_word' id='word_1_754' title='bbox 770 2330 905 2361; x_wconf 90' lang='lat' dir='ltr'><strong>Christus</strong></span> <span class='ocrx_word' id='word_1_755' title='bbox 924 2331 1009 2370; x_wconf 79' lang='lat' dir='ltr'><strong>juxta</strong></span> 
     </span>
    </p>
   </div>
   <div class='ocr_carea' id='block_1_101' title="bbox 1093 2329 1869 2372">
    <p class='ocr_par' dir='ltr' id='par_1_101' title="bbox 1093 2329 1869 2371">
     <span class='ocr_line' id='line_1_101' title="bbox 1093 2329 1869 2371; baseline 0 -11"><span class='ocrx_word' id='word_1_756' title='bbox 1093 2343 1109 2368; x_wconf 65' lang='grc' dir='ltr'>δ,</span> <span class='ocrx_word' id='word_1_757' title='bbox 1127 2332 1191 2371; x_wconf 78' lang='grc' dir='ltr'>φησὶ</span> <span class='ocrx_word' id='word_1_758' title='bbox 1205 2329 1313 2360; x_wconf 82' lang='grc' dir='ltr'>πλείονα</span> <span class='ocrx_word' id='word_1_759' title='bbox 1327 2331 1408 2368; x_wconf 78' lang='grc' dir='ltr'>τιμὴν</span> <span class='ocrx_word' id='word_1_760' title='bbox 1424 2329 1482 2370; x_wconf 74' lang='grc' dir='ltr'>ἔχει</span> <span class='ocrx_word' id='word_1_761' title='bbox 1508 2335 1555 2359; x_wconf 82' lang='grc' dir='ltr'>τοῦ</span> <span class='ocrx_word' id='word_1_762' title='bbox 1582 2330 1658 2358; x_wconf 75' lang='grc' dir='ltr'>οἴκου</span> <span class='ocrx_word' id='word_1_763' title='bbox 1673 2331 1687 2358; x_wconf 79' lang='grc' dir='ltr'>ὁ</span> <span class='ocrx_word' id='word_1_764' title='bbox 1701 2331 1869 2360; x_wconf 74' lang='grc' dir='ltr'>κατασκευά-</span> 
     </span>
    </p>
   </div>
   <div class='ocr_carea' id='block_1_102' title="bbox 184 2373 1009 2416">
    <p class='ocr_par' dir='ltr' id='par_1_102' title="bbox 184 2373 1007 2416">
     <span class='ocr_line' id='line_1_102' title="bbox 184 2373 1007 2416; baseline -0.002 -8"><span class='ocrx_word' id='word_1_765' title='bbox 184 2386 303 2408; x_wconf 87' lang='lat' dir='ltr'><strong>carnem</strong></span> <span class='ocrx_word' id='word_1_766' title='bbox 335 2377 447 2416; x_wconf 87' lang='lat' dir='ltr'><strong>majore</strong></span> <span class='ocrx_word' id='word_1_767' title='bbox 475 2374 568 2414; x_wconf 83' lang='lat' dir='ltr'><strong>gloria</strong></span> <span class='ocrx_word' id='word_1_768' title='bbox 594 2373 701 2413; x_wconf 83' lang='lat' dir='ltr'><strong>dignus</strong></span> <span class='ocrx_word' id='word_1_769' title='bbox 717 2377 763 2404; x_wconf 87' lang='lat' dir='ltr'><strong>est</strong></span> <span class='ocrx_word' id='word_1_770' title='bbox 787 2374 904 2404; x_wconf 89' lang='lat' dir='ltr'><strong>habitus</strong></span> <span class='ocrx_word' id='word_1_771' title='bbox 919 2385 1007 2415; x_wconf 84' lang='lat' dir='ltr'><strong>quam</strong></span> 
     </span>
    </p>
   </div>
   <div class='ocr_carea' id='block_1_103' title="bbox 1093 2373 1869 2416">
    <p class='ocr_par' dir='ltr' id='par_1_103' title="bbox 1093 2373 1869 2414">
     <span class='ocr_line' id='line_1_103' title="bbox 1093 2373 1869 2414; baseline 0 -10"><span class='ocrx_word' id='word_1_772' title='bbox 1093 2388 1097 2408; x_wconf 84' lang='lat'><strong>:</strong></span> <span class='ocrx_word' id='word_1_773' title='bbox 1113 2376 1201 2406; x_wconf 73' lang='grc' dir='ltr'>αὐτόν.</span> <span class='ocrx_word' id='word_1_774' title='bbox 1218 2375 1302 2404; x_wconf 74' lang='grc' dir='ltr'>Οἶκον</span> <span class='ocrx_word' id='word_1_775' title='bbox 1313 2376 1363 2414; x_wconf 75' lang='grc' dir='ltr'><strong>γὰρ</strong></span> <span class='ocrx_word' id='word_1_776' title='bbox 1378 2374 1498 2410; x_wconf 79' lang='grc' dir='ltr'>ἐνταῦθα,</span> <span class='ocrx_word' id='word_1_777' title='bbox 1527 2375 1572 2402; x_wconf 83' lang='grc' dir='ltr'><strong>τὸν</strong></span> <span class='ocrx_word' id='word_1_778' title='bbox 1595 2373 1660 2402; x_wconf 81' lang='grc' dir='ltr'>λαὸν</span> <span class='ocrx_word' id='word_1_779' title='bbox 1688 2375 1734 2403; x_wconf 73' lang='grc' dir='ltr'>σὺν</span> <span class='ocrx_word' id='word_1_780' title='bbox 1750 2379 1790 2413; x_wconf 86' lang='grc' dir='ltr'>τῷ</span> <span class='ocrx_word' id='word_1_781' title='bbox 1805 2378 1869 2404; x_wconf 78' lang='grc' dir='ltr'><strong>Μω-</strong></span> 
     </span>
    </p>
   </div>
   <div class='ocr_carea' id='block_1_104' title="bbox 184 2418 1009 2461">
    <p class='ocr_par' dir='ltr' id='par_1_104' title="bbox 184 2419 1007 2461">
     <span class='ocr_line' id='line_1_104' title="bbox 184 2419 1007 2461; baseline -0.002 -9"><span class='ocrx_word' id='word_1_782' title='bbox 184 2423 292 2459; x_wconf 84' lang='lat' dir='ltr'><strong>Moses,</strong></span> <span class='ocrx_word' id='word_1_783' title='bbox 308 2425 430 2461; x_wconf 87' lang='lat' dir='ltr'><strong>quanto,</strong></span> <span class='ocrx_word' id='word_1_784' title='bbox 447 2419 554 2460; x_wconf 88' lang='lat' dir='ltr'><strong>inquit.</strong></span> <span class='ocrx_word' id='word_1_785' title='bbox 571 2427 688 2458; x_wconf 71' lang='lat' dir='ltr'><strong>aequum</strong></span> <span class='ocrx_word' id='word_1_786' title='bbox 696 2423 740 2448; x_wconf 90' lang='lat' dir='ltr'><strong>est</strong></span> <span class='ocrx_word' id='word_1_787' title='bbox 752 2419 919 2450; x_wconf 84' lang='lat' dir='ltr'><strong>Creatorem</strong></span> <span class='ocrx_word' id='word_1_788' title='bbox 929 2429 1007 2458; x_wconf 71' lang='lat' dir='ltr'><strong>prae-</strong></span> 
     </span>
    </p>
   </div>
   <div class='ocr_carea' id='block_1_105' title="bbox 1093 2418 1870 2461">
    <p class='ocr_par' dir='ltr' id='par_1_105' title="bbox 1108 2418 1870 2460">
     <span class='ocr_line' id='line_1_105' title="bbox 1108 2418 1870 2460; baseline -0.001 -12"><span class='ocrx_word' id='word_1_789' title='bbox 1108 2420 1193 2460; x_wconf 87' lang='grc' dir='ltr'>λέγει,</span> <span class='ocrx_word' id='word_1_790' title='bbox 1208 2418 1300 2453; x_wconf 77' lang='grc' dir='ltr'>ἐπειδὴ</span> <span class='ocrx_word' id='word_1_791' title='bbox 1315 2419 1359 2447; x_wconf 77' lang='grc' dir='ltr'>καὶ</span> <span class='ocrx_word' id='word_1_792' title='bbox 1374 2420 1486 2458; x_wconf 77' lang='grc' dir='ltr'>Μωσῆς,</span> <span class='ocrx_word' id='word_1_793' title='bbox 1507 2418 1550 2450; x_wconf 76' lang='grc' dir='ltr'>εἷς</span> <span class='ocrx_word' id='word_1_794' title='bbox 1577 2418 1610 2452; x_wconf 81' lang='grc' dir='ltr'><strong>ἧν</strong></span> <span class='ocrx_word' id='word_1_795' title='bbox 1624 2423 1671 2448; x_wconf 75' lang='grc' dir='ltr'>τοῦ</span> <span class='ocrx_word' id='word_1_796' title='bbox 1687 2418 1752 2448; x_wconf 69' lang='grc' dir='ltr'>λαοῦ</span> <span class='ocrx_word' id='word_1_797' title='bbox 1768 2427 1776 2435; x_wconf 78' lang='grc'><strong><em>⁵</em></strong></span> <span class='ocrx_word' id='word_1_798' title='bbox 1793 2430 1870 2452; x_wconf 89' lang='grc' dir='ltr'>ποιη-</span> 
     </span>
    </p>
   </div>
   <div class='ocr_carea' id='block_1_106' title="bbox 183 2463 1009 2504">
    <p class='ocr_par' dir='ltr' id='par_1_106' title="bbox 183 2463 1006 2504">
     <span class='ocr_line' id='line_1_106' title="bbox 183 2463 1006 2504; baseline -0.004 -7"><span class='ocrx_word' id='word_1_799' title='bbox 183 2467 293 2498; x_wconf 86' lang='lat' dir='ltr'><strong>cellere</strong></span> <span class='ocrx_word' id='word_1_800' title='bbox 322 2469 482 2496; x_wconf 77' lang='lat' dir='ltr'><strong>creaturae:</strong></span> <span class='ocrx_word' id='word_1_801' title='bbox 501 2473 580 2499; x_wconf 81' lang='lat' dir='ltr'><strong>nam.</strong></span> <span class='ocrx_word' id='word_1_802' title='bbox 599 2468 709 2503; x_wconf 86' lang='lat' dir='ltr'><strong>quanto</strong></span> <span class='ocrx_word' id='word_1_803' title='bbox 726 2463 883 2503; x_wconf 65' lang='lat' dir='ltr'><strong>maiorem,</strong></span> <span class='ocrx_word' id='word_1_804' title='bbox 899 2464 1006 2504; x_wconf 79' lang='lat' dir='ltr'><strong>inquit,</strong></span> 
     </span>
    </p>
   </div>
   <div class='ocr_carea' id='block_1_107' title="bbox 1093 2463 1457 2504">
    <p class='ocr_par' dir='ltr' id='par_1_107' title="bbox 1093 2463 1457 2502">
     <span class='ocr_line' id='line_1_107' title="bbox 1093 2463 1457 2502; baseline -0.005 -9"><span class='ocrx_word' id='word_1_805' title='bbox 1093 2477 1096 2497; x_wconf 88' lang='lat'>;</span> <span class='ocrx_word' id='word_1_806' title='bbox 1117 2464 1144 2493; x_wconf 79' lang='grc' dir='ltr'><strong>δὲ</strong></span> <span class='ocrx_word' id='word_1_807' title='bbox 1158 2468 1203 2492; x_wconf 85' lang='grc' dir='ltr'>τοῦ</span> <span class='ocrx_word' id='word_1_808' title='bbox 1215 2463 1292 2492; x_wconf 79' lang='grc' dir='ltr'>οἴκου</span> <span class='ocrx_word' id='word_1_809' title='bbox 1306 2465 1320 2492; x_wconf 78' lang='grc' dir='ltr'>ὁ</span> <span class='ocrx_word' id='word_1_810' title='bbox 1335 2463 1457 2502; x_wconf 80' lang='grc' dir='ltr'>Χριστός.</span> 
     </span>
    </p>
   </div>
   <div class='ocr_carea' id='block_1_108' title="bbox 181 2506 1868 2549">
    <p class='ocr_par' dir='ltr' id='par_1_108' title="bbox 181 2506 1868 2549">
     <span class='ocr_line' id='line_1_108' title="bbox 181 2506 1868 2549; baseline -0.002 -7"><span class='ocrx_word' id='word_1_811' title='bbox 181 2511 271 2542; x_wconf 90' lang='lat' dir='ltr'><strong>habet</strong></span> <span class='ocrx_word' id='word_1_812' title='bbox 287 2511 431 2541; x_wconf 81' lang='lat' dir='ltr'><strong>honorem</strong></span> <span class='ocrx_word' id='word_1_813' title='bbox 448 2509 472 2539; x_wconf 89' lang='lat' dir='ltr'><strong>is</strong></span> <span class='ocrx_word' id='word_1_814' title='bbox 488 2508 540 2548; x_wconf 88' lang='lat' dir='ltr'><strong>qui</strong></span> <span class='ocrx_word' id='word_1_815' title='bbox 554 2508 675 2538; x_wconf 91' lang='lat' dir='ltr'><strong>domum</strong></span> <span class='ocrx_word' id='word_1_816' title='bbox 690 2508 866 2545; x_wconf 88' lang='lat' dir='ltr'><strong>construxit,</strong></span> <span class='ocrx_word' id='word_1_817' title='bbox 897 2519 983 2549; x_wconf 88' lang='lat' dir='ltr'><strong>quam</strong></span> <span class='ocrx_word' id='word_1_818' title='bbox 999 2509 1063 2549; x_wconf 81' lang='lat' dir='ltr'><strong>ipsa</strong></span> <span class='ocrx_word' id='word_1_819' title='bbox 1087 2509 1205 2540; x_wconf 88' lang='lat' dir='ltr'><strong>domus.</strong></span> <span class='ocrx_word' id='word_1_820' title='bbox 1235 2507 1389 2548; x_wconf 90' lang='lat' dir='ltr'><strong>Siquidem</strong></span> <span class='ocrx_word' id='word_1_821' title='bbox 1417 2506 1538 2537; x_wconf 87' lang='lat' dir='ltr'><strong>domum</strong></span> <span class='ocrx_word' id='word_1_822' title='bbox 1566 2506 1623 2537; x_wconf 91' lang='lat' dir='ltr'><strong>hoc</strong></span> <span class='ocrx_word' id='word_1_823' title='bbox 1647 2507 1713 2538; x_wconf 92' lang='lat' dir='ltr'><strong>loco</strong></span> <span class='ocrx_word' id='word_1_824' title='bbox 1727 2508 1868 2549; x_wconf 89' lang='lat' dir='ltr'><strong>populum</strong></span> 
     </span>
    </p>
   </div>
   <div class='ocr_carea' id='block_1_109' title="bbox 179 2551 1868 2595">
    <p class='ocr_par' dir='ltr' id='par_1_109' title="bbox 179 2551 1868 2595">
     <span class='ocr_line' id='line_1_109' title="bbox 179 2551 1868 2595; baseline -0.002 -9"><span class='ocrx_word' id='word_1_825' title='bbox 179 2555 318 2595; x_wconf 87' lang='lat' dir='ltr'><strong>appellat,</strong></span> <span class='ocrx_word' id='word_1_826' title='bbox 335 2553 386 2594; x_wconf 86' lang='lat' dir='ltr'><strong>qui</strong></span> <span class='ocrx_word' id='word_1_827' title='bbox 401 2562 469 2583; x_wconf 91' lang='lat' dir='ltr'><strong>cum</strong></span> <span class='ocrx_word' id='word_1_828' title='bbox 486 2552 565 2583; x_wconf 86' lang='lat' dir='ltr'><strong>Mose</strong></span> <span class='ocrx_word' id='word_1_829' title='bbox 581 2556 663 2583; x_wconf 88' lang='lat' dir='ltr'><strong>erat:</strong></span> <span class='ocrx_word' id='word_1_830' title='bbox 681 2552 921 2592; x_wconf 87' lang='lat' dir='ltr'><strong>quandoquidem</strong></span> <span class='ocrx_word' id='word_1_831' title='bbox 937 2558 966 2584; x_wconf 89' lang='lat' dir='ltr'><strong>et</strong></span> <span class='ocrx_word' id='word_1_832' title='bbox 982 2556 1075 2585; x_wconf 78' lang='lat' dir='ltr'><strong>Moses</strong></span> <span class='ocrx_word' id='word_1_833' title='bbox 1091 2562 1169 2584; x_wconf 89' lang='lat' dir='ltr'><strong>unus</strong></span> <span class='ocrx_word' id='word_1_834' title='bbox 1183 2557 1245 2584; x_wconf 86' lang='lat' dir='ltr'><strong>erat</strong></span> <span class='ocrx_word' id='word_1_835' title='bbox 1273 2560 1290 2583; x_wconf 89' lang='lat' dir='ltr'><strong>e</strong></span> <span class='ocrx_word' id='word_1_836' title='bbox 1318 2551 1447 2592; x_wconf 89' lang='lat' dir='ltr'><strong>populo:</strong></span> <span class='ocrx_word' id='word_1_837' title='bbox 1477 2554 1644 2582; x_wconf 85' lang='lat' dir='ltr'><strong>exstructor</strong></span> <span class='ocrx_word' id='word_1_838' title='bbox 1669 2561 1738 2583; x_wconf 82' lang='lat' dir='ltr'><strong>vero</strong></span> <span class='ocrx_word' id='word_1_839' title='bbox 1764 2553 1868 2584; x_wconf 85' lang='lat' dir='ltr'><strong>domus</strong></span> 
     </span>
    </p>
   </div>
   <div class='ocr_carea' id='block_1_110' title="bbox 182 2599 405 2631">
    <p class='ocr_par' dir='ltr' id='par_1_110' title="bbox 182 2599 405 2631">
     <span class='ocr_line' id='line_1_110' title="bbox 182 2599 405 2631; baseline -0.009 0"><span class='ocrx_word' id='word_1_840' title='bbox 182 2603 244 2631; x_wconf 86' lang='lat' dir='ltr'><strong>erat</strong></span> <span class='ocrx_word' id='word_1_841' title='bbox 260 2599 405 2630; x_wconf 88' lang='lat' dir='ltr'><strong>Christus.</strong></span> 
     </span>
    </p>
   </div>
   <div class='ocr_carea' id='block_1_111' title="bbox 220 2639 1005 2681">
    <p class='ocr_par' dir='ltr' id='par_1_111' title="bbox 220 2639 1005 2681">
     <span class='ocr_line' id='line_1_111' title="bbox 220 2639 1005 2681; baseline -0.004 -6"><span class='ocrx_word' id='word_1_842' title='bbox 220 2643 269 2681; x_wconf 88' lang='lat' dir='ltr'><strong>Ili,</strong></span> <span class='ocrx_word' id='word_1_843' title='bbox 279 2644 348 2675; x_wconf 84' lang='lat'><strong>4-6.</strong></span> <span class='ocrx_word' id='word_1_844' title='bbox 361 2643 469 2672; x_wconf 76' lang='lat' dir='ltr'><strong>Omnis</strong></span> <span class='ocrx_word' id='word_1_845' title='bbox 480 2641 561 2672; x_wconf 79' lang='lat' dir='ltr'><strong>enim</strong></span> <span class='ocrx_word' id='word_1_846' title='bbox 576 2639 682 2671; x_wconf 85' lang='lat' dir='ltr'><strong>domus</strong></span> <span class='ocrx_word' id='word_1_847' title='bbox 696 2642 892 2672; x_wconf 74' lang='lat' dir='ltr'><strong>constituitur</strong></span> <span class='ocrx_word' id='word_1_848' title='bbox 899 2641 936 2672; x_wconf 86' lang='lat' dir='ltr'><strong>ab</strong></span> <span class='ocrx_word' id='word_1_849' title='bbox 948 2642 1005 2673; x_wconf 79' lang='lat' dir='ltr'><strong>ali-</strong></span> 
     </span>
    </p>
   </div>
   <div class='ocr_carea' id='block_1_112' title="bbox 180 2685 1009 2729">
    <p class='ocr_par' dir='ltr' id='par_1_112' title="bbox 180 2685 1005 2729">
     <span class='ocr_line' id='line_1_112' title="bbox 180 2685 1005 2729; baseline -0.002 -10"><span class='ocrx_word' id='word_1_850' title='bbox 180 2689 352 2729; x_wconf 81' lang='lat' dir='ltr'><strong>quo.Porro</strong></span> <span class='ocrx_word' id='word_1_851' title='bbox 367 2687 420 2728; x_wconf 79' lang='lat' dir='ltr'><strong>qui</strong></span> <span class='ocrx_word' id='word_1_852' title='bbox 430 2685 565 2717; x_wconf 77' lang='lat' dir='ltr'><strong>condidit</strong></span> <span class='ocrx_word' id='word_1_853' title='bbox 578 2686 692 2725; x_wconf 78' lang='lat' dir='ltr'><strong>omnia,</strong></span> <span class='ocrx_word' id='word_1_854' title='bbox 706 2686 786 2716; x_wconf 80' lang='lat' dir='ltr'><strong>Deus</strong></span> <span class='ocrx_word' id='word_1_855' title='bbox 803 2690 845 2717; x_wconf 78' lang='lat' dir='ltr'><strong>est</strong></span> <span class='ocrx_word' id='word_1_856' title='bbox 861 2686 902 2717; x_wconf 84' lang='lat' dir='ltr'><strong>Et</strong></span> <span class='ocrx_word' id='word_1_857' title='bbox 913 2687 1005 2717; x_wconf 64' lang='lat' dir='ltr'><strong>Moses</strong></span> 
     </span>
    </p>
   </div>
   <div class='ocr_carea' id='block_1_113' title="bbox 1093 2685 1636 2729">
    <p class='ocr_par' dir='ltr' id='par_1_113' title="bbox 1109 2685 1636 2717">
     <span class='ocr_line' id='line_1_113' title="bbox 1109 2685 1636 2717; baseline -0.006 -2"><span class='ocrx_word' id='word_1_858' title='bbox 1109 2687 1141 2715; x_wconf 75' lang='grc' dir='ltr'><strong>τὰ</strong></span> <span class='ocrx_word' id='word_1_859' title='bbox 1189 2687 1274 2715; x_wconf 79' lang='grc' dir='ltr'>πάντα</span> <span class='ocrx_word' id='word_1_860' title='bbox 1313 2685 1510 2716; x_wconf 72' lang='grc' dir='ltr'>κατασκευάσας</span> <span class='ocrx_word' id='word_1_861' title='bbox 1559 2685 1636 2717; x_wconf 84' lang='grc' dir='ltr'>Θεός,</span> 
     </span>
    </p>
   </div>
   <div class='ocr_carea' id='block_1_114' title="bbox 1090 2636 1866 2681">
    <p class='ocr_par' dir='ltr' id='par_1_114' title="bbox 1090 2636 1866 2681">
     <span class='ocr_line' id='line_1_114' title="bbox 1090 2636 1866 2681; baseline -0.004 -10"><span class='ocrx_word' id='word_1_862' title='bbox 1090 2654 1102 2671; x_wconf 76' lang='grc' dir='ltr'><strong>α</strong></span> <span class='ocrx_word' id='word_1_863' title='bbox 1132 2645 1186 2674; x_wconf 86' lang='grc' dir='ltr'>Πᾶς</span> <span class='ocrx_word' id='word_1_864' title='bbox 1214 2642 1263 2681; x_wconf 80' lang='grc' dir='ltr'><strong>γὰρ</strong></span> <span class='ocrx_word' id='word_1_865' title='bbox 1290 2640 1367 2672; x_wconf 75' lang='grc' dir='ltr'>οἶκος</span> <span class='ocrx_word' id='word_1_866' title='bbox 1394 2641 1614 2676; x_wconf 78' lang='grc' dir='ltr'>κατασκευάζεται</span> <span class='ocrx_word' id='word_1_867' title='bbox 1651 2642 1702 2669; x_wconf 76' lang='grc' dir='ltr'><strong>ὑπό</strong></span> <span class='ocrx_word' id='word_1_868' title='bbox 1730 2652 1813 2673; x_wconf 84' lang='grc' dir='ltr'>τινος,</span> <span class='ocrx_word' id='word_1_869' title='bbox 1840 2636 1866 2668; x_wconf 71' lang='grc'><strong>’0</strong></span> 
     </span>
    </p>
   </div>
   <div class='ocr_carea' id='block_1_115' title="bbox 1685 2686 1865 2718">
    <p class='ocr_par' dir='ltr' id='par_1_115' title="bbox 1685 2686 1865 2718">
     <span class='ocr_line' id='line_1_115' title="bbox 1685 2686 1865 2718; baseline -0.006 -4"><span class='ocrx_word' id='word_1_870' title='bbox 1685 2686 1734 2714; x_wconf 79' lang='grc' dir='ltr'><strong>Καὶ</strong></span> <span class='ocrx_word' id='word_1_871' title='bbox 1771 2687 1865 2718; x_wconf 79' lang='grc' dir='ltr'>Μωσῆς</span> 
     </span>
    </p>
   </div>
   <div class='ocr_carea' id='block_1_116' title="bbox 218 2771 508 2807">
    <p class='ocr_par' dir='ltr' id='par_1_116' title="bbox 218 2771 508 2807">
     <span class='ocr_line' id='line_1_116' title="bbox 218 2771 508 2807; baseline -0.017 -2"><span class='ocrx_word' id='word_1_872' title='bbox 218 2773 250 2799; x_wconf 79' lang='grc'><strong>²0</strong></span> <span class='ocrx_word' id='word_1_873' title='bbox 264 2772 360 2805; x_wconf 82' lang='lat' dir='ltr'><strong>Exod.</strong></span> <span class='ocrx_word' id='word_1_874' title='bbox 378 2781 461 2807; x_wconf 81' lang='lat' dir='ltr'><strong>xxul,</strong></span> <span class='ocrx_word' id='word_1_875' title='bbox 481 2771 508 2801; x_wconf 83' lang='grc'><strong>7.</strong></span> 
     </span>
    </p>
   </div>
  </div>
