1936 3080
79 99 134 138 305

616 110 812 142 COMMENT.
835 109 877 140 IN
899 108 1019 142 EPIST.
1041 113 1093 143 AD
1113 113 1227 144 HEBR.

1701 108 1761 140 306

75 173 123 209 μὲν
151 173 245 205 πιστὸς
294 173 322 202 ἐν
363 173 419 211 ὅλῳ
432 177 472 210 τῷ
486 174 555 212 οἴκῳ
584 175 663 204 αὺτοῦ
711 176 746 207 ὡς
780 176 888 215 θεράπωε

960 175 1061 207 uidem
1074 177 1172 217 ﬁdelis
1185 177 1294 217 fuitin
1309 181 1371 209 tota
1386 178 1470 209 domo
1484 177 1568 209 illius
1588 177 1682 208 veluti
1696 177 1758 207 mi-

74 217 111 249 εἰς
157 217 298 256 μαρτύριον
327 221 379 246 τῶν
419 217 655 257 λαληθησομένων.
706 221 816 259 Χριστὸς
854 219 893 260 δὲ,

72 263 111 294 ὡς
144 263 216 298 Υἱὸς,
244 262 288 290 ἐπὶ
317 263 361 290 τὸν
397 263 475 292 οἶκον
505 266 595 300 αὺτοῦ,
642 265 672 292 οὗ
710 264 787 297 οἶκός
815 264 894 302 ἐσμεν

71 307 166 343 ἡμεῖς,
197 307 242 334 ὲάν
268 307 319 346 πὲρ
360 308 410 341 τὴν
445 307 590 347 παῤῥησίαν
636 309 679 336 καὶ
707 309 737 336 τὸ
766 309 895 348 καύχημα

71 354 121 384 τῆς
171 350 276 383 ἐλπίδος
329 351 409 391 μέχρι
461 351 552 384 τέλους
599 351 704 390 βεϐαίαν
745 354 893 394 κατάσχω-

72 407 133 433 μεν.
152 408 166 423 ι

111 440 223 474 Ἐπειδὴ
239 441 316 469 οἷκον
330 442 376 469 τὸν
403 441 466 469 λαὸν
497 442 540 469 καὶ
567 442 613 470 τὸν
643 443 740 476 Μωσῆν
770 441 893 470 ἐκάλεσεν

70 485 189 523 ἐνέμεινε
203 488 238 522 τῇ
262 489 360 524 τροπῇ,
395 487 439 514 χαί
467 497 531 526 φησι
549 493 556 502 ·
597 487 788 526 Δημιούργημα
823 488 893 515 οὗτοί

70 530 120 557 εἶσι
134 530 179 558 καὶ
194 528 292 560 δοῦλοι,
309 531 345 558 0-3
364 530 414 569 γὰρ
435 529 472 558 ἔνι
489 531 577 567 οἶκος,
594 532 616 558 εἰ
630 532 668 567 μή
690 542 715 558 τι
730 532 891 560 κατεσκευά-

69 575 132 607 σθη.
149 575 359 603 Κατεσκεύασται
373 573 448 603 δὲτὰ
472 575 569 612 πάντα,
586 574 643 612 μεθ’
670 576 706 603 ὧν
737 575 782 603 καί
805 576 818 603 ὁ
844 576 891 604 οἶ-

68 629 116 650 κος
130 613 183 646 iri-rb
198 623 244 648 τοῦ
280 622 401 658 Χριστοῦ.
432 613 523 652 1Ὀιι-ην
557 619 601 647 οὖν
623 620 704 655 εἰκὸς,
734 620 809 660 φησὶ,
832 619 891 648 δια-

66 663 150 702 φορὰν
188 662 262 702 ἔχειν
298 663 412 697 ποιητὴν
439 664 601 701 ποιήματος,
636 665 766 697 τοσαύτην
794 664 852 704 ἔχει
879 666 892 692 ὁ

69 708 186 743 Χριστὸς
215 708 281 746 πρὸς
304 710 413 740 Μωσῆν.
443 719 456 734 ι
476 709 523 736 Καὶ
552 711 650 740 Μωσῆς
678 709 726 746 μὲν
759 710 851 741 πιστὸς
865 711 891 736 ἓν

66 750 124 787 ὅλῳ
145 753 186 788 τῷ
206 751 277 788 οἴκῳ
293 752 380 781 αὐτοῦ.
399 763 412 778 ι
437 752 505 780 Εἶτα
534 754 577 780 καὶ
593 751 676 786 ἄλλην
705 752 776 792 λέγει
804 752 893 793 διαφο-

935 220 1043 257 nister,
1060 221 1093 252 in
1109 223 1281 253 testimonio
1295 231 1401 253 eorum
1424 231 1490 262 qua
1513 221 1641 253 dicenda
1657 224 1755 252 erant.

935 263 976 294 At
986 264 1124 296 Christus
1132 269 1277 306 tanquam
1285 266 1384 297 Filius
1395 267 1621 297 administravit
1634 265 1758 296 domum

935 307 1043 347 ipsius,
1068 311 1157 346 cuius
1184 311 1290 342 domus
1313 319 1417 341 sumus
1433 319 1499 347 nos,
1515 311 1543 341 si
1558 309 1702 349 loquendi
1717 309 1756 340 li-

935 352 1077 384 bertatem
1092 358 1121 386 et
1134 354 1351 394 gloriationem
1362 357 1437 395 spei,
1446 355 1485 386 ad
1495 355 1585 394 ﬁnem
1594 362 1689 393 usque
1698 354 1756 393 Ῑῖν·

935 405 1015 428 mam
1034 400 1236 430 tenuerimus.

975 442 1119 479 Quoniam
1135 444 1257 475 domum
1284 448 1441 476 vocaverat
1464 444 1606 486 populum
1620 448 1649 475 et
1663 444 1752 475 etiam

935 489 1047 525 Mosen,
1064 490 1226 528 permansit
1246 489 1276 520 in
1293 494 1387 530 tropo,
1405 493 1434 520 et
1449 489 1490 520 ait
1505 498 1512 520 :
1531 489 1672 520 Creatura
1686 492 1755 519 sunt

934 532 965 562 hi
980 536 1066 572 atque
1081 533 1169 563 servi.
1187 533 1250 564 Non
1275 534 1355 564 enim
1380 533 1526 573 contingit
1550 542 1616 565 esse
1631 533 1752 564 domum

934 576 990 606 nisi
1019 577 1130 617 aliquid
1161 582 1326 608 exstruatur
1351 587 1357 609 :
1385 582 1532 609 exstructa
1560 581 1627 608 sunt
1655 581 1753 607 autem

934 620 1058 651 omniaa
1073 621 1200 659 Christo,
1219 622 1295 652 inter
1311 632 1376 662 quae
1390 623 1478 653 etiam
1495 626 1539 652 est
1555 622 1619 662 ipsa
1634 621 1751 652 domus.

933 664 1076 700 Quantam
1093 675 1162 704 ergo
1177 676 1293 706 (equum
1303 671 1346 697 est
1357 671 1386 697 ut
1401 666 1507 697 habeat
1522 666 1753 706 praecellentiam

933 709 959 739 is
973 709 1022 750 qui
1039 709 1172 740 condidit
1187 720 1276 751 supra
1296 720 1371 751 opus
1386 711 1463 750 quod
1479 710 1623 746 condidit,
1643 714 1752 741 tantam

934 753 1022 784 habet
1045 753 1178 785 Christus
1193 765 1282 795 supra
1298 758 1410 787 Mosen.
1429 768 1442 783 α
1459 755 1495 786 Et
1520 758 1615 786 Moses
1631 755 1752 795 quidem

67 797 115 834 ραν
131 799 247 834 Χριστοῦ
260 797 303 824 καὶ
329 795 456 833 Μωσέως,
485 795 525 824 ὅτι
553 797 567 824 ὁ
602 797 649 834 μὲν
671 797 707 829 ὡς
743 796 832 828 δοῦλος
861 797 888 830 ἧι

960 796 1030 828 delis
1052 798 1106 828 fuit
1129 798 1158 829 in
1181 803 1240 829 tota
1261 799 1349 829 domo
1379 799 1468 831 illius.
1497 812 1510 827 »
1533 799 1647 830 Deinde
1663 799 1751 829 aliam

66 841 177 880 πιστὸς,
193 841 207 868 ὁ
221 839 249 868 δὲ
269 841 306 872 ὡς
322 841 380 872 rio:
415 841 524 878 γνήσιος
542 841 584 869 καὶ
612 842 764 878 ὸμοούσιος,
783 840 891 874 Ἐπειδὴ

67 886 117 923 γὰρ
140 884 197 912 ἄνω
222 885 317 912 πιστὸν
338 883 446 912 ἑκάλετε
467 885 512 912 τὸν
540 885 660 924 Χριστὸν,
690 887 782 914 πιστὸν
798 885 825 913 δὲ
848 886 891 914 καὶ

65 930 110 957 τὸν
125 931 240 967 Μωσῆν,
263 928 311 962 τὴν
326 927 449 967 διαφορὰν
462 940 508 956 του
529 933 622 957 πιστοῦ
651 929 796 968 ἐξηγεῖται.
817 942 830 957 ε
847 931 890 961 Εἷς

65 974 211 1012 μαρτύριον
235 976 288 1001 τῶν
313 971 547 1010 λαληθησομένων.
568 984 579 1001 υ
611 974 654 1005 Εἰς
683 975 714 1002 τὸ
735 974 804 1002 εἶναι
820 975 889 1014 μάρ-

64 1029 131 1057 τυρα
167 1020 220 1044 τῶν
251 1016 420 1054 λαλουμένων
447 1017 516 1056 παρὰ
549 1021 614 1045 Θεοῦ
648 1024 706 1049 τοῖς
743 1017 887 1055 Ἰουδαίοις,

64 1062 111 1090 ἳνα
127 1062 169 1099 μὴ
184 1061 211 1089 ὲν
227 1064 310 1101 καιρῷ
324 1062 433 1100 κρίσεως
462 1061 637 1100 ἀρτήσωνται.
670 1057 752 1094 ’Ἐθος
787 1063 836 1102 γὰρ
850 1066 890 1099 τῷ

66 1110 126 1143 Θεῷ
141 1107 186 1134 καὶ
207 1106 315 1145 οὐρανὸν
343 1107 386 1133 καὶ
415 1107 466 1146 γῆν
500 1106 544 1134 καὶ
577 1106 714 1146 φάραγγας
749 1106 888 1146 προσλαμ-

63 1151 155 1179 ϐάνειν
172 1151 209 1182 εἷς
224 1151 377 1189 μαρτυρίαν.
397 1162 409 1177 α
435 1145 537 1179 ’Ἄκουε
547 1150 608 1190 γὰρ,
624 1152 714 1191 φησὶν,
731 1152 832 1191 οὖρανὲ,
845 1152 889 1179 καὶ

62 1197 201 1235 iuuari-:00,
211 1196 229 1229 ἡ
239 1196 288 1234 γῆ.
301 1204 315 1223 )
331 1195 378 1223 Καὶ
393 1193 472 1222 πάλιν
489 1202 495 1209 ·
516 1207 529 1222 α
548 1193 700 1232 Ἀκούσατε,
715 1196 856 1236 φάραγγες,
873 1207 885 1225 ι

62 1257 105 1262 --
114 1251 126 1268 ι
141 1240 253 1278 Χριστὸς
266 1238 293 1266 δὲ
309 1239 345 1270 ὡς
362 1239 433 1270 Υἱός.
450 1250 462 1268 ι
482 1239 555 1268 Εῐκαὶ
565 1239 614 1279 γὰρ
623 1241 727 1279 πιστὸς,
737 1241 813 1280 φησὶ,
826 1238 888 1279 παρ’

62 1285 132 1322 ἐμοῦ
153 1285 318 1321 ὠνόμασται,
335 1282 394 1311 ἀλλ’
423 1284 459 1316 ὡς
482 1284 541 1316 Υἱὸς
563 1284 671 1322 γνήσιός
705 1286 760 1312 ἔστι
782 1285 886 1321 πιστὸς,

61 1330 94 1357 τὸ
111 1331 239 1367 Πατρῷον
254 1327 417 1366 ἀποπληρῶν
436 1327 553 1365 θέλημα,
569 1327 671 1365 μᾶλλον
698 1327 725 1356 δὲ
753 1329 784 1356 τὸ
799 1329 887 1357 κοινὸν

61 1377 115 1406 τῆς
146 1373 222 1412 ἁγίας
258 1371 376 1411 Τριάδος.
410 1381 425 1400 «
461 1373 498 1400 Οὗ
537 1372 612 1404 οἶκός
655 1371 734 1410 ἐσμεν
760 1374 852 1410 ἡμεῖς.
871 1385 884 1400 ι

61 1419 102 1446 O3
138 1420 250 1457 Χριστοῦ
280 1417 357 1448 οἶκός
406 1416 484 1454 ἐσμεν
536 1418 560 1445 οἱ
601 1418 700 1454 πιστοὶ,
744 1418 810 1445 κατὰ
845 1429 886 1456 το,

932 851 1051 882 quoque
1059 843 1141 882 ponit
1150 843 1346 874 differentiam
1358 844 1544 876 interMosen
1553 844 1751 880 etChristum,

931 887 1009 926 quod
1024 887 1076 918 ille
1090 887 1209 928 quidem
1228 893 1366 929 tanquam
1385 898 1486 919 serVus
1503 892 1566 919 erat
1582 888 1688 924 ﬁdelis,
1706 888 1753 918 hic

930 939 999 960 vero
1016 935 1152 972 tanquam
1169 932 1259 963 Filius
1272 933 1413 963 naturalis
1429 933 1598 972 etejusdem
1612 932 1752 963 substan—

930 974 988 1006 tite.
1021 974 1164 1011 Quoniam
1205 978 1284 1007 enim
1322 977 1459 1017 superius
1494 977 1613 1007 ﬁdelem
1642 977 1753 1007 vocavit

929 1017 1087 1055 Christum,
1106 1020 1222 1051 ﬁdelem
1238 1027 1338 1052 autem
1364 1025 1392 1051 et
1419 1020 1529 1055 Mosen,
1547 1025 1646 1051 narrat
1664 1020 1753 1051 diﬁ‘e-

928 1063 1054 1093 rentiam
1071 1065 1099 1094 in
1115 1065 1268 1096 ﬁdelitate.
1286 1077 1297 1093 ι
1311 1065 1342 1096 In
1359 1065 1561 1096 testimonium
1570 1074 1673 1095 eorum
1687 1074 1752 1105 qua:

930 1107 1057 1138 dicenda
1071 1112 1186 1138 erant.)
1206 1109 1242 1140 Ut
1257 1109 1340 1140 testis
1356 1114 1433 1140 esset
1449 1119 1552 1140 eorum
1565 1118 1630 1149 quae
1640 1108 1754 1140 Judxeis

929 1151 1244 1189 dicerenturaDeo,ne
1260 1154 1363 1193 iudicii
1375 1160 1508 1193 tempore
1523 1154 1553 1184 id
1570 1154 1678 1184 factum
1688 1163 1753 1184 esse

930 1196 1152 1235 negarent.Deo
1165 1197 1243 1228 enim
1269 1198 1361 1228 moris
1377 1202 1421 1229 est
1432 1202 1460 1228 et
1474 1198 1580 1229 cmlum
1598 1202 1627 1228 et
1643 1201 1751 1228 terram

931 1250 964 1271 ac
972 1241 1062 1272 valles
1073 1241 1102 1271 in
1118 1241 1318 1273 testimonium
1339 1251 1500 1273 assumere.
1514 1241 1625 1279 «Audi,
1641 1241 1750 1282 inquit,

930 1285 1053 1325 caelum,
1069 1289 1099 1316 et
1113 1286 1235 1317 auribus
1253 1287 1384 1327 percipe.
1401 1291 1481 1317 terra
1494 1286 1551 1316 εί.»
1569 1286 1605 1317 Et
1619 1295 1750 1317 rursum:

933 1329 1071 1366 «Audite,
1084 1331 1184 1361 valles.
1194 1339 1243 1361 l—
1258 1331 1312 1361 «At
1328 1330 1462 1362 Christus
1478 1335 1615 1371 tanquam
1627 1329 1751 1361 Filius.»

929 1373 1002 1404 Nam
1019 1374 1087 1405 licet
1103 1384 1118 1405 a
1136 1384 1193 1411 me,
1207 1375 1313 1416 inquit,
1336 1376 1504 1406 nominatus
1519 1375 1556 1405 sit
1570 1374 1680 1415 ﬁdelis,
1697 1375 1748 1406 sed

931 1422 1065 1458 tanquam
1083 1418 1176 1449 Filius
1191 1420 1335 1451 naturalis
1351 1424 1394 1450 est
1405 1419 1512 1458 ﬁdelis,
1528 1421 1686 1451 Paternam
1699 1429 1751 1450 ex-

65 1474 76 1490 ε
100 1461 252 1496 Ἐνοικήσω
266 1461 293 1489 ἐν
314 1462 416 1493 αὑτοῖς.
438 1472 449 1489 ι
470 1478 506 1483 -
521 1472 532 1488 ι
550 1461 614 1490 Ἐὰν
639 1472 687 1501 περ
708 1461 756 1495 τὴν
782 1461 886 1501 παῤῥη-

961 1471 1013 1492 ens
1026 1463 1217 1500 voluntatem,
1237 1464 1329 1503 magis
1351 1469 1450 1495 autem
1475 1473 1540 1495 eam
1562 1473 1628 1504 quae
1642 1468 1752 1495 sancta

61 1507 136 1538 σίαν,
157 1517 169 1535 ι
186 1506 317 1543 Ἐσόμεθα
331 1506 409 1535 αὗτοῦ
423 1506 510 1541 οἶκος,
547 1505 591 1533 ἐὰν
608 1507 647 1544 μὴ
665 1505 887 1544 ἔγκαλυπτώμεθα

60 1551 108 1579 ἐπὶ
123 1554 158 1589 τῇ
174 1551 210 1582 εἷς
226 1551 303 1578 αὺτὸν
317 1550 415 1587 πίστει,
443 1549 512 1578 ἀλλὰ
551 1551 618 1588 μετὰ
646 1550 790 1589 παῤῥησίας
819 1562 886 1579 καυ-

60 1596 191 1635 χώμεθα,
229 1595 273 1622 καὶ
301 1594 334 1622 τὰ
355 1595 461 1634 χρηστὰ
491 1594 620 1632 λήψεσθαι
647 1593 709 1634 παρ’
748 1595 826 1624 αὑτοῦ
849 1597 886 1627 ὡς

60 1645 132 1669 aeuo
146 1639 305 1678 ἐλπίζωμεν,
321 1639 359 1676 μὴ
384 1638 554 1677 σαλευόμενοι
583 1638 650 1676 μηδὲ
674 1638 837 1675 διστάζοντες
860 1640 885 1668 ἓν

58 1695 128 1714 τινι,

929 1505 1064 1536 Trinitati
1074 1509 1241 1538 communis
1252 1512 1304 1538 est.
1313 1508 1421 1547 «Cujus
1432 1508 1539 1538 domus
1553 1517 1654 1538 sumus
1667 1517 1752 1539 uos.»

928 1550 1018 1590 Cujus
1041 1549 1150 1582 Christi
1172 1552 1279 1582 domus
1305 1561 1409 1582 sumus
1435 1552 1550 1589 ﬁdeles,
1573 1551 1647 1582 556
1668 1553 1751 1592 juxta

927 1594 1019 1625 illud:
1037 1606 1048 1622 ι
1063 1594 1240 1626 lnhabitabo
1259 1596 1288 1626 in
1315 1596 1374 1626 illis
1384 1596 1422 1626 99.
1439 1608 1450 1625 ι
1471 1613 1508 1619 ——
1523 1608 1536 1624 α
1554 1596 1585 1627 Si
1608 1596 1749 1636 loquendi

927 1638 1072 1670 libertate.
1090 1652 1103 1667 ι
1117 1639 1235 1670 Erimus
1249 1640 1354 1671 domus
1370 1640 1463 1681 ipsius
1479 1640 1504 1670 si
1520 1650 1578 1671 non
1595 1641 1753 1671 erubueri-

926 1692 992 1714 mus
1007 1683 1045 1714 ob
1062 1684 1151 1714 ﬁdem
1167 1695 1232 1725 qua;
1252 1685 1349 1725 ipsum
1375 1689 1430 1723 est,
1461 1685 1515 1716 sed
1542 1694 1609 1716 cum
1633 1685 1752 1720 dicendi

60 1728 205 1758 libertate
218 1726 400 1765 gloriemur:
418 1729 447 1757 et
461 1735 527 1766 que
555 1726 629 1757 utila
657 1729 726 1757 sunt
749 1726 786 1758 ab
815 1727 880 1768 ipso
905 1731 1043 1769 tanquam
1074 1738 1091 1759 a
1119 1729 1179 1760 Deo
1208 1739 1262 1760 nos
1290 1734 1466 1770 accepturos
1494 1739 1661 1770 speremus,
1694 1739 1754 1760 non

63 1771 252 1807 vacillantes,
270 1780 325 1803 nec
340 1771 370 1801 in
385 1770 484 1811 aliquo
498 1769 678 1803 dubitantes.

111 1828 125 1844 ι
145 1818 191 1844 Διὸ
206 1817 292 1848 καθὼς
313 1815 383 1855 λέγει
398 1817 428 1843 τὸ
455 1819 560 1853 Πνεῦμα
586 1817 617 1844 τὸ
644 1817 731 1856 ἅγιον,
765 1818 886 1856 Σήμερον

64 1862 112 1889 ἐὰν
140 1863 190 1894 τῆς
219 1863 308 1900 φωνῆς
345 1862 423 1890 αὐτοῦ
464 1860 606 1896 ἀκούσητε,
644 1862 682 1897 μή
723 1861 886 1900 σκληρύνητε

63 1907 114 1937 τὰς
143 1904 249 1943 καρδίας
276 1905 360 1942 ὑμῶν.
387 1905 423 1936 ὡς
451 1904 477 1932 ἐν
513 1907 551 1941 τῷ
589 1909 801 1945 παραπικρασμῷ
834 1917 886 1934 χα-

63 1952 100 1979 τὰ
132 1951 183 1984 τὴν
217 1951 318 1990 ἡμέραν
346 1954 392 1978 τοῦ
418 1954 565 1988 πειρασμοῦ
590 1949 617 1978 ἰν
651 1953 686 1988 τῇ
720 1951 821 1990 ἐρήμῳ,
857 1951 887 1979 οὗ

63 1995 208 2034 ἒπειρασὰν
238 2005 270 2031 με
298 1996 322 2022 οἱ
368 1994 478 2034 πατέρες
520 1993 605 2031 ὑμῶν,
644 1993 818 2032 Ἐὂοκίμασάν
854 2006 886 2033 με

63 2040 111 2067 καὶ
153 2037 227 2067 εἶδον
250 2039 283 2067 τὰ
310 2037 374 2078 ἔργα
413 2039 478 2076 ἶμου
511 2039 703 2078 τεσσαράκοντα
732 2039 789 2072 ἔτη.
842 2041 887 2067 Διὸ

65 2083 242 2123 προσώχθισα
318 2086 395 2122 γενεᾷ
424 2083 524 2120 εκείνη,
554 2083 596 2111 καὶ
623 2089 712 2120 ετπον,
734 2083 789 2111 Ἀεὶ
814 2083 886 2112 πλα-

65 2131 164 2156 νῶνται
178 2127 328 2166 τῇκαρδίᾳ.
359 2127 435 2156 Αὐτοὶ
462 2127 489 2154 δὲ
525 2127 571 2155 οὐκ
600 2126 716 2166 ἔγνωσαν
744 2128 791 2160 τὰς
813 2126 887 2160 ὁδοὺς

65 2183 131 2212 μω,
154 2172 191 2203 ὡς
213 2171 306 2209 ὤμοσα
320 2171 347 2200 ἐν
361 2175 394 2210 τῇ
420 2172 486 2211 ὀργῇ
513 2183 563 2209 μου
591 2172 612 2199 εἱ
640 2171 829 2200 εἰσελεύσονται
851 2173 887 2205 εἷς

65 2217 117 2250 τὴν
131 2216 294 2244 κατάπαυσίν
308 2227 369 2253 μω,
396 2227 408 2243 n

108 2261 199 2290 Εἰπὼν
213 2259 254 2288 ὅτι
275 2261 331 2300 χρὴ
351 2260 385 2289 τὰ
409 2260 515 2300 χρηστὰ
549 2259 661 2296 ἐλπίζειν
675 2261 745 2300 παρᾶ
759 2261 805 2289 τοῦ
820 2264 886 2301 Χρι-

66 2309 132 2334 στοῦ
148 2309 191 2334 νῦν
205 2315 284 2344 φησιν
301 2304 341 2332 ὅτι
367 2304 396 2332 οὗ
423 2304 463 2332 δεῖ
491 2305 555 2343 πρὸς
584 2304 632 2338 τὴν
661 2305 747 2333 πίστιν
773 2306 817 2333 χαὶ
838 2306 888 2339 τὴν

66 2348 162 2378 ἐλπίδα
175 2349 273 2381 ταύτην
291 2348 487 2387 ἆποσκληρῦναι
515 2349 564 2382 τὴν
585 2347 690 2388 καρδίαν
724 2350 812 2388 ἡμῶν,
842 2349 888 2379 ’ἕνα

67 2395 107 2432 μὴ
131 2393 257 2430 πάθωμεν
281 2392 347 2432 ὅπερ
382 2394 406 2422 οἱ
433 2393 460 2421 ἐν
494 2396 528 2431 τῇ
563 2393 655 2432 ἐρήμῳ
695 2393 887 2428 ἀπιστήσαντες

67 2438 225 2466 πεπόνθασι.
243 2437 278 2465 Τὸ
288 2436 316 2464 δὲ
351 2437 476 2476 σήμερον,
507 2438 536 2465 τὸ
561 2437 601 2465 ἀεὶ
628 2436 720 2474 δηλοῖ,
749 2439 811 2466 ὡσεὶ
825 2438 887 2466 ἕλε-

68 2493 114 2521 γεν
139 2490 146 2496 ·
165 2476 234 2510 “’οτε
266 2480 297 2516 δή
333 2492 397 2509 ποτε
415 2482 458 2510 καὶ
485 2481 534 2513 ἕως
562 2481 615 2510 ἔστί
642 2482 672 2510 τὸ
706 2483 821 2522 σήμερον
843 2483 888 2511 ἐὰν

70 2526 200 2559 ἀκούσητε
229 2526 279 2558 τὴν
306 2526 396 2565 φωνὴν
430 2529 476 2553 τοῦ
524 2524 664 2557 καλοῦντος
695 2529 816 2566 Χριστοῦ,
847 2527 886 2564 μὴ

70 2570 179 2610 σκληροὶ
201 2570 245 2597 καὶ
273 2568 388 2604 δυσήνιω
403 2569 513 2608 γένησθε
529 2570 575 2601 τὰς
609 2569 713 2609 καρδίας
742 2571 778 2602 εἰς
806 2572 836 2598 τὸ
851 2573 889 2609 μὴ

70 2615 180 2644 ἀκοῦσαι
195 2614 285 2645 αὑτοῦ.
318 2625 330 2642 ι
347 2614 390 2647 Μὴ
416 2613 589 2653 σκληρύνητε.
609 2625 623 2642 ι
660 2615 696 2643 Τὸ
711 2615 759 2654 γὰρ
775 2614 890 2655 σκληρὸν

71 2661 113 2688 καὶ
148 2658 283 2687 δύσεικτον
311 2659 355 2686 καὶ
383 2658 515 2695 ἀκαμπὲς,
546 2658 610 2697 πρὸς
638 2659 683 2686 τὸν
704 2657 889 2699 διαλεγόμενίν

968 1816 1018 1855 ΙΙΙ,
1043 1818 1132 1850 7-11.
1165 1819 1363 1860 Quapropter
1397 1821 1475 1851 sicut
1508 1820 1582 1851 dicit
1619 1819 1754 1859 Spiritus

926 1865 1069 1893 sanctus:
1085 1863 1183 1893 Hodie
1194 1864 1221 1893 si
1229 1872 1329 1894 vocem
1338 1865 1401 1904 ejus
1415 1865 1587 1903 audieritis,
1603 1872 1641 1894 ne
1654 1863 1750 1894 obdu-

927 1908 1002 1935 retis
1029 1906 1121 1936 corda
1145 1910 1253 1944 vestra,
1279 1909 1357 1938 sicut
1387 1908 1623 1939 exacerbatione
1648 1907 1750 1938 indie

929 1950 1105 1980 tentationis
1122 1951 1153 1981 in
1166 1951 1357 1989 deserto,ubi
1372 1955 1565 1983 tentaoerunt
1580 1960 1627 1982 me
1642 1951 1751 1982 Patres

927 1993 1032 2033 vestri,
1053 1994 1262 2033 probaverunt
1287 2005 1335 2026 me
1360 2000 1388 2026 et
1412 1996 1553 2027 viderant
1577 2004 1670 2035 opera
1685 2004 1752 2027 mea

929 2037 1133 2077 quadraginta
1148 2041 1248 2070 annis.
1268 2041 1461 2080 Quapropter
1475 2041 1611 2080 infensus
1634 2041 1684 2079 fui
1697 2048 1752 2080 ge-

928 2083 1081 2113 nerationi
1097 2083 1157 2121 illi,
1174 2087 1203 2115 et
1217 2084 1285 2116 disi
1300 2095 1307 2116 :
1324 2084 1450 2124 Semper
1465 2085 1498 2116 hi
1517 2088 1623 2116 errant
1639 2085 1728 2116 corde
1738 2097 1751 2121 ,-

929 2126 988 2166 ἐρεῖ
1002 2135 1072 2158 vero
1088 2136 1147 2158 non
1159 2133 1363 2168 cognoverunt
1380 2132 1444 2160 vias
1459 2138 1551 2167 meas,
1564 2132 1598 2160 ut
1611 2130 1751 2168 iurarem

930 2171 962 2201 in
978 2171 1026 2201 ira
1042 2180 1110 2202 mea
1123 2173 1151 2203 si
1167 2173 1337 2205 introibant
1353 2175 1385 2204 in
1400 2174 1533 2214 requiem
1548 2182 1657 2204 meam.

968 2261 1023 2293 Ubi
1037 2261 1110 2292 dixit
1122 2263 1200 2302 quod
1218 2267 1352 2303 oporteat
1362 2264 1445 2295 utilia
1461 2273 1605 2304 sperarea
1618 2265 1746 2303 Christo,

929 2315 1007 2336 nunc
1021 2306 1061 2337 ait
1078 2307 1156 2347 quod
1172 2307 1207 2337 ad
1225 2307 1314 2339 ﬁdem
1326 2313 1355 2340 et
1373 2318 1457 2349 spem
1482 2309 1568 2339 istam
1584 2319 1642 2340 non
1659 2319 1751 2350 opor-

929 2354 988 2380 teat
1002 2350 1148 2382 abdurare
1157 2353 1246 2382 corda
1258 2357 1366 2390 nostra,
1373 2362 1409 2384 ne
1418 2353 1679 2393 contingantnobis
1686 2364 1753 2394 qua

931 2394 1117 2434 contigerunt
1140 2396 1186 2426 his
1202 2396 1251 2436 qui
1267 2397 1297 2427 in
1322 2397 1438 2428 deserto
1455 2397 1573 2428 fuerunt
1589 2397 1749 2430 increduli.

929 2439 1024 2470 Hodie
1048 2443 1159 2478 autem,
1183 2440 1330 2480 signiﬁcat
1353 2450 1478 2482 semper,
1505 2451 1538 2472 ac
1562 2442 1587 2473 si
1613 2442 1751 2475 diceret:

929 2482 1171 2528 Quandocunque
1187 2489 1215 2515 et
1231 2485 1308 2526 quod
1325 2486 1489 2526 appellatur
1507 2486 1571 2517 dies
1582 2487 1756 2528 hodiernus,

931 2526 957 2556 si
972 2527 1124 2559 audieritis
1146 2538 1248 2560 vocem
1275 2529 1422 2570 loquentis
1444 2530 1565 2569 Christi,
1588 2541 1626 2562 ne
1641 2531 1707 2562 duri
1724 2526 1754 2563 et

932 2572 1059 2603 eﬁ'renes
1083 2573 1252 2604 etﬁciamini
1276 2574 1416 2605 cordibus
1438 2575 1473 2606 ad
1495 2585 1555 2606 non
1570 2576 1751 2607 audiendum

932 2616 1038 2656 ipsum.
1060 2628 1071 2646 «
1085 2617 1128 2648 Ne
1143 2617 1306 2649 obduretis.
1323 2631 1336 2646 ι
1351 2618 1463 2650 Durum
1479 2620 1558 2651 enim
1572 2624 1616 2651 est
1632 2620 1662 2651 id
1673 2620 1752 2660 quod

931 2669 1007 2700 aegre
1023 2661 1218 2702 obtemperat,
1236 2665 1265 2693 et
1277 2663 1357 2695 ﬂecti
1378 2673 1437 2695 non
1454 2668 1550 2704 potest
1565 2665 1601 2695 ad
1617 2673 1684 2696 cum
1700 2664 1751 2704 qui

109 2738 134 2764 21
151 2737 237 2770 Deut.
255 2745 347 2774 xuii,
367 2739 394 2768 1.
411 2736 440 2762 9-9
454 2737 546 2768 Lavit.
562 2746 642 2776 xxvi,
663 2738 698 2770 12
713 2750 721 2778 ;
739 2737 764 2771 lI
776 2738 844 2771 Cor.
858 2748 898 2780 v1,
918 2741 965 2771 t6.
