1936 3080
206 142 263 175 307

763 143 967 175 OEGUMENKI
989 143 1136 174 TRICGIE
1157 142 1326 176 EPISCOPI

1829 142 1894 176 308

204 209 456 241 disserit.aCorda
471 213 594 240 vestra.»
612 209 730 240 Etenim
745 208 898 246 Israelita,
914 209 968 249 inq‘

1129 221 1145 240 ι.
1176 221 1188 238 (ι
1205 211 1256 242 Τὰς
1285 209 1390 250 καρδίας
1414 212 1501 248 ὑμῶν.
1526 222 1540 238 ι
1573 211 1621 240 Καὶ
1642 211 1691 250 γὰρ
1726 213 1749 239 οἱ
1779 210 1893 251 Ἰσραη-

204 254 278 285 duro
294 253 383 285 corde
397 254 478 292 facti,
499 253 750 285 exacerbaverunt
766 259 794 284 et
809 253 845 284 ad
861 254 934 283 iram
951 263 1021 293 pro-

204 302 382 329 vocaverunt
403 298 496 329 Deum
525 298 575 338 qui
599 297 672 337 ipsis
692 297 876 338 loquebatur.
897 310 909 324 α
926 297 960 328 In
975 297 1022 328 die

204 342 386 373 tentationis.
407 355 418 372 ιι
434 342 470 373 Ει
484 342 579 382 qualis
603 342 659 372 fuit
683 343 746 373 haec
759 342 942 372 exacerbatio
959 351 1023 382 quae

204 387 235 417 in
249 387 299 417 die
310 387 387 417 facta
400 386 459 417 est?
470 386 586 426 quando
602 387 748 418 increduli
764 387 831 417 facti
847 387 919 422 Deo,
932 390 1023 417 tenta-

204 431 276 462 bant
286 441 366 463 eum.
383 444 396 459 α
414 430 489 462 Num
506 430 624 471 poterit,
640 431 786 471 inquiunt,
804 435 832 461 et
847 439 952 471 panem
969 431 1024 461 da-

203 485 238 506 re
252 480 300 506 aut
316 485 420 516 parare
445 485 578 506 mensam
603 476 712 516 popqu
729 485 782 506 suo
793 475 846 504 23?
858 488 871 502 »
885 493 924 497 —
938 487 949 503 ‹‹
967 474 1024 506 Ubi

205 524 393 551 tentaverunt
409 529 467 552 me.
491 532 499 548 ι
520 522 559 557 οὗ,
572 520 602 550 id
619 525 675 557 est,
702 520 765 554 ubi.
796 529 904 559 nempe
928 520 958 550 in
974 520 1023 550 de-

205 569 296 595 serto.
317 566 377 596 Aut
387 567 416 593 οὗ
426 570 571 604 πειρασμοῦ
583 563 613 594 id
633 568 688 600 est,
706 574 764 604 qua
779 564 942 595 tentatione
956 568 1024 594 ten—

206 612 342 639 taverunt
356 618 415 646 me,
430 612 463 639 ut
478 611 507 637 οὒ
522 608 560 639 sit
573 608 714 639 articulus
731 613 759 639 et
781 618 839 639 non
855 608 912 638 loci
928 608 1024 638 mani-

205 652 383 684 festativum.
400 666 412 681 ε
427 653 563 684 Infensus
578 662 644 683 sum
659 653 843 692 generationi
859 653 912 683 illi.
932 666 945 680 ι)
963 653 1026 683 Hoc

206 702 262 735 est,
278 698 358 737 gravi
374 702 402 728 et
424 697 568 728 iracundo
590 697 632 727 fui
646 698 744 728 animo
773 707 843 737 erga
866 697 972 737 ipsam,
990 706 1025 727 eo

206 742 283 782 quod
306 751 425 782 semper
439 751 455 772 a
470 751 518 772 me
541 741 733 778 descisceret,
760 751 866 782 meque
886 745 1022 772 tentaret.

209 799 223 814 α
237 786 416 827 Utjurarem
433 786 463 816 in
478 786 522 816 ira
538 795 616 817 mea.
636 799 647 815 ι)
665 785 698 816 In
714 789 838 822 tantum,
853 786 1024 825 inquit,non

205 834 407 870 cognoverunt
423 831 483 861 vias
497 839 590 869 meas,
613 839 766 871 quousque
780 831 815 861 ad
831 831 887 860 hoc
905 839 951 860 me
977 831 1025 860 in-

205 876 365 913 duxerunt,
379 880 411 906 ut
421 876 552 915 jurarem
574 875 651 915 quod
668 875 830 914 ingressuri
850 884 909 905 non
926 878 1025 904 essent

205 920 236 951 in
251 920 386 960 requiem
404 929 510 957 meam,
528 920 584 950 hoc
602 924 655 956 est,
674 924 780 950 terram
808 919 1022 959 promissionis,

1063 255 1146 295 λῖται,
1183 256 1258 295 φησὶ,
1291 255 1401 295 σκληροὶ
1425 256 1472 287 τὰς
1497 254 1601 294 καρδίας
1633 256 1781 294 γενόμενοι,
1815 268 1892 296 παρ-

1064 299 1203 338 επίκραναν
1216 301 1262 328 τὸν
1277 299 1407 328 λαλοῦντα
1423 301 1512 332 αὑτοῖς
1532 300 1608 331 Θεόν.
1628 311 1639 327 ι
1658 300 1731 329 Κατὰ
1746 301 1794 334 τὴν
1814 301 1891 338 ἡμέ-

1064 354 1110 382 ραν
1145 347 1192 372 τοῦ
1220 348 1376 384 πειρασμοῦ.
1396 356 1409 372 ι
1443 345 1492 373 Καὶ
1520 351 1598 376 ποῖος
1621 345 1696 376 οὗτος
1726 346 1739 372 ὁ
1768 356 1893 384 παραπι-

1066 388 1183 426 κρασμός
1199 389 1213 416 ὁ
1236 389 1304 416 κατὰ
1331 389 1379 421 τὴν
1401 388 1502 428 ἡμέραν
1537 389 1678 428 γενόμενος
1697 398 1705 425 ;
1729 384 1798 417 U(vce
1820 389 1892 417 ἀπι-

1067 435 1187 463 στοῦντες
1222 436 1259 470 τῷ
1274 436 1342 469 Θεῷ,
1360 434 1493 472 ἐπείραζον
1514 434 1603 462 αὐτόν.
1631 445 1644 460 ι
1669 434 1713 466 Μὴ
1735 432 1892 468 δυνήσεται,

1066 477 1140 515 φησὶ,
1170 478 1214 504 καὶ
1242 477 1320 516 ἥρτον
1355 476 1453 517 δοῦναι,
1477 478 1494 511 ἢ
1517 478 1654 515 ἑτοιμάσαι
1689 478 1819 517 τράπεζαν
1850 482 1894 514 τῷ

1066 519 1123 556 λαῷ
1138 522 1237 561 αὐτοῦς
1258 533 1268 549 ι
1307 539 1344 544 -
1363 534 1375 549 (ι
1407 523 1444 550 Οὖ
1463 522 1603 562 ἐπείρασαν
1625 533 1670 560 με.
1696 534 1710 549 ι
1743 523 1790 558 οὗ,
1806 522 1893 562 ὅπου,

1066 565 1209 603 τουτέστιν,
1229 557 1261 594 ’ἐν
1296 569 1330 604 τῇ
1358 566 1460 605 ἐρήμῳ,
1494 557 1535 606 Ἠ,
1565 567 1602 594 Οὗ
1626 557 1897 605 γὲπείρασαννπειραί

1067 614 1144 646 σμοῦ,
1159 608 1205 637 ἵνα
1261 611 1302 647 τὸ,
1331 612 1377 648 Οὔ,
1404 611 1506 650 ἄρθρον,
1535 610 1602 638 ἀλλά
1624 611 1662 648 μὴ
1690 611 1772 638 τὸπου
1794 609 1893 645 δηλω-

1067 654 1150 682 τικόν.
1178 664 1190 681 ι
1207 655 1380 695 Προσώχθισα
1409 658 1442 693 τῇ
1470 659 1547 694 γενεᾷ
1574 655 1673 693 ἐκείνη.
1691 667 1705 682 ι
1741 657 1818 695 Οῖον⁷
1837 655 1894 683 ἐπ-

1068 700 1157 737 αχθῶς
1174 698 1255 738 ἔσχον
1269 701 1334 739 πρὸς
1358 700 1451 734 αὐτὴν,
1469 699 1509 727 διὰ
1524 701 1554 728 τὸ
1566 699 1605 728 ἀεὶ
1627 699 1749 728 ἀπιστεῖν
1768 701 1812 727 καὶ
1826 711 1894 728 πει-

1067 743 1151 781 ράζειν
1173 754 1218 780 με,
1239 756 1248 771 ι
1271 739 1316 775 ιΩς
1331 744 1424 781 ὤμοσα
1446 744 1472 772 ἐν
1487 747 1521 782 τῇ
1543 746 1610 784 ὀργῇ
1623 755 1683 782 μου,
1712 755 1723 772 ›
1738 745 1780 776 Εἰς
1797 750 1894 774 τοσοῦ-

1066 797 1123 826 τον,
1146 789 1236 827 φησὶν,
1253 789 1299 816 οὐκ
1314 788 1431 827 ἔγνωσαν
1459 789 1504 821 τὰς
1533 788 1607 820 ὁδοὺς
1630 800 1691 826 μου,
1719 788 1770 820 ἕως
1799 790 1829 817 οὗ
1852 790 1893 821 εἰς

1066 833 1142 860 τοῦτό
1157 843 1190 869 με
1218 832 1329 871 ἤγαγον,
1359 833 1426 861 ὥστε
1453 833 1547 870 ὀμόσαι
1583 834 1621 871 μὴ
1650 833 1776 861 εἰσελθεῖν
1794 834 1893 865 αὖτοὺς

1068 876 1102 906 εἷς
1137 876 1185 909 τὴν
1213 878 1373 905 κατάπαυσίν
1409 889 1469 917 μου³
1519 877 1647 915 τουτέστι,
1681 878 1731 910 τὴν
1751 880 1802 916 γῆν
1838 880 1894 908 τῆς

1066 919 1235 959 ἐπαγγελίας,
1262 921 1288 948 ἐν
1315 923 1333 959 ᾖ
1362 921 1519 954 εἰσελθόντες
1547 921 1658 959 ἔμελλον
1688 922 1739 950 ἀπὸ
1769 925 1822 950 τῶν
1837 933 1892 950 πο-

205 965 337 1004 inquam
354 974 420 995 cum
447 964 573 1003 ingressi
599 968 710 1000 essent,
737 964 865 994 futurum
885 968 969 993 erati

1127 976 1154 991 uv
1175 965 1360 996 ἀναπαύεσθαι,
1388 978 1401 993 ι
1426 968 1454 995 Εἰ
1477 966 1665 994 εἰσελεύσονται
1688 967 1723 998 εἰς
1738 966 1787 1000 τὴν
1801 967 1891 994 κατά-

206 1009 292 1040 bellis
302 1009 501 1049 quiescerent.
520 1010 589 1039 557
605 1020 618 1038 «
629 1008 659 1040 Si
670 1009 832 1039 introibunt
846 1009 876 1038 in
891 1008 970 1048 requi

1128 1020 1159 1037 rw
1176 1022 1237 1047 μου.
1256 1022 1269 1040 ι
1297 1011 1370 1039 Ἀλλ’
1387 1012 1486 1040 ἐκεῖνοι
1502 1012 1549 1049 μὲν
1570 1013 1764 1046 ἀπιστήσαντες
1777 1013 1819 1040 καὶ
1830 1023 1892 1040 πει-

207 1063 312 1085 meam.
330 1066 341 1083 ι)
359 1052 416 1084 Sed
431 1053 474 1083 illi
489 1053 609 1092 quidem
632 1063 697 1083 cum
715 1053 861 1083 increduli
887 1053 971 1082 fuisse

1127 1065 1192 1085 ιντες
1214 1056 1258 1083 τὸν
1270 1056 1333 1083 Θεὸν
1350 1059 1395 1085 οὒκ
1410 1056 1530 1089 εἰσῆλθον
1545 1057 1581 1088 εἷς
1598 1055 1788 1090 Παλαιστίνην.
1815 1057 1891 1090 Αὕτη

206 1108 266 1129 non
281 1102 350 1128 sunt
373 1097 498 1136 ingressi
527 1097 724 1128 Palaestinam.
740 1097 812 1128 Nam
829 1098 891 1128 haec
906 1106 970 1136 τεῳ

1135 1100 1151 1132 η
1167 1100 1337 1132 κατάπαυσις.
1355 1094 1437 1137 Ἠμῖν
1451 1100 1478 1128 δὲ
1495 1102 1520 1128 τί
1533 1100 1617 1138 ἔσται,
1644 1102 1720 1140 φησὶ,
1751 1102 1790 1139 μὴ
1805 1101 1893 1135 οὔσης

206 1146 279 1174 erat.
296 1142 390 1174 Nobis
404 1148 515 1178 autem,
533 1142 639 1182 inquit,
657 1143 726 1182 quid
743 1142 810 1178 erit,
827 1151 893 1171 cum
911 1151 969 1171 non

1127 1153 1156 1174 ας
1172 1145 1360 1176 καταπαύσεως
1389 1145 1430 1173 ἐπὶ
1459 1145 1520 1183 γῆς,
1556 1145 1588 1178 ἧς
1611 1144 1743 1182 μελλομεν
1779 1153 1891 1185 στερεῖ-

206 1187 263 1218 alia
276 1187 396 1227 requies
414 1186 445 1216 in
472 1190 560 1222 terra,
579 1196 636 1226 qua
660 1186 792 1226 privandi
809 1195 911 1216 sumus
926 1185 950 1216 si
965 1185 970 1216 ]

1160 1187 1324 1220 ἀπειθοῦντες
1353 1192 1427 1229 Θεῷ;
1459 1191 1518 1225 Ναὶ,
1548 1190 1638 1229 φησὶν,
1675 1189 1746 1217 ἔσται
1773 1191 1817 1218 καὶ
1846 1195 1892 1219 νῦν

206 1241 265 1262 non
278 1232 434 1262 credamus
443 1231 458 1261 ?
469 1231 614 1269 Profecto,
632 1231 683 1267 ait,
696 1231 785 1262 etiam
799 1239 876 1261 nunc
889 1230 945 1260 erit
959 1240 970 1259 ι

1126 1230 1229 1264 ἱπαυσις
1243 1233 1260 1266 ἡ
1277 1232 1402 1270 ἀληθινὴ,
1419 1234 1451 1268 ἧς
1465 1235 1545 1266 τύπος
1567 1234 1598 1267 ἦν
1627 1233 1712 1267 ἐκείνη
1728 1235 1745 1268 ἡ
1775 1233 1890 1272 παλαιέι¹

206 1277 335 1317 requies,
352 1276 438 1316 cujus
452 1275 502 1305 illa
516 1279 601 1306 vetus
626 1279 690 1306 erat
714 1276 805 1314 ﬁgura
823 1286 829 1306 2
848 1279 876 1305 et
893 1275 946 1305 hac
963 1285 970 1314 ι

1133 1275 1248 1316 μὲλχετε
1263 1278 1360 1311 ταύτης
1380 1280 1540 1318 στερεῖσθαι,
1569 1278 1646 1318 εἴπερ
1668 1278 1827 1313 ἀπιστήσετε
1853 1282 1893 1315 τῷ

205 1321 293 1351 vandi
309 1320 390 1357 estis,
407 1319 464 1350 nisi
481 1320 596 1351 Christo
622 1319 853 1350 credidideritis.
874 1318 969 1358 Siquid

1129 1322 1183 1356 ττῴ.
1216 1322 1264 1349 Καὶ
1293 1322 1342 1361 γὰρ
1370 1330 1442 1362 τρεῖς
1470 1324 1519 1351 εἱσι
1546 1323 1735 1354 καταπαύσεις.
1771 1324 1823 1351 Μία
1862 1324 1893 1351 τὸ

208 1365 314 1405 triplex
339 1368 384 1395 est
407 1364 526 1404 requies
543 1372 622 1395 :una
648 1369 692 1394 est
719 1363 893 1400 Sabbatum,
919 1363 948 1393 in
969 1376 972 1392 ‹

1126 1362 1214 1401 ϐατον,
1237 1365 1301 1403 ὲνῴ
1328 1367 1491 1395 κατέπαυσεν
1507 1369 1520 1395 ὁ
1548 1367 1612 1398 Θεός
1641 1367 1693 1395 ἀπὸ
1722 1370 1774 1394 τῶν
1803 1367 1890 1407 ἔργων

206 1409 352 1449 requievit
378 1408 458 1439 Deus
483 1407 520 1439 ab
549 1408 689 1448 operibus
705 1409 785 1446 suis;
801 1407 942 1444 secunda,
959 1417 970 1448 ς

1131 1412 1158 1440 ὖ,
1182 1410 1304 1450 Δευτέρα,
1320 1412 1337 1445 ἡ
1364 1411 1545 1450 ἐπεγγελμένη
1573 1414 1622 1446 της
1645 1411 1822 1445 Παλαιστίνης

208 1453 298 1484 missa
315 1452 471 1485 Palestina;
485 1456 566 1482 terra
582 1461 588 1483 :
607 1453 704 1490 tertia,
718 1453 839 1483 omnino
854 1461 972 1489 vera,cu

1129 1465 1159 1490 η,
1175 1455 1193 1487 ἡ
1209 1455 1290 1486 ὅντως
1305 1456 1349 1483 καὶ
1362 1455 1475 1493 ἀληθὴς,
1491 1457 1524 1489 ἦς
1549 1457 1630 1488 τύπος
1653 1456 1720 1490 ἦσαν
1740 1457 1764 1485 αἱ
1779 1457 1891 1495 εἰρημέ-

208 1497 273 1529 duae
288 1497 435 1538 prmdictze
450 1497 543 1536 ﬁgura
556 1500 650 1534 erant,
668 1497 719 1527 ubi
744 1498 815 1536 fugit
840 1500 937 1530 omnis
961 1500 968 1530 l

1127 1497 1177 1536 δύο,
1200 1499 1350 1537 ὴβασιλεία
1365 1503 1417 1528 τῶν
1446 1501 1571 1540 οὖροινιῦν³
1603 1500 1662 1529 ἔνθα
1689 1500 1787 1539 ἀπέδρα
1816 1506 1891 1530 πᾶσα

208 1545 265 1580 tus,
282 1542 367 1573 dolor
382 1550 417 1586 ac
431 1541 569 1580 gemitus.
585 1540 647 1572 Hac
662 1550 743 1581 ergo,
767 1542 873 1583 inquit,
892 1544 972 1584 priva

1127 1554 1139 1575 ri
1176 1544 1219 1571 καὶ
1243 1543 1320 1578 οδύνη
1350 1546 1392 1573 καὶ
1421 1546 1577 1584 στεναγμός.
1601 1548 1702 1578 Ταῦτης
1738 1545 1794 1581 οὖν,
1824 1548 1891 1586 φησί

207 1587 289 1624 estis,
303 1586 328 1616 si
343 1585 461 1617 Christo
476 1595 535 1615 non
551 1585 752 1617 credideritis.

1044 1585 1049 1586 ⁷
1072 1586 1182 1624 μέλλετε
1205 1591 1350 1628 στερεῖσθαι
1365 1589 1552 1624 ἀπειθήσαντες
1567 1593 1606 1627 τῷ
1622 1591 1736 1629 Χριστῷ.

246 1630 296 1668 ΙΙΙ,
316 1630 414 1662 12-15.
436 1629 543 1667 Videte,
561 1631 685 1669 fratres,
698 1640 735 1661 ne
744 1632 864 1670 quando
875 1634 914 1665 sit
928 1635 960 1665 in
971 1635 1010 1666 ali

1142 1632 1268 1668 Βλέπετε,
1296 1633 1412 1672 ἀδελφοὶ,
1430 1635 1468 1672 μὴ
1491 1644 1555 1662 ποτε
1587 1634 1658 1662 ἔσται
1681 1634 1708 1662 ἐν
1741 1645 1792 1662 τινι
1816 1635 1892 1673 ὑμῶν

206 1684 264 1715 quo
279 1678 412 1706 vestrum
423 1683 475 1706 cor
487 1683 616 1714 pravum
633 1675 866 1714 incredulitatis,
883 1682 915 1709 ut
931 1679 970 1710 de:

1127 1677 1158 1704 ῖία
1193 1678 1295 1716 πονηρᾶ
1336 1678 1456 1710 ἀπιστίας
1503 1679 1531 1706 ἐν
1566 1682 1604 1716 τῷ
1643 1679 1789 1712 ἀποστῆναι
1838 1681 1891 1708 ἀπὸ

206 1723 285 1752 cata
302 1720 362 1751 Deo
376 1719 505 1756 vivente;
528 1719 580 1750 sed
601 1720 803 1751 exhortemini
826 1731 878 1753 vos
900 1723 970 1754 invii

1127 1724 1133 1748 ἱ
1174 1724 1282 1757 ζῶντος.
1326 1722 1409 1750 Ἀλλά
1450 1722 1629 1762 παρακαλεῖτε
1680 1723 1787 1755 ἑαυτοὺς
1832 1724 1891 1753 καθ’

204 1764 350 1805 quotidie,
380 1764 477 1803 quoad
504 1763 678 1804 appellatur
701 1765 764 1795 dies
786 1765 968 1798 hodiernus.

1126 1776 1183 1798 ῖτην
1218 1767 1330 1807 ἡμέραν³
1360 1768 1438 1807 ἄχρις
1477 1769 1506 1796 οὗ
1552 1769 1582 1795 τὸ
1610 1769 1725 1806 σήμερον
1752 1767 1890 1806 καλεῖται,

204 1812 273 1850 quis
288 1817 327 1840 ea:
338 1809 421 1840 vobis
432 1808 599 1840 abduretur
610 1809 783 1840 seductione
797 1813 914 1850 peccati
918 1811 968 1843 ,δὴ

1141 1810 1179 1848 μὴ
1209 1811 1356 1850 σκληρυνθῇ
1380 1812 1404 1844 ἐξ
1438 1813 1511 1849 ὑμὼν
1539 1823 1579 1844 τις
1607 1812 1696 1846 ἀπάτη
1731 1813 1778 1846 τῆς
1809 1814 1892 1852 ἁμαρ-

203 1855 272 1885 dem
290 1853 457 1894 participes
480 1853 554 1892 facti
576 1861 680 1884 sumus
695 1854 819 1891 Christi,
835 1855 863 1886 si
877 1864 967 1887 sane;

1129 1877 1135 1883 .
1166 1855 1281 1895 Μέτοχοι
1315 1857 1363 1895 γὰρ
1389 1857 1534 1895 γεγόναμεν
1571 1860 1616 1884 τοῦ
1642 1860 1765 1895 Χριστοῦ,
1793 1858 1890 1897 ἐάνπερ

204 1901 279 1930 tium
295 1898 473 1929 substantia:
487 1906 580 1938 usque
601 1906 620 1928 α
644 1898 734 1937 finem
756 1899 878 1938 ﬁrmum
892 1904 968 1931 (euut

1152 1899 1239 1939 ἀρχὴν
1281 1903 1329 1934 τῆς
1356 1902 1523 1932 ὑποστάσεως
1552 1901 1632 1941 μέχρι
1664 1901 1755 1932 τέλους
1781 1901 1890 1939 βεϐαίαν

203 1946 315 1984 rimus,
328 1944 362 1974 in
375 1942 432 1974 hoc
443 1942 520 1982 quod
535 1943 660 1983 dicitur,
677 1944 773 1974 Hodie
796 1945 823 1974 si
845 1953 945 1975 vocem
964 1960 967 1974 ι

1123 1943 1260 1984 ἀσχωμεν,
1297 1947 1324 1973 ἓν
1352 1950 1390 1982 τῷ
1417 1945 1535 1985 λέγεσθαι
1560 1953 1566 1960 ⁵
1598 1949 1719 1985 Στμερον
1763 1945 1808 1974 ἐὰν
1842 1950 1887 1980 τῆς

205 1988 376 2025 audieritis,
389 1996 426 2018 ne
441 1986 594 2018 obduretz’s
612 1988 702 2018 corda
714 1992 812 2019 vestra
823 1989 900 2020 sicut
913 1990 969 2021 ine

1124 1988 1158 2022 ἧς
1174 1989 1251 2017 αὑτοῦ
1275 1990 1417 2030 ἀκούσητε,
1447 1991 1486 2028 μὴ
1513 1989 1676 2029 σκληρύνητε
1705 1991 1752 2021 τάς
1781 1990 1888 2030 καρδίας

203 2033 387 2064 cerbatione.

1068 2033 1140 2070 ὑμῶν
1162 2035 1198 2065 ὡς
1221 2034 1246 2062 ἐν
1322 2037 1545 2074 παραπικρασμῷ,
1573 2047 1583 2062 ι

244 2076 390 2108 Timentis
404 2075 527 2107 verbum
543 2080 607 2107 est:
625 2077 739 2118 Videte,
757 2078 863 2118 inquit,
882 2089 919 2109 ne
935 2083 962 2110 et
975 2090 1008 2110 vo

1125 2076 1253 2110 ὀϐοὖντος
1282 2080 1311 2106 τὸ
1353 2080 1435 2118 ῥῆμα,
1487 2079 1612 2116 Βλέπετε,
1641 2080 1716 2119 φησὶ,
1773 2080 1813 2116 μὴ
1848 2081 1889 2108 καὶ

204 2125 324 2162 propter
339 2120 577 2152 incredulitatem
603 2130 670 2152 vera
686 2122 842 2161 prlvemini
857 2123 958 2163 requie

1124 2128 1143 2152 [ς
1159 2121 1201 2150 διὰ
1228 2123 1277 2156 τὴν
1306 2123 1427 2152 ἀπιστίαν
1451 2126 1602 2164 στηρηοῆτε
1617 2126 1666 2157 τῆς
1688 2123 1797 2164 ὅντωςς
1822 2124 1888 2152 ἀνα-

203 2167 252 2206 gni
262 2165 415 2197 caelorum.
423 2165 641 2205 «Corpravum.
649 2178 660 2195 ι)
674 2166 762 2197 Multa
769 2167 848 2198 enim
861 2172 929 2198 sunt
939 2177 967 2208 pr

1122 2177 1200 2203 σεως,
1236 2170 1284 2201 τῆς
1319 2168 1452 2206 βασιλείας
1497 2173 1549 2196 τὼν
1577 2171 1702 2208 οὖρανῶν.
1751 2179 1762 2195 ε
1792 2168 1886 2208 Καρδία

203 2201 294 2241 corda
310 2201 527 2241 incredulitatis
541 2211 602 2241 sive
616 2210 782 2242 incredula.
810 2212 862 2243 Est
877 2201 957 2243 enim

1123 2212 1218 2254 r,pa'._n
1252 2213 1350 2242 Πολλαὶ
1385 2214 1432 2251 μέν
1463 2215 1511 2242 εἱσι
1539 2214 1640 2254 καρδίαι
1682 2214 1796 2252 πονηραὶ
1826 2215 1887 2241 ἀπι-

203 2263 327 2295 pravum
337 2254 620 2295 incredulum,quod
638 2264 759 2295 pravum
776 2256 869 2287 estad
888 2267 967 2288 noni

1121 2267 1152 2288 ις,
1189 2251 1268 2285 ’Ἐστι
1293 2259 1342 2298 γὰρ
1376 2258 1468 2298 καρδία
1496 2260 1598 2299 πονηρὰ
1626 2258 1760 2294 ἀπιστίας,
1792 2259 1824 2286 τὸ
1851 2259 1885 2295 μὴ

203 2299 347 2337 dendum,
364 2299 401 2330 ad
417 2299 581 2337 avaritiam,
608 2300 644 2330 ad
666 2300 851 2332 inferendam
872 2302 967 2341 injuri.

1120 2302 1290 2330 τεύεινκανὸν
1321 2303 1391 2331 εἶναι
1420 2304 1450 2331 τὸ
1478 2303 1704 2344 φιλοχρηματεῖν,
1736 2303 1766 2330 τὸ
1792 2303 1884 2343 ἄρχειν

202 2344 239 2376 ad
256 2344 444 2381 ebrietatem,
462 2345 577 2384 aliaque
595 2345 765 2385 hujusmodi
780 2346 944 2377 innumera.
961 2347 966 2378 l

1122 2357 1175 2382 ιως,
1206 2348 1236 2374 τὸ
1277 2348 1459 2388 μεθύσκεσθαι,
1482 2350 1524 2376 καὶ
1573 2349 1650 2388 μυρία
1680 2346 1758 2377 ἄλλα.
1789 2351 1886 2383 Μεῖζον

202 2389 248 2428 gis
263 2394 362 2420 autem
379 2393 408 2420 et
423 2389 505 2420 nulla
532 2389 609 2420 facta
634 2390 867 2430 comparatione,
885 2390 966 2431 Cor;

1123 2392 1166 2418 καὶ
1194 2391 1366 2432 ὁισιιγκρίτως⁷
1397 2393 1487 2432 καρδία
1517 2393 1570 2422 ἐστὶ
1607 2394 1711 2432 ποντιρὰ
1752 2393 1884 2430 ἀπιπίας,

202 2443 270 2464 vum
286 2434 475 2465 incredulum
493 2437 537 2465 est
552 2434 631 2474 qnod
647 2443 664 2464 a
676 2435 735 2465 fide
758 2435 886 2466 discedit
901 2444 966 2476 qum

1118 2435 1282 2474 ἀφισταμένη
1318 2437 1367 2470 τῆς
1405 2438 1518 2470 πίστεως
1547 2441 1596 2472 τῆς
1631 2439 1697 2478 πρὸς
1742 2438 1787 2466 τὸν
1811 2442 1882 2468 Θεον.

202 2479 232 2508 in
248 2478 355 2510 Deum.
372 2477 478 2510 Videte
504 2478 604 2519 igitur,
621 2479 728 2519 inquit,
747 2489 785 2510 ne
804 2480 921 2520 quando
937 2479 966 2510 si

1120 2490 1181 2508 πετε
1203 2481 1258 2518 οὖν,
1281 2482 1356 2520 φησὶ,
1380 2482 1418 2519 μή
1443 2493 1507 2510 ποτε
1523 2482 1594 2511 ἔσται
1620 2484 1646 2510 ἓν
1667 2493 1717 2511 τινι
1732 2483 1805 2520 ὑμῶν
1821 2494 1884 2522 καρ-

201 2523 300 2563 aliquo
316 2527 446 2555 vestrum
463 2532 514 2554 cor
535 2532 656 2564 pravum
669 2523 858 2554 incredulum
869 2535 875 2553 :
888 2524 965 2555 incre

1136 2526 1239 2564 πονηρὰ
1275 2526 1411 2558 ἀπιστίας.
1455 2525 1592 2559 Ἀπιστίας
1629 2527 1656 2555 δέ
1684 2538 1766 2567 φημι,
1797 2529 1883 2567 φησὶ·

201 2567 314 2599 litatem
327 2577 396 2599 vero
410 2568 478 2599 dico
494 2567 664 2599 desciscere
688 2577 705 2598 a
727 2568 787 2600 Deo
802 2568 927 2600 vivente.
944 2571 965 2600 B

1141 2569 1293 2608 ἀφιστώσης
1322 2571 1374 2599 ἀπὸ
1411 2574 1476 2599 Θεοῦ
1501 2573 1607 2606 ζῶντος.
1647 2571 1739 2603 Καλῶς
1766 2571 1794 2600 δέ
1810 2584 1881 2612 φησι.

201 2615 302 2644 autem
315 2613 372 2644 ait:
390 2613 448 2644 Cor
462 2621 585 2653 pravum
604 2612 806 2644 incredulum.
833 2615 884 2645 Est
899 2613 965 2644 enin

1118 2612 1163 2641 ιδία
1199 2615 1302 2654 πονηρὰ
1343 2615 1476 2648 ἀπιστίας.
1510 2611 1590 2645 ’Ἐστι
1632 2617 1682 2656 γὰρ
1709 2617 1752 2645 καὶ
1795 2611 1882 2656 καρδία

201 2665 253 2688 cor
264 2657 376 2689 bonum
390 2657 592 2698 incredulum,
604 2658 688 2698 juxta
703 2658 775 2688 illud
795 2669 801 2689 :
814 2657 858 2689 Ne
871 2658 965 2690 omni:

1118 2658 1150 2691 θὴ
1180 2659 1314 2697 ἀπιστίας,
1343 2661 1379 2692 ὡς
1425 2661 1466 2700 τὸ,
1509 2672 1520 2689 ι
1552 2661 1596 2695 Μὴ
1635 2662 1768 2690 πιστεύετε
1809 2663 1880 2691 παντὶ

200 2702 272 2733 ritui
289 2701 488 2743 credideritis,
518 2702 570 2733 sed
594 2703 718 2744 probate
744 2702 877 2743 spiritus,
902 2712 964 2733 nun

1116 2703 1204 2740 ύματι,
1239 2703 1307 2732 ἀλλὰ
1351 2704 1504 2742 δοκιμάζετε
1545 2707 1577 2734 τὰ
1605 2707 1753 2746 πνεύματα,
1798 2708 1819 2735 εἰ
1855 2707 1880 2734 ἐκ

239 2786 269 2812 ’3
282 2786 362 2819 Psal.
378 2795 489 2825 Lxxvu,
510 2787 556 2819 19.
