1936 3080
65 137 119 172 301
615 143 812 175 COMMENT.
836 141 878 172 IN
900 140 1021 172 EPIST.
1044 141 1094 172 AD
1112 141 1226 172 nEBn.
1693 138 1753 174 302

65 206 190 252 ἑᾷρᾴξατο
206 207 264 238 οὑδὲ
293 207 430 247 ἀνέλαϐεν,
467 209 525 237 ἀλλ’
554 209 728 248 ἀνθρωπίνης.
759 209 827 237 Εἶτα
842 220 875 236 κα

955 217 992 238 οη
1008 208 1170 246 angelicam
1187 212 1319 239 naturam
1336 208 1535 248 apprehendit
1549 212 1601 241 aut
1615 219 1751 252 assump-

65 251 91 283 ὶξ
108 251 191 280 Ἰούδα
211 254 242 282 τὸ
262 254 331 282 κατὰ
352 254 434 293 σάρκα
447 255 461 282 ὁ
484 255 594 291 Χριστὸς
623 257 741 290 σημᾶναι
756 253 875 291 βουλόμε·

957 255 977 288 t,
992 252 1043 282 sed
1061 252 1350 283 humanam.Deinde
1365 252 1454 283 etiam
1466 253 1634 293 signiﬁcare
1649 251 1750 287 volens

66 307 123 336 νος,
136 297 216 336 φησὶ,
231 298 386 338 Σπέρματος
396 297 526 338 Ἀϐραάμ.
547 293 646 327 α”Οθεν
656 297 782 337 ὤφειλε.»
797 298 875 327 Ἐπει

954 296 1080 328 hristum
1109 306 1144 327 ex
1170 297 1246 328 Juda
1264 297 1461 337 assumpsisse
1489 298 1568 338 quod
1585 301 1750 331 secundum

65 339 98 373 δὴ
121 341 192 373 ὅλως
213 341 382 371 ἐπιλαϐέσθαι
405 342 510 380 ἠξίωσε,
538 343 630 372 τούτου
659 343 751 371 λοιπὸν
771 343 838 370 κατὰ
859 353 872 369 τ

954 349 1049 371 trnem
1074 341 1214 378 habebat,
1238 341 1278 372 ait
1302 350 1307 372 :
1334 343 1442 372 Semen
1470 341 1606 374 Abrahae.
1626 356 1639 373 σ
1665 344 1750 377 Unde

65 385 220 423 ἷαόλουθον,
238 386 334 427 ὤφειλε
349 388 416 416 κατὰ
426 388 512 416 πάντα
527 388 703 424 ὸμοιοωθῆναι
719 394 777 419 τοῖς

65 440 137 460 ποις.
157 431 205 459 Καὶ
220 431 269 469 γὰρ
291 431 428 470 ἐγεννήθη,
453 432 497 459 καὶ
522 430 635 467 ηὒξήθη,
666 431 772 471 ἔφαγεν,
803 431 887 466 ἔπιεν,

63 473 194 509 ﬁrmo,
219 474 356 511 ἀπέθανεν,
373 476 480 509 ἀνέστη.
501 487 514 503 ι
533 471 593 504 Ἵνα
610 475 732 513 ἐλεήμων
746 475 885 514 γένηται.)

64 522 152 546 Ταῦτα
173 518 201 546 δὲ
219 520 316 556 πάντα,
349 522 438 560 φησὶν,
467 520 623 557 ᾠκονόμησε
658 519 717 548 κατ’
752 518 816 549 ἄλλο
839 520 887 557 μὲν

65 562 151 599 trBév,
174 563 193 597 ἢ
207 564 253 591 ἵνα
268 563 366 602 ἐλεήσῃ
381 565 440 595 τοὺς
463 565 505 592 ἐπι
533 567 594 603 γῆς,
629 565 671 592 καὶ
707 564 836 602 ἆνελκύσῃ
860 564 888 592 ὲκ

63 611 109 635 τοῦ
124 608 281 645 πτώματος,
328 619 342 638 (
359 610 406 638 Καὶ
434 609 526 640 πιστὸς
555 609 703 648 ἀρχιερεύς,
723 621 737 636 ι
775 610 881 644 Πιστὸς,

63 651 180 686 ἀληθὴς.
195 647 279 681 υἰδιον
306 654 355 691 γὰρ
380 654 426 681 τοῦ
459 652 540 685 ὅντως
576 647 618 681 xiiii
655 653 759 686 ἀληθῶς
790 653 886 692 ἀρχιε-

62 696 130 735 ρέως
158 697 219 729 τοὺς
262 699 299 724 ὧν
346 697 413 725 ἐστιν
461 698 609 737 ἀρχιερεὺς,
656 697 804 729 ἀπαλλάξαι
834 699 887 725 nov

64 742 213 781 αμαρτιῶν,
253 736 314 770 Ἵνα
345 743 388 769 οὖν
423 742 587 780 προσενέγκῃ
623 742 711 770 θυσίαν
740 741 887 778 δυναμένην

931 384 1043 431 debuit.
1057 398 1073 431 re
1087 385 1332 431 Quandoquidem
1342 386 1471 431 omnino
1485 386 1621 426 dignatus
1637 393 1681 420 est
1694 399 1749 431 ap-

932 430 1280 474 prehendere,reliquum
1293 430 1329 461 ad
1340 430 1396 461 hoc
1406 434 1469 461 erat
1478 435 1507 462 et
1516 441 1549 462 ex
1561 441 1749 474 consequen-

931 473 965 511 ti,
977 474 1054 514 quod
1067 474 1167 505 debuit
1178 484 1230 516 per
1241 475 1341 506 omnia
1350 475 1456 506 similis
1465 476 1550 507 reddi
1566 473 1747 510 hominibus.

930 517 1046 563 Etenim
1063 524 1147 549 natus
1171 524 1225 557 est,
1243 520 1370 560 sumpsit
1385 526 1590 560 augmentum,
1607 522 1748 563 comedit,

930 561 1015 598 bibit,
1033 563 1179 599 dormivit,
1198 568 1331 594 mortuus
1357 568 1400 595 est
1424 574 1460 596 ac
1490 566 1663 597 resurrexit.
1683 580 1696 595 α
1714 561 1752 599 Ut

931 607 1100 638 misericors
1115 613 1202 639 esset.
1219 620 1229 637 υ
1266 608 1333 638 Haec
1345 613 1443 640 autem
1460 609 1571 648 omnia,
1588 610 1696 651 inquit,
1713 611 1750 642 ad

930 651 1003 682 nihil
1028 652 1108 683 aliud
1135 653 1174 684 ita
1198 653 1354 693 disposuit,
1380 663 1469 694 quam
1487 658 1519 685 ut
1533 664 1635 686 eorum
1651 655 1702 696 qui
1719 656 1750 687 in

929 699 1006 726 terra
1030 702 1098 727 sunt
1115 697 1305 728 misereretur
1326 702 1354 728 et
1374 698 1411 729 de
1425 699 1508 739 lapsu
1524 699 1661 739 erigeret.
1682 712 1695 728 ‹
1714 701 1750 732 Et

929 741 1026 772 ﬁdelis
1042 743 1182 781 pontifex.
1207 754 1220 773 ι
1233 743 1354 781 Fidelis,
1378 753 1474 775 verax.
1496 744 1652 785 Proprium
1667 746 1748 777 enim

62 786 136 821 ἡμᾶς
151 787 300 825 καθαρίσαι,
323 786 428 824 γέγονεν
456 786 590 825 ἄνθρωπος
619 787 661 814 καὶ
692 787 782 814 ἑαυτὸν
802 797 875 824 προσ-

954 790 974 816 st
991 787 1054 826 ejus
1070 787 1119 832 qui
1135 792 1216 818 certo
1243 798 1276 818 ac
1291 797 1359 819 vere
1375 788 1504 828 pontifex
1520 794 1575 827 est,
1590 789 1718 822 liberare
1732 799 1749 821 a

61 830 188 868 ήνεγκεν,
225 830 292 858 Εἶτα
320 830 411 868 ἐπάγει
448 831 503 861 πῶς
533 831 636 870 γέγονε,
672 831 715 858 καὶ
743 829 809 858 διατί
838 842 875 858 πι-

954 831 1058 861 eccatis
1074 831 1140 862 illos
1156 841 1278 872 quorum
1296 836 1341 863 est
1358 833 1499 872 pontifex.
1517 833 1553 864 Ut
1573 833 1661 873 igitur
1677 834 1747 866 hos-

63 876 125 907 στὺς
141 875 291 914 ἀρχιερεύς.
315 875 358 906 Εἰς
387 876 417 902 τὸ
445 874 606 911 ἱλάσκεσθαι,
630 876 704 914 φησὶ,
736 876 782 906 τὰς
798 876 884 913 ἁμαρ-

61 919 118 951 τίας
130 919 178 947 τοῧ
194 919 269 948 λαοῦ.
296 920 343 948 Διὰ
364 924 440 948 τοῦτο
455 920 504 958 γὰρ
525 920 644 958 γέγονεν,
667 921 702 951 εἰς
738 920 768 947 τὸ
797 919 887 951 ἑξιλεώ

61 965 157 992 σασθαι
179 965 252 1001 ἡμᾶς
267 964 311 992 καὶ
331 964 467 1003 καθαρίσαι
494 967 547 992 τῶν
569 965 702 1002 αμαρτιῶν
718 964 805 1001 ἡμῶν,
825 974 835 990 ι
850 964 887 992 Τὰ

60 1009 128 1046 πρὸς
143 1009 189 1036 τόν
204 1010 281 1040 Θεὸν,
300 1020 313 1036 ι
338 1011 395 1037 Τῶν
417 1009 481 1046 πρὸς
511 1009 587 1047 Θεὸν,
610 1009 653 1036 καὶ
675 1009 711 1039 εἰς
747 1009 810 1036 Θεὸν
841 1009 886 1036 ἂν·

60 1053 184 1085 ηκόντων
205 1053 378 1092 πραγμάτων.
416 1053 459 1081 Ἐν
489 1053 590 1084 τούτοις
618 1053 668 1091 γὰρ
684 1052 792 1090 γέγονεν
808 1054 885 1089 ἡμῶν

60 1097 213 1137 αρχιερεὺς,
226 1100 273 1126 οὐκ
286 1097 312 1124 ἒν
341 1101 378 1134 τῷ
405 1098 559 1135 σωματικὰς
595 1096 706 1128 δεκάτας
735 1098 779 1125 καὶ
795 1097 884 1136 ἀπαρ-

59 1143 113 1180 χὰς
140 1142 300 1178 ἀπαιτῆσαι,
328 1141 386 1169 ἀλλ’
415 1141 485 1170 εἶδεν
512 1143 584 1179 ἡμᾶς
614 1141 883 1179 ἐκπεπολεμωμένους

57 1187 125 1224 πρὸς
140 1187 187 1214 τὸν
203 1187 269 1214 Θεὸν
297 1187 340 1213 καὶ
360 1186 579 1224 ἁπεῤῥιμμὲνους,
606 1187 649 1214 καὶ
673 1185 782 1220 ἐλεῆσας
798 1187 881 1226 ἡμᾶς,

57 1232 152 1260 ἑαυτὸν
168 1231 238 1267 ἡμῖν
273 1229 368 1258 ἔδωκεν
382 1230 519 1270 ἀρχιερέα,
540 1243 551 1257 α
570 1229 614 1259 Ἐν
643 1233 665 1268 ᾧ
693 1231 743 1270 γὰρ
758 1229 881 1267 πέπονθε,

58 1276 138 1307 αὐτὸς
175 1276 334 1314 πειρασθεὶς,
373 1286 386 1302 ι
418 1276 545 1303 Ταπεινὸν
588 1276 618 1302 τὸ
654 1274 802 1314 εἰρημένον,
841 1275 883 1302 καὶ

57 1323 104 1350 ὡκ
136 1319 189 1352 ἔξω
216 1323 269 1347 τῶν
296 1321 344 1353 τῆς
380 1319 515 1352 κενώσεως
543 1319 656 1358 μέτρων,
695 1314 810 1347 ’Ἔπειτα
840 1320 883 1347 καὶ

56 1364 100 1392 διὰ
135 1365 169 1392 τὸ
204 1363 334 1397 νηπιῶδες
370 1366 423 1392 τῶν
459 1364 607 1392 ἀκουόντων
635 1363 753 1403 εἴρηται.
792 1363 821 1392 Τί
836 1364 886 1403 γὰρ

201 1408 246 1436 Ἐν
273 1410 296 1444 ᾧ
334 1408 383 1446 γὰρ
430 1408 568 1445 πέπονθεν,
608 1409 752 1444 τουτέστιν,
793 1406 884 1440 ἐπειδὴ

56 1418 161 1449 venam;
201 1409 246 1436 Ἐν
273 1410 296 1444 ᾧ
334 1409 383 1446 γὰρ
430 1409 568 1445 πέπονθεν,
608 1409 752 1444 τουτέστιν,

57 1454 190 1488 πέπονθεν
226 1453 303 1483 αὖτὸς
332 1452 369 1482 εἷς
405 1453 502 1480 οἰκεῖον
531 1456 607 1489 σῶμα
635 1453 792 1491 πειρασθεὶς,
817 1463 883 1491 προ-

930 875 998 905 tiam
1015 876 1118 906 oll‘erat
1133 886 1198 916 qua:
1213 886 1267 907 nos
1292 877 1452 916 puriﬁcare
1467 877 1572 918 valeat,
1598 878 1691 910 factus
1705 883 1750 910 est

929 919 1017 950 ltomo
1030 930 1065 950 ac
1080 921 1211 960 seipsum
1228 921 1342 952 obtulit.
1358 921 1472 952 Deinde
1485 922 1585 954 subdit
1599 923 1748 963 quomodo

931 969 960 994 et
987 965 1180 1005 quamobrem
1207 967 1300 997 factus
1325 967 1364 997 sit
1393 967 1489 997 ﬁdelis
1517 967 1648 1007 pontitex
1672 977 1679 998 :
1711 968 1748 999 ad

927 1009 1116 1049 expiandum,
1141 1010 1245 1050 inquit,
1271 1015 1391 1051 peccata
1416 1011 1527 1051 populi.
1551 1011 1651 1047 Quare
1666 1012 1747 1043 enim

925 1052 1019 1084 factus
1035 1054 1104 1084 est?
1121 1054 1164 1084 Ad
1192 1055 1371 1094 expiandum
1395 1064 1448 1085 nos
1473 1059 1501 1086 et
1531 1056 1747 1095 puriﬁcandum

925 1105 942 1126 a
954 1098 1085 1136 peccatis
1101 1099 1278 1130 nostris.cln
1292 1099 1408 1139 bisquae
1420 1098 1557 1130 adDeum
1575 1100 1700 1131 forent.»
1714 1100 1746 1131 In

925 1141 1014 1172 rebus
1029 1152 1093 1182 quae
1114 1143 1150 1173 ad
1163 1144 1265 1181 ,Deum
1282 1148 1451 1183 spectarent
1477 1147 1557 1173 888
1568 1143 1641 1174 Nam
1655 1143 1685 1174 in
1701 1143 1747 1175 his

924 1185 1018 1216 factus
1045 1191 1090 1218 est
1118 1187 1250 1227 pontifex
1279 1192 1382 1218 noster
1410 1196 1415 1218 :
1446 1197 1504 1218 non
1528 1192 1559 1218 ut
1575 1189 1747 1228 corporales

924 1229 1054 1261 decimas
1079 1241 1112 1261 ac
1139 1232 1283 1272 primitias
1308 1232 1451 1272 exigeret,
1477 1231 1529 1263 sed
1551 1235 1672 1264 noverat
1692 1241 1747 1263 nos

924 1273 1063 1306 inimicos
1080 1276 1201 1307 effectos
1216 1286 1282 1307 esse
1297 1281 1327 1306 et
1342 1276 1475 1316 abjectos
1495 1276 1572 1316 apud
1587 1276 1693 1311 Deum,
1711 1285 1745 1307 ac

925 1318 1065 1350 misertus
1082 1321 1175 1352 nostri
1205 1321 1336 1361 seipsum
1362 1321 1446 1352 nobis
1463 1321 1545 1352 dedit
1560 1320 1743 1361 pontiﬁcem.

930 1372 942 1389 α
959 1362 1032 1393 Nam
1044 1365 1152 1403 ex'_hoc
1165 1365 1242 1405 quod
1260 1365 1315 1405 ipsi
1331 1366 1454 1405 contigit
1475 1369 1617 1396 tentatum
1633 1373 1710 1396 esse.
1729 1376 1741 1394 ο

926 1406 1080 1446 Abjectum
1113 1413 1157 1439 est
1181 1410 1260 1449 qttod
1285 1409 1403 1445 dicitur,
1431 1419 1485 1440 nec
1513 1414 1611 1440 tamen
1630 1409 1747 1440 excedit

926 1451 1045 1482 modum
1064 1453 1401 1485 exinanitionis.Deinde
1416 1454 1502 1484 etiam
1515 1458 1744 1493 proptereorum

56 1498 205 1537 θυμότερον
253 1497 379 1534 βοηθήσει
426 1503 484 1527 τοῖς
534 1497 740 1536 πειραζομένοις.
787 1493 832 1528 Ὠς
862 1507 873 1523 ε

954 1495 974 1525 ti
991 1497 1113 1528 audiunt
1128 1499 1292 1535 infantiam,
1309 1499 1420 1529 dictum
1436 1498 1570 1534 est.Quid
1586 1498 1667 1529 enim
1683 1499 1745 1528 ait?

57 1543 136 1571 εἶπεν
163 1550 170 1556 ·
204 1542 283 1580 Πείρα
318 1541 406 1578 μαθὼν
435 1541 460 1569 τί
496 1541 550 1569 ἐστι
579 1542 608 1569 τὸ
636 1548 794 1579 πειρασμοῖς
830 1552 881 1569 πε-

58 1594 194 1625 ριπεσεῖν,
217 1586 269 1625 οὔχ
285 1586 321 1617 ὡς
337 1587 401 1616 Θεὸς
426 1587 516 1623 μόνον,
549 1585 618 1613 ἀλλὰ
647 1587 689 1613 καὶ
717 1587 753 1617 ὡς
782 1586 882 1624 ἅνθρω-

56 1643 108 1662 πος
124 1631 205 1669 πείρᾳ
220 1630 309 1667 μαθὼν
341 1630 371 1657 τὸ
399 1630 479 1661 πάθος
511 1628 638 1668 (δύναται,
667 1630 795 1666 τουτέστι,
812 1641 882 1675 πρῃο-

56 1676 204 1714 θλμότεροιθ
241 1674 322 1713 ὀρέξει
349 1680 430 1714 χεῖρα
464 1682 522 1706 τοῖς
543 1674 749 1713 πειραζομένοις.
775 1692 814 1697 -
844 1674 878 1710 ll,

57 1719 175 1760 [ΦΩΤ]
200 1719 311 1747 Δύναται
336 1725 394 1750 τοϊς
424 1720 620 1758 πειραζομὲνοις
641 1719 781 1756 βοηθῆσαι,
800 1720 880 1750 οὕτως

56 1764 220 1798 ὲκληπτέον,
237 1762 345 1796 Ἐπειδὴ
379 1763 440 1803 γὰρ,
476 1764 554 1802 φησὶν
574 1763 750 1802 ἀναμαρτήτῳ
779 1764 881 1800 σώματι

56 1812 95 1847 τῷ
126 1811 283 1845 Δεσποτικῷ
319 1806 484 1842 ἐπεπήδησεν
513 1809 526 1835 ὁ
556 1810 683 1847 Πονηρὸς,
712 1809 755 1836 καὶ
785 1819 880 1847 πειρα-

58 1860 141 1891 σμοῖς
173 1851 326 1892 περιϐαλεῖν
355 1852 479 1891 ἐπειράθη
497 1859 503 1866 '
526 1851 581 1889 (διὰ
596 1853 644 1891 γὰρ
677 1854 769 1880 ἑαυτοῦ
794 1863 880 1891 προσ-

56 1897 138 1927 έϐαλε
153 1897 284 1936 πειράζων
301 1906 308 1913 ·
331 1897 375 1924 καὶ
409 1897 468 1927 τοὺς
496 1895 633 1927 Ἰουδαίους
657 1898 733 1928 αὐτὸς
754 1897 786 1930 ἧν
802 1898 816 1924 ὁ
832 1897 879 1924 ἆν-

56 1943 181 1982 ερεῡζων
196 1943 231 1974 εἰς
258 1941 308 1974 την
342 1941 409 1969 κατὰ
443 1945 489 1969 τοῦ
533 1941 665 1969 Δεσπότου
693 1942 843 1980 μιαιφονίαν

56 1988 118 2016 ἐπεὶ
156 1986 200 2014 οὖν
236 1985 419 2025 ἀναμάρτητον
448 1985 519 2025 ἔχων
569 1989 645 2023 σῶμα
668 1986 809 2025 ὶπειράαθη
837 1987 881 2014 καὶ

55 2032 200 2070 πέποκὴεν,
216 2031 293 2069 ἰσχὺν
315 2029 414 2058 δικαίαν
449 2031 492 2058 καὶ
528 2029 634 2069 εὔλογον
661 2030 719 2070 ἔχει
748 2031 815 2058 κατα
836 2034 880 2058 τοῦ

58 2079 194 2115 Ποηραό,
211 2075 254 2103 καὶ
277 2075 336 2106 τοὺς
378 2073 419 2114 ὑφ’
447 2075 573 2114 ἁμαρτίας
607 2074 745 2107 τελοῦντας
778 2075 879 2114 ἀνθρώ-

55 2131 124 2152 πους
155 2120 315 2159 ἀφαρπάζειν
356 2123 408 2147 τῶν
457 2119 557 2147 ἐκεῖθεν
587 2119 756 2158 ἐπαγομένων
784 2130 880 2158 πειρα-

55 2169 148 2204 σμῶν,
176 2164 220 2192 καὶ
248 2164 343 2202 βοηθὸς
372 2163 539 2192 καθίστασθαι
582 2170 641 2195 τοῖς
670 2164 878 2201 πειραζομένοις.

924 1539 964 1569 Ex
979 1541 1034 1572 hoc
1050 1542 1127 1582 quod
1142 1542 1197 1582 ipsi
1210 1543 1331 1581 contigit
1343 1553 1349 1572 :
1360 1543 1416 1573 hoc
1435 1548 1490 1579 est,
1503 1541 1743 1582 quandoquidem

925 1585 981 1623 ipsi
997 1587 1105 1616 accidit
1121 1591 1150 1616 ut
1165 1587 1228 1626 ipse
1245 1587 1363 1627 proprio
1387 1595 1513 1626 corpore
1538 1591 1701 1616 tentaretur
1716 1589 1745 1616 et

925 1630 1116 1668 affliget-etut;
1143 1631 1305 1671 promptius
1334 1631 1525 1662 auxiliabitur
1539 1630 1584 1661 his
1604 1630 1654 1670 qui
1665 1630 1743 1660 affli-

923 1679 1041 1713 guntur.
1061 1676 1101 1705 Ac
1117 1675 1265 1706 sidiceret
1285 1684 1290 1705 :
1314 1676 1386 1707 Cum
1398 1675 1581 1715 experientia
1592 1674 1742 1710 didicerit,

924 1719 992 1758 quid
1009 1719 1047 1748 sit
1058 1719 1087 1749 in
1104 1720 1280 1750 tentationes
1300 1724 1329 1750 et
1344 1719 1521 1751 afflictiones
1535 1719 1743 1750 incidereznon

923 1763 1018 1793 solutn
1031 1771 1062 1794 ut
1077 1764 1359 1797 Deus,verumetiam
1375 1769 1408 1796 ut
1419 1765 1507 1794 homo
1522 1763 1572 1804 qui
1588 1763 1743 1804 experien-

923 1807 962 1838 tia
978 1809 1110 1848 percepit
1125 1809 1328 1849 afﬂictiouem,
1346 1813 1451 1849 potest,
1469 1807 1560 1845 idest,
1575 1807 1742 1848 prOmptius

923 1861 1041 1882 manum
1064 1853 1195 1892 porriget
1215 1853 1340 1883 alﬁictis.
1367 1853 1449 1884 Aut:
1464 1870 1493 1874 —
1526 1853 1626 1882 Potest
1640 1851 1677 1882 iis
1691 1851 1742 1891 qui

923 1901 1075 1928 tentantur
1098 1907 1284 1937 succurrere,
1311 1898 1350 1928 ita
1373 1896 1578 1936 accipiendum
1594 1899 1650 1927 est.
1666 1895 1740 1925 Nam

922 1943 991 1981 quin
1017 1942 1162 1980 malignus
1185 1942 1234 1972 ille
1252 1941 1357 1972 insiliit
1371 1941 1401 1971 in
1417 1950 1524 1980 corpus
1552 1939 1741 1971 Dominicum

922 1986 999 2026 quod
1021 1995 1125 2026 expers
1140 1991 1202 2016 erat
1213 1986 1333 2016 omnino
1348 1986 1473 2026 peccati.
1489 1989 1518 2016 et
1531 1983 1741 2016 tentationibus

922 2035 950 2061 et
965 2030 1173 2061 afﬂictionibus
1189 2030 1342 2070 implicare
1358 2035 1480 2061 conatus
1490 2033 1548 2060 est:
1568 2038 1636 2059 nam
1648 2033 1676 2058 et
1689 2037 1741 2068 per

920 2075 1050 2114 seipsum
1062 2075 1199 2105 tentando
1206 2076 1379 2113 occurrit,et
1391 2075 1576 2114 .lndaaosipse
1587 2074 1617 2104 in
1628 2075 1740 2104 caedem

921 2120 1064 2150 adversns
1093 2119 1249 2150 Dominum
1275 2120 1533 2160 cont-itavitzquia
1556 2117 1654 2157 igitur,
1673 2126 1739 2148 cum

922 2173 1031 2204 corpus
1055 2163 1178 2194 haberet
1198 2164 1271 2194 nulli
1288 2167 1406 2204 peccato
1422 2163 1593 2200 obnoxium,
1612 2165 1740 2192 tentatus

67 2214 89 2240 Π
128 2209 180 2249 γὰρ
207 2209 275 2236 κατὰ
308 2213 354 2236 τοῦ
380 2207 564 2247 ἀναμαρτήτου
601 2208 722 2245 σώματος
751 2209 875 2247 θρασύτης

954 2222 955 2235 :
971 2217 1074 2248 passus
1089 2212 1151 2239 est:
1161 2209 1239 2247 juste
1249 2218 1283 2239 ac
1300 2208 1515 2238 rationabiliter
1535 2207 1739 2238 fortitudinem

55 2259 103 2283 τοῦ
126 2256 245 2292 πονηροό
260 2251 366 2291 εὔλογον
391 2253 436 2280 καὶ
464 2251 564 2281 δικαίαν
592 2256 630 2289 τῷ
661 2253 781 2290 Δεσπότῃ
809 2263 875 2292 παρ-

954 2253 1010 2284 tbet
1024 2253 1254 2283 adversusi|lum
1269 2253 1439 2292 malignum,
1455 2256 1486 2282 ut
1501 2252 1588 2282 etiam
1604 2251 1741 2282 homines

57 2301 141 2340 ἔσχεν
155 2298 245 2338 ἰσχὺν,
263 2298 298 2328 εἷς
319 2298 349 2325 τὸ
371 2297 472 2336 ῥύεσθαι
507 2298 568 2328 τοὺς
601 2299 644 2338 ὑφ⁸
672 2298 798 2336 ἁμαρτίαν
826 2301 875 2325 τῶν

954 2297 971 2327 ti
986 2297 1040 2328 sub
1062 2302 1213 2337 peccatum
1232 2297 1343 2327 redacti
1369 2301 1447 2335 sunt,
1475 2297 1510 2327 ab
1527 2295 1656 2327 inductis
1670 2295 1740 2340 inde

56 2345 162 2372 ἐκεῖθεν
202 2343 367 2382 πειρασμῶν,
405 2343 448 2369 καὶ
483 2342 578 2379 βοηθὸν
621 2342 779 2381 εὑρίσκεσθαι
820 2348 875 2374 τοῖς

954 2342 1130 2373 llictionibus
1145 2341 1261 2382 eripiat,
1275 2346 1303 2372 et
1317 2342 1472 2372 auxiliator
1487 2341 1684 2371 constituatur
1694 2339 1741 2370 his

55 2387 258 2428 πειραζομένοις
264 2409 271 2418 ,

919 2387 970 2428 qui
984 2389 1114 2417 tentatur
1135 2390 1164 2416 et
1185 2386 1364 2425 affliguntur.
1383 2385 1535 2426 Siquidcm
1552 2385 1602 2414 illa
1618 2383 1741 2423 maligni

59 2432 188 2464 audacia
202 2440 237 2462 ac
267 2430 421 2461 temeritas
450 2430 590 2462 adversus
619 2439 727 2471 corpus
755 2430 829 2462 nulli
854 2432 1013 2463 obnoxium
1044 2435 1174 2471 peccato,
1201 2430 1406 2461 rationabilem
1437 2439 1470 2460 ac
1495 2431 1604 2469 justam
1640 2428 1743 2459 tribuit

55 2477 185 2509 Domino
201 2475 372 2516 potentiam,
388 2479 421 2506 ut
435 2485 486 2506 eos
501 2475 551 2515 qui
566 2480 684 2516 peccato
699 2475 817 2506 obnoxii
833 2481 918 2509 erant
947 2476 1074 2516 eriperet
1104 2475 1139 2505 ab
1168 2474 1378 2506 afﬂictionibus
1407 2475 1477 2505 inde
1506 2473 1738 2513 emergentibus,

57 2527 86 2554 et
99 2520 261 2553 auxiliator
274 2519 457 2551 inveniretur
471 2520 517 2551 his
532 2520 583 2560 qui
599 2524 747 2550 tentantur
761 2524 791 2551 et
805 2520 984 2560 affliguntur.

383 2575 508 2603 ΚΕΦΑΛ,
532 2567 563 2599 Α¹

59 2614 124 2648 υΟτι
155 2616 307 2646 πιστευτέον
359 2620 465 2656 Χριστῴ
492 2618 528 2649 ὡς
579 2620 672 2644 Monet
712 2616 876 2656 ἐπίστευσαν,

97 2658 155 2687 καθ’
192 2657 330 2696 ὑπεροχὴν
371 2655 398 2684 δὲ
425 2657 473 2690 τὴν
508 2662 555 2686 τοῦ
588 2661 654 2686 Θεοῦ
681 2658 747 2696 πρὸς
776 2657 876 2696 ἅνθρω-

96 2710 156 2729 πον.
175 2707 191 2728 )

97 2745 189 2789 “00:9,
228 2747 335 2788 ἀδελφοὶ
363 2747 448 2788 ἂγιοι,
471 2747 592 2783 κλήσεως
630 2747 780 2787 ἐπουρανίου
810 2747 874 2785 μέτ-

57 2804 126 2834 οχοι,
169 2793 355 2826 κατανοήσατε
403 2793 449 2820 τὸν
479 2791 623 2820 ἀπόστολον
665 2793 707 2820 καὶ
750 2792 875 2831 ἀρχιερέα

1242 2570 1360 2603 CAPUT
1382 2570 1430 2602 IV.

919 2627 996 2661 Quod
1011 2628 1131 2668 _(_3_hrt'sto
1159 2627 1328 2668 credendum
1350 2627 1653 2668 sit-quemadmodum,
1668 2627 1740 2668 M0“:

954 2664 1139 2696 crediderant,
1155 2666 1284 2699 tantoque
1298 2664 1328 2692 td
1340 2664 1438 2692 melius
1452 2666 1555 2699 quanto
1574 2663 1687 2699 dignior
1701 2664 1740 2691 est

952 2700 1026 2728 Deus
1037 2700 1154 2728 homine.

957 2746 1006 2785 ΙΙΙ,
1019 2746 1081 2778 1-3.
1092 2746 1184 2784 Unde,
1189 2747 1305 2786 fratres
1314 2749 1423 2784 sancti,
1436 2746 1601 2778 vocationis
1612 2744 1739 2777 cwlcstt's

916 2793 1090 2831 participes,
1107 2792 1295 2823 considerate
1313 2793 1384 2823 554
1398 2792 1562 2831 apostolum
1574 2795 1602 2822 et
1612 2789 1738 2830 pontiﬁ-
