1936 3080
191 140 250 173 303

188 244 286 285 ﬁdelis
297 245 337 276 sit
351 247 379 275 ei
393 244 552 284 quiipsum
568 244 905 284 fecit,quemadmodum
915 247 1011 279 Moses

186 290 220 320 in
230 292 293 320 tota
306 289 395 319 domo
408 297 474 318 sua.
506 289 600 319 Tanto
621 296 754 328 namque
774 290 888 328 majore
911 291 1011 330 gloria

188 342 281 374 quam
295 332 392 364 Moses
402 332 451 363 hic
465 332 578 372 dignus
588 335 632 363 est
646 332 777 369 habitus,
792 338 906 372 quanto
921 337 1012 373 maio-

187 386 252 408 rem
276 376 368 408 habet
387 377 536 407 honorem
561 376 589 407 is
609 379 663 415 qui
687 379 861 409 construxit
890 379 1011 410 domum

187 431 279 462 quam
294 423 361 461 ipsa
377 421 495 452 domus.

230 465 262 497 Si
283 465 373 505 igitur
397 465 558 505 participes
584 474 618 496 ac
642 466 716 496 socii
751 467 822 498 estis
850 468 1012 500 vocationis

188 510 329 547 ctelestis,
354 518 419 550 quae
441 509 482 539 ibi
503 513 571 540 sunt
595 511 736 549 qumrite.
763 511 901 552 nullaque
930 513 1012 544 vobis

186 555 261 585 ratio
272 554 423 584 siteorum
440 562 505 593 quae
526 553 572 584 hic
586 558 662 584 sunt.
681 567 693 581 α
708 555 883 595 Apostolum
895 561 923 587 et
935 566 1011 596 pon-

187 599 309 629 tiﬁcem.
329 609 343 628 ι
359 597 414 629 Ubi
425 598 461 628 ad
477 598 727 638 dispensationem
746 600 890 639 pervenit,
912 602 1012 632 omnia

186 643 330 683 deinceps
353 643 478 673 humilia
493 643 640 682 intrepide
658 643 816 683 eloquitur.
839 644 1010 684 Apostolum

187 692 285 718 autem
300 687 362 718 sive
378 687 506 726 legatum
519 687 592 717 dicit
607 687 714 727 ipsum.
732 688 802 727 quia
813 689 920 720 missus
937 693 981 719 est
996 699 1012 720 a

188 733 274 763 Patre
296 735 434 771 tanquam
458 731 559 768 homo,
587 730 788 762 Confessionis
818 742 898 768 vero,
930 733 1009 764 ﬁdei.

188 786 202 807 (
221 776 303 812 Quod
315 776 412 806 ﬁdelis
423 776 470 807 sit.
484 787 495 804 ι)
510 775 627 811 Fidem.
644 776 753 816 inquit,
771 777 900 807 servavit
916 777 1011 809 bene-

186 821 352 861 placentem
361 819 450 854 Patri.
457 820 596 860 idemque
603 829 668 850 cum
680 830 714 850 eo
722 821 859 851 sensitde
867 823 1011 852 servando

187 866 307 906 populo.
326 865 371 905 Ei,
391 865 499 905 inquit,
525 866 573 905 qui
592 865 690 905 ipsum
712 865 781 896 fecit
795 867 963 905 apostolum
977 876 1011 898 ac

188 910 371 950 pontiﬁcem,
388 910 444 940 hoc
461 913 516 945 est,
531 909 607 940 Patri
623 919 689 940 suo.
707 909 785 940 Nihil
802 915 900 941 autem
912 911 1011 942 admi-

186 953 313 984 randum
328 953 353 984 si
369 953 410 983 ita
423 953 590 993 loquantur,
608 953 682 984 facta
696 954 757 993 jam
777 954 870 984 semel
887 955 1009 994 dispen-

187 999 310 1030 sationis
334 997 494 1028 mentione.
515 1008 526 1024 ιι
545 997 580 1028 Et
601 998 652 1038 qui
680 998 776 1038 ipsum
803 999 874 1029 fecit
904 1012 915 1027 ιι
935 999 1010 1035 Quid

187 1042 280 1074 fecit?
292 1042 464 1082 Apostolum
482 1051 516 1072 ac
532 1043 714 1082 pontiﬁcem.
733 1043 794 1073 Hoc
812 1043 877 1074 loco
903 1053 960 1074 non
974 1045 1011 1074 de

187 1087 349 1118 substantia
373 1086 505 1126 loquitur
526 1096 623 1124 neque
652 1087 689 1117 de
718 1087 885 1122 divinitate.
905 1088 957 1118 sed
973 1089 1011 1119 de

186 1131 376 1172 dignitatibus
392 1131 544 1162 humanis.
563 1143 576 1159 α
594 1131 850 1167 Quemadmodum
869 1135 965 1164 Moses
980 1133 1009 1163 in

185 1181 247 1208 tota
268 1176 358 1206 domo
383 1184 446 1206 sua.
466 1188 480 1204 ι
501 1175 644 1206 Futurum
668 1179 713 1206 est
737 1180 769 1206 ut
796 1177 826 1207 in
852 1186 1008 1217 progressu

186 1224 335 1262 praeponat
357 1220 506 1251 Christum
526 1220 618 1250 Mosi:
637 1228 740 1250 verum
757 1221 899 1260 quoniam
925 1221 956 1252 hi
972 1222 1008 1252 ad

185 1275 260 1306 quos
274 1268 319 1296 est
330 1273 442 1304 sermo,
458 1264 514 1294 etsi
538 1264 642 1294 ﬁdeles
665 1269 760 1301 erant,
788 1265 948 1305 plurimum
962 1270 1007 1296 ta-

187 1319 254 1340 men
271 1313 301 1340 et
313 1309 414 1348 gloriae
426 1313 454 1339 et
469 1308 591 1339 honoris
607 1308 704 1339 adhuc
725 1309 798 1339 Mosi
823 1309 1007 1340 deferebant.

184 1363 222 1384 ne
247 1354 382 1393 protinus
407 1361 475 1383 suas
500 1352 674 1383 obturarent
698 1362 795 1390 aures,
824 1363 882 1383 non
911 1354 1008 1384 statim

186 1397 332 1438 praeponit
340 1397 489 1428 Christum
505 1396 646 1434 Mosi,sed
659 1397 778 1427 interim
785 1401 892 1438 equat,
901 1397 1010 1429 deinde

186 1441 217 1472 in
234 1450 393 1482 progressu
409 1440 564 1480 praeponit.
575 1440 663 1471 Suam
679 1445 775 1471 autem
792 1442 913 1472 domum
925 1451 1011 1473 voca-

185 1486 225 1516 vit
241 1485 379 1526 populum
394 1493 400 1515 :
416 1493 504 1524 porro
520 1484 661 1524 populum
674 1485 748 1515 dixit
759 1485 856 1523 Mosis,
869 1487 1008 1526 quoniam

184 1529 258 1571 ipsis
273 1529 428 1570 praefectus
444 1533 516 1559 erat.
530 1528 603 1559 Nam
619 1533 648 1560 et
663 1530 743 1560 Deus
762 1530 836 1560 dixit
851 1531 888 1561 ad
914 1540 981 1561 eum
999 1540 1005 1562 :

189 1587 199 1603 ι
213 1574 349 1606 Peccavit
360 1573 486 1614 populus
498 1577 566 1603 tuus
576 1573 619 1604 90.
635 1573 970 1609 i—«Quemadmodum
981 1579 1010 1606 et

187 1621 296 1657 Moses,
313 1631 327 1646 »
346 1617 455 1658 inquit.
478 1618 599 1648 Frustra
623 1617 711 1655 igitur
731 1627 778 1648 me
793 1619 1010 1650 calumniantur

187 1665 266 1704 apud
283 1671 346 1700 vos,
359 1661 409 1702 qui
425 1670 473 1692 me
482 1661 586 1692 dicunt
598 1661 817 1693 defunctionem
833 1672 849 1692 a
864 1664 945 1694 Mose
954 1663 1008 1693 do-

185 1717 265 1745 cere,
279 1711 308 1738 et
322 1715 392 1746 erga
408 1706 506 1746 ipsum
523 1706 646 1736 inimico
662 1706 801 1736 affectum
818 1716 883 1737 esse
895 1708 1006 1739 animo.

187 1753 250 1783 Hoc
277 1755 378 1783 autem
403 1750 478 1780 clam
505 1753 534 1780 et
555 1759 613 1780 non
635 1759 669 1780 ex
695 1751 845 1790 proposito
870 1760 1008 1782 sermone

183 1796 299 1827 inducit
312 1799 344 1826 ut
359 1794 451 1834 magis
468 1795 663 1834 persuadeat:
678 1803 746 1824 nam
763 1795 839 1834 quod
857 1795 892 1825 ad
907 1795 1008 1826 defen-

183 1842 298 1872 sionem
324 1843 458 1880 paratum
484 1843 539 1877 est,
557 1838 720 1878 suspicioni
745 1838 837 1878 magis
862 1839 1006 1879 subjacet.

188 1897 199 1914 α
218 1884 322 1924 Majori
341 1883 436 1922 gloria
454 1882 502 1912 hic
518 1883 636 1921 dignus.
656 1894 668 1910 υ
684 1882 756 1912 Cum
772 1883 893 1913 dixisset
908 1893 1007 1923 aequa-

183 1929 295 1960 litatem
317 1927 427 1958 Christi
449 1927 484 1957 ad
508 1927 632 1963 Mosam,
664 1935 743 1956 nunc
771 1927 909 1966 paulatim
936 1928 1009 1958 dixit.

183 1972 405 2004 excellentiam.
436 1983 449 1998 «
475 1969 582 2009 Maiore
607 1970 667 2001 hic.
691 1982 704 1997 n
734 1970 827 2006 Quis?
848 1970 903 2007 Qui
925 1972 1010 2011 juxta

750 137 957 173 (ECUMENII
977 136 1126 169 TRICGE
1144 136 1311 169 EPISCOPI

191 209 253 232 cem
271 201 467 240 confessionis
494 204 604 231 nostra
623 199 775 231 Christum
791 199 915 233 Iesum:
932 203 1009 243 quod

1092 216 1102 236 r;
1138 205 1281 244 ὁμολογίας
1316 193 1399 243 ἡμῶν¹
1448 204 1550 238 Ἰησοῦν
1600 205 1723 244 Χριστὸν,

1816 132 1881 166 304

1780 202 1880 231 πιστὸν

1052 248 1113 277 ὄντα
1148 253 1186 286 τῷ
1214 261 1353 282 ποιησαντι
1381 250 1458 278 αὑτὸν
1487 251 1524 282 ὡς
1558 250 1602 278 καὶ
1631 251 1730 282 Μωσῆς
1766 247 1792 275 ἑν
1819 245 1881 283 ὅλῳ

1052 297 1090 330 τῷ
1117 293 1186 331 οἴκῳ
1215 294 1304 323 αὖτοῦ.
1345 293 1467 325 Πλείονος
1502 294 1552 333 γὰρ
1588 292 1666 326 δόξης
1698 292 1773 323 οὗτος
1803 291 1883 330 παρὰ

1052 340 1152 371 Max-xiv
1179 338 1299 377 ἠξίωται,
1328 337 1389 366 καθ’
1418 337 1481 366 ὅσον
1508 337 1618 366 πλείονα
1638 336 1721 374 τιμὴν
1743 335 1802 376 ἔχει
1833 345 1885 363 του

1053 381 1129 409 οἴκου
1150 383 1164 410 ὁ
1179 382 1377 414 κατασκευάσας
1392 381 1484 411 αὐτόν.
1504 393 1516 410 ι

1094 470 1123 498 Εἰ
1137 469 1182 497 οὗν
1208 470 1320 510 μέτοχοι
1356 470 1400 498 καὶ
1427 471 1549 498 κοινωνοί
1583 469 1641 498 ἐστε
1676 472 1725 503 τῆς
1754 467 1883 502 κλήσεως

1052 516 1102 547 τῆς
1117 513 1280 553 ἐπουρανίου,
1305 515 1338 542 τὰ
1368 514 1426 542 ἐκεῖ
1459 518 1577 551 ζητεῖτε,
1612 515 1656 542 καὶ
1684 516 1737 541 τῶν
1766 512 1884 540 ἐνταῦθα

1052 557 1130 596 λόγος
1152 559 1216 595 ὑμῖν
1238 558 1305 586 ἔστω
1326 558 1429 596 μηδείς.
1458 568 1470 586 ι
1490 560 1540 587 Τὸν
1555 557 1704 587 ἀπόστολον
1718 558 1763 586 καὶ
1778 557 1883 596 ἀρχιε-

1052 602 1109 640 ρέα.
1130 613 1142 630 ι
1175 597 1273 630 Ἐλθὼν
1299 604 1334 634 εἰς
1369 603 1419 636 τὴν
1454 603 1613 640 οἰκονομίαν,
1651 602 1755 630 ἅπαντα
1782 601 1885 629 λοιπὸν

1052 645 1134 678 ἀδεῶς
1171 647 1204 674 τὰ
1227 647 1337 675 ταπεινὰ
1386 647 1537 687 φθέγγεται,
1575 646 1738 675 Ἀπόστολον
1761 644 1789 673 δὲ
1835 644 1885 672 αὖ·

1052 690 1096 718 τόν
1127 702 1204 730 φησι,
1233 690 1297 718 διότι
1326 690 1488 719 ἀπέσταλται
1533 691 1605 729 παρὰ
1632 694 1678 718 τοῦ
1702 690 1806 729 Πατρδς
1846 690 1885 720 ὡς

1053 733 1198 773 ἅνθρωπος.
1231 730 1388 774 Ὀμολογίας
1429 734 1467 771 δὲ,
1496 738 1544 768 τῆς
1579 735 1704 766 πίστεως,
1744 742 1757 762 1
1779 734 1884 761 Πιστὸν

1053 777 1126 808 ὄντα.
1145 790 1158 806 ι
1177 780 1316 815 Εὖνοϊκὸν,
1341 780 1416 819 φησὶ,
1439 780 1525 807 πίστιν
1550 779 1716 818 τετηρηκότσ
1727 781 1766 815 τῷ
1782 778 1882 816 Πατρὶ,

1053 823 1096 850 καὶ
1110 824 1140 851 τὸ
1155 824 1217 852 αὐτὸ
1232 827 1358 862 φρονοῦντα
1375 824 1446 860 αὖτῷ
1474 825 1531 860 περὶ
1559 825 1590 851 τὸ
1624 823 1716 859 σώζειν
1738 824 1783 850 τὸν
1799 822 1881 852 λαόν.

1053 871 1096 903 Τῷ
1119 867 1259 902 ποιήσαντι
1295 868 1384 904 αὐτὸν,
1407 868 1498 907 φησὶν,
1523 866 1671 895 ἀπόστολον
1706 867 1750 894 καὶ
1784 867 1884 906 ἀρχιε-

1051 911 1109 949 ρέα,
1139 911 1269 952 τουτέστι,
1298 914 1336 948 τῷ
1370 912 1449 951 Πατρὶ
1478 912 1566 942 αὖτοῦ.
1603 910 1682 940 Οὐδὲν
1711 910 1739 939 δὲ
1766 910 1882 938 ivra-501

1051 956 1199 993 θαυμαστὸν
1227 957 1248 984 εί
1269 955 1338 984 οὕτω
1361 955 1443 995 λέγει,
1471 956 1540 988 ἅπαξ
1568 958 1617 989 τῆς
1644 956 1796 993 οἰκονομίας
1814 955 1881 983 ἐπι-

1051 999 1208 1037 λαϐόμενος.
1234 1012 1247 1027 α
1265 1004 1308 1037 Τῷ
1330 1002 1470 1035 ποιήσαντι
1493 1000 1582 1029 αὐτόν.
1601 1011 1613 1028 ι
1652 1000 1682 1029 Τί
1711 1000 1879 1038 ποιήσαντις

1051 1043 1197 1072 ἀπόστολον
1225 1045 1269 1072 καὶ
1297 1044 1433 1084 ἀρχιερέα,
1463 1044 1589 1072 Ἐνταῦοσ
1637 1044 1667 1072 οὗ
1695 1044 1755 1082 περὶ
1786 1043 1880 1075 obuia:

1051 1089 1141 1128 φησὶν,
1173 1087 1230 1116 οὐδὲ
1265 1089 1324 1126 περὶ
1351 1089 1486 1125 θεότητος,
1517 1087 1586 1116 ἀλλὰ
1613 1089 1672 1126 περὶ
1716 1087 1880 1124 ἀξιωμάτων

1051 1132 1228 1172 ἀνθρωπίνων,
1253 1142 1268 1163 (
1287 1128 1332 1164 Ὠς
1347 1134 1390 1160 καὶ
1406 1134 1503 1166 Μωσῆς
1533 1132 1560 1159 ὲν
1581 1131 1636 1170 ὅλῳ
1670 1135 1708 1169 τῷ
1736 1132 1810 1168 οῗκίμ
1826 1132 1878 1159 αὖ·

1050 1180 1106 1207 τοῦ,
1131 1188 1145 1204 n
1170 1176 1265 1204 Μέλλει
1280 1177 1382 1216 προϊὼν
1396 1178 1441 1204 τὸν
1456 1177 1524 1204 κατὰ
1551 1176 1635 1215 σάρκα
1662 1176 1786 1215 Χριστὸν,
1806 1186 1878 1214 προ-

1049 1220 1145 1249 τιθέναι
1167 1220 1310 1256 Μωΰσὲως,
1326 1219 1386 1249 ἀλλ’
1408 1219 1500 1253 ἐπειδή
1517 1220 1538 1247 εἰ
1553 1221 1596 1248 καὶ
1610 1221 1698 1248 πιστοὶ
1717 1219 1787 1253 ἦσαν
1804 1221 1877 1248 οὗτοι

1050 1265 1115 1304 πρὸς
1133 1264 1177 1296 οὖς
1197 1265 1211 1292 ὁ
1221 1263 1311 1303 λόγος,
1328 1263 1446 1303 μεγάλας
1461 1264 1500 1292 ἔτι
1515 1263 1589 1296 δόξας
1605 1264 1686 1303 εἶχον
1701 1264 1761 1302 περὶ
1773 1263 1877 1291 Μωσέ-

1049 1319 1097 1345 ως,
1114 1308 1159 1337 ἵνα
1181 1309 1219 1346 μὴ
1235 1309 1328 1340 εὗθεως
1343 1307 1526 1348 ἀποφράξωσιν
1560 1309 1646 1336 αὐτῶν
1672 1309 1706 1336 τὰ
1733 1308 1804 1345 ὦτα,
1829 1308 1877 1335 οὐκ

1050 1353 1142 1384 eseam;
1184 1353 1320 1392 προτίθησι
1347 1353 1461 1384 Μωσέως
1488 1353 1533 1380 τὸν
1555 1353 1678 1391 Χριστὸν,
1708 1351 1778 1380 ἀλλὰ
1808 1352 1876 1382 τέως

1050 1396 1144 1433 ἐξισοῖ,
1161 1397 1222 1425 εἶτα
1250 1397 1352 1436 προϊὼν
1380 1397 1544 1435 προτίθησιν.
1567 1396 1651 1425 Οἷκον
1677 1395 1704 1423 δὲ
1731 1398 1814 1425 αὺτοῦ
1829 1397 1875 1423 τὸν

1051 1440 1113 1468 λαὸν
1135 1439 1269 1471 ἐκάλεσεν.
1292 1441 1376 1469 Αὖτοῦ
1397 1440 1424 1468 δὲ
1445 1441 1491 1468 τὸν
1518 1439 1580 1468 λαὸν
1596 1440 1658 1468 εἶπε
1673 1445 1720 1469 τοῦ
1741 1440 1874 1476 Μωσέως,

1019 1484 1114 1532 οδιότι
1130 1486 1272 1532 προστήκει
1295 1487 1391 1532 αὐτων,
1422 1485 1470 1513 Καὶ
1497 1485 1582 1532 rip-6
1611 1484 1687 1532 Sede.
1705 1495 1776 1532 φησι.
1809 1486 1875 1524 πρὸς

1051 1530 1139 1567 αὑτὸν,
1150 1525 1197 1558 «Ὀ
1209 1529 1272 1561 λαός
1285 1540 1332 1557 σου
1346 1528 1472 1567 ἥμαρτεν.
1487 1539 1499 1557 ι
1511 1527 1652 1568 -[ΦΩΤ.]
1662 1524 1726 1560 ιὪς
1736 1529 1780 1556 καὶ
1794 1532 1875 1556 Mutis-

1050 1577 1100 1606 σῆς
1113 1583 1120 1590 ·
1139 1585 1153 1601 ι
1170 1574 1239 1602 ὥστε
1267 1573 1353 1606 μάτην
1373 1571 1594 1612 διαλοιδοροῦνταί
1613 1583 1659 1610 μοι
1678 1574 1745 1612 πρὸς
1763 1573 1838 1607 ὑμᾶς
1854 1575 1876 1600 οἱ

1050 1618 1210 1646 ἀποστασίαν
1231 1628 1265 1656 με
1279 1617 1401 1656 λέγοντες
1431 1617 1483 1645 ἀπὸ
1519 1617 1634 1649 Μωσέως
1661 1615 1809 1654 διδάσκειν,
1833 1618 1877 1645 καὶ

1051 1663 1115 1701 πρὸς
1127 1662 1204 1690 αὗτὸν
1238 1661 1371 1699 δυσμενῶς
1387 1660 1544 1692 διακεῖσθαι,
1573 1660 1729 1694 Λεληθότως
1751 1661 1779 1689 δὲ
1812 1665 1877 1690 τοῦ-

1049 1718 1079 1735 το
1106 1708 1149 1735 καὶ
1184 1708 1213 1735 οὗ
1246 1707 1313 1735 κατὰ
1347 1705 1544 1744 προηγούμενον
1572 1704 1650 1744 λόγον
1682 1706 1797 1745 εἰσάγει,
1829 1706 1875 1733 ’ἕνα

1051 1750 1150 1782 μᾶλλον
1164 1751 1252 1789 πείσῃ.
1276 1751 1312 1779 T‘o
1341 1751 1391 1789 γὰρ
1419 1751 1456 1781 εἷς
1485 1748 1629 1788 ἆπολογίᾶν
1655 1750 1876 1789 παρεσκευασμέ-

1047 1807 1090 1823 νον
1107 1795 1207 1832 μᾶλλον
1235 1794 1363 1824 ὕποπτον.
1383 1805 1397 1821 α
1415 1793 1538 1825 Πλείονος
1560 1794 1610 1832 γὰρ
1638 1792 1717 1827 δόξης
1748 1796 1838 1827 οὗτος.
1860 1807 1873 1821 ι

1050 1840 1136 1868 Εἰπὼν
1158 1839 1206 1872 τὴν
1240 1840 1306 1878 πρὸς
1336 1840 1434 1871 Μωσῆν
1464 1838 1572 1871 ἰσότητα
1604 1841 1648 1866 τοῦ
1677 1840 1806 1877 Χριστοῦ,
1830 1843 1874 1867 νῦν

1048 1884 1134 1923 ἠρέμει
1148 1884 1197 1917 τὴν
1211 1883 1347 1923 ὑπεροχὴν
1368 1882 1450 1922 λέγει,
1471 1894 1484 1909 α
1502 1881 1623 1914 Πλεῖονος
1659 1883 1747 1914 οὗτος.
1766 1892 1782 1912 )
1808 1884 1872 1922 Th;

1049 1929 1063 1956 ὁ
1091 1928 1158 1956 κατὰ
1187 1928 1269 1967 σάρκα
1303 1928 1440 1964 νοούμενος
1464 1926 1588 1965 Χριστός,
1620 1938 1634 1954 σ
1665 1927 1738 1965 Παρὰ
1772 1930 1875 1960 Μωσῆν

1049 1971 1126 2005 δόξης
1147 1972 1265 2009 ἠξίωται,
1282 1972 1341 2000 καθ’
1368 1971 1440 2007 ὅσον,
1471 1972 1546 2011 φησὶ,
1576 1970 1684 1999 πλείονα
1711 1972 1797 2008 τιμὴν
1813 1971 1872 2011 ἔχει

182 2027 302 2048 carnem
315 2015 490 2054 intelligitur
505 2015 650 2045 Christus.
672 2015 800 2054 «.‘lajore
813 2015 906 2054 gloria
920 2025 1007 2055 quam

1092 2016 1195 2056 ιοῖκου,
1213 2018 1226 2044 ὁ
1242 2016 1437 2047 κατασκευάσας
1461 2015 1549 2044 αὐτόν.
1576 2026 1588 2043 it
1618 2016 1668 2044 Νῦν
1689 2015 1740 2048 τὴν
1756 2016 1875 2048 ὑστάτην

183 2061 280 2092 Moses
309 2059 358 2090 hic
381 2059 488 2098 dignus
509 2063 554 2088 est
580 2058 710 2096 habitus,
727 2063 835 2098 quanto
864 2059 1005 2099 majorem

1092 2061 1195 2100 ;ροχὴν,
1211 2061 1254 2088 καὶ
1283 2060 1332 2093 ὅση
1356 2063 1420 2088 Θεοῦ
1454 2060 1519 2098 πρὸς
1541 2059 1676 2098 ἄνθρωπον
1712 2059 1802 2099 λέγει,
1829 2060 1873 2088 καί

181 2105 270 2136 habet
296 2105 442 2134 honorem
471 2103 496 2133 is
537 2104 586 2142 qui
612 2103 774 2133 construxit
789 2103 908 2133 domum
920 2113 1007 2143 quam

1092 2116 1113 2132 τι
1131 2114 1136 2120 ·
1159 2106 1254 2137 Πιστὸς
1270 2104 1317 2142 μὲν
1337 2104 1369 2138 ἧν
1386 2106 1484 2137 Μωσῆς
1506 2103 1570 2142 ὑπὲρ
1595 2104 1682 2132 πάντα
1709 2105 1755 2132 τὸν
1781 2104 1870 2140 οἶκον,

183 2149 247 2189 ipsa
262 2149 381 2179 domus.
400 2160 413 2175 ι
430 2146 598 2178 Extremam
615 2156 692 2177 nunc
712 2146 795 2186 ponit
810 2148 1008 2186 praeeminen-

1092 2150 1177 2184 ιτέστι,
1194 2151 1239 2177 τὸν
1271 2149 1345 2178 λαόν.
1377 2147 1451 2182 Πλὴν
1474 2148 1518 2176 καὶ
1543 2148 1621 2179 ὠτὸς
1642 2152 1688 2176 τοῦ
1723 2147 1803 2177 οἴκου
1823 2149 1872 2185 ἧν,

184 2183 253 2224 tiam
264 2192 336 2223 556
350 2196 518 2232 quantaque
533 2195 580 2221 est
595 2190 648 2221 Dei
665 2191 701 2221 ad
712 2183 880 2228 hominem,
898 2197 928 2223 et
941 2195 980 2222 ait
997 2216 1004 2222 .

1106 2197 1152 2222 τοῦ
1166 2193 1230 2221 λαοῦ
1243 2195 1296 2225 εἷς.
1321 2196 1449 2222 Τοσοῦτον
1479 2192 1523 2220 οὖν
1544 2191 1665 2224 πλείονος
1700 2191 1780 2226 δόξης
1795 2194 1810 2221 ὁ
1822 2183 1872 2221 καέ

183 2237 294 2269 Fidelis
317 2237 437 2278 quidem
462 2240 526 2266 erat
548 2237 645 2266 Moses
660 2244 751 2275 super
766 2239 855 2265 totam
873 2235 1005 2273 domum,

1096 2238 1178 2277 σάρκα
1200 2238 1311 2276 Χριστὸς
1326 2236 1397 2275 παρά
1420 2238 1519 2269 Μωσῆν
1533 2235 1667 2273 ἡξίωται,,
1697 2236 1759 2265 ὅσον
1788 2238 1869 2278 εἰκὸς,

181 2283 212 2313 id
227 2287 281 2317 est,
298 2277 451 2322 populum,
467 2280 531 2320 ipse
547 2284 646 2310 tamen
672 2279 760 2310 etiam
786 2289 820 2309 ex
843 2279 931 2310 domo
946 2285 1009 2311 erat

1092 2282 1125 2319 τὶ,
1154 2283 1198 2309 τὸν
1234 2280 1391 2320 δημιουργὸν
1421 2283 1466 2308 τοῦ
1505 2279 1752 2319 δημιουργήματος.
1786 2277 1870 2310 Ὀσον

180 2331 209 2358 et
235 2336 311 2358 unus
336 2335 353 2357 e
379 2325 498 2365 populo.
531 2323 625 2354 Tanto
652 2323 744 2361 igitur
769 2323 904 2354 Christus
922 2325 1008 2364 juxta

1092 2337 1108 2362 ›,
1127 2326 1190 2365 φησὶ
1204 2324 1311 2353 πλείονα
1326 2324 1407 2362 τιμὴν
1422 2323 1481 2364 ἔχει
1507 2329 1554 2354 τοῦ
1581 2325 1658 2352 οἴκου
1673 2326 1687 2353 ὁ
1701 2325 1870 2354 κατασκευά-

182 2380 301 2402 carnem
333 2371 445 2410 majore
473 2368 567 2408 gloria
593 2367 700 2406 dignus
717 2371 761 2398 est
786 2367 903 2398 habitus
918 2378 1006 2408 quam

1092 2381 1096 2401 :
1112 2369 1200 2400 αὐτόν.
1216 2369 1301 2397 Οἶκον
1313 2369 1362 2407 γὰρ
1377 2368 1496 2404 ἐνταῦθα,
1526 2369 1571 2396 τὸν
1595 2367 1660 2396 λαὸν
1688 2370 1734 2397 σὺν
1750 2373 1790 2407 τῷ
1806 2373 1869 2398 Μω-

182 2417 290 2453 Moses,
306 2419 428 2454 quanto,
445 2413 552 2453 inquit.
570 2416 739 2451 aequumest
751 2412 918 2443 Creatorem
928 2423 1006 2451 prae-

1108 2413 1192 2453 λέγει,
1207 2412 1299 2446 ἐπειδὴ
1313 2414 1358 2440 καὶ
1373 2414 1485 2451 Μωσῆς,
1505 2412 1548 2444 εἷς
1576 2412 1610 2446 ἦν
1623 2417 1670 2442 τοῦ
1686 2412 1752 2442 λαοῦ
1769 2421 1777 2429 ·
1795 2424 1871 2446 ποιη-

181 2460 291 2491 cellere
320 2463 480 2489 creaturae:
499 2466 580 2492 nam,
598 2461 708 2496 quanto
726 2456 882 2496 maiorem,
898 2457 1005 2497 inquit,

1092 2469 1095 2490 ι
1116 2457 1143 2485 δὲ
1157 2461 1203 2485 τοῦ
1215 2457 1291 2485 οἴκου
1305 2458 1319 2484 ὁ
1333 2457 1456 2496 Χριστός.

180 2504 270 2535 habet
285 2504 429 2534 honorem
447 2502 471 2532 is
487 2501 538 2541 qui
554 2501 675 2530 domum
690 2501 866 2537 construxit,
896 2511 982 2541 quam
998 2502 1062 2541 ipsa
1087 2501 1204 2532 domus.
1234 2500 1387 2540 Siquidem
1416 2500 1537 2531 domum
1565 2500 1623 2531 hoc
1647 2501 1713 2532 loco
1727 2501 1869 2542 populum

178 2548 317 2588 appellat,
335 2546 385 2586 qui
401 2555 467 2576 cum
485 2545 564 2576 Mose
580 2548 662 2575 erat:
681 2544 921 2584 quandoquidem
937 2551 966 2576 et
982 2548 1075 2577 Moses
1090 2555 1168 2577 unus
1182 2549 1244 2576 erat
1272 2553 1289 2575 e
1317 2544 1445 2585 populo:
1475 2548 1643 2576 exstructor
1669 2555 1738 2577 vcro
1764 2547 1869 2577 domus

181 2596 244 2624 erat
258 2591 404 2623 Christus.

219 2636 269 2674 Ill,
278 2636 348 2667 4-6.
361 2636 468 2665 Omnis
479 2633 561 2664 enim
576 2631 682 2663 domus
696 2634 892 2663 constituitur
899 2633 936 2664 ab
948 2634 1006 2664 ali-

179 2682 352 2721 quo.Porro
367 2680 420 2719 qui
430 2677 564 2709 condidit
578 2677 693 2716 omnia,
706 2677 786 2707 Deus
803 2681 846 2708 est
862 2677 902 2708 Et
914 2679 1005 2708 Μοερε

1109 2679 1141 2706 τὰ
1189 2679 1274 2706 πάντα
1312 2678 1509 2709 κατασκευάσας
1559 2677 1635 2710 Θεός.

1090 2646 1101 2663 ο
1132 2638 1185 2666 Πᾶς
1213 2635 1263 2673 γὰρ
1289 2633 1366 2665 οἶκος
1393 2634 1613 2669 κατασκευάζεται
1651 2635 1702 2663 ὑπό
1730 2645 1814 2666 τινος,
1841 2629 1867 2661 I0

1684 2679 1735 2707 Καὶ
1772 2679 1866 2710 Μωσῆς

218 2765 249 2791 ³ο
264 2763 361 2796 Exod.
379 2772 461 2799 xxni,
481 2763 508 2792 7.
