1936 3080
201 143 258 176 30³1

758 143 962 175 ΟΕΟΗΜΕΝΙΙ
985 142 1131 173 ΤΗΙΟΟΑΞ
1153 141 1322 174 EPISCOPI

1823 138 1886 173 308

200 210 451 242 disserit.«Corda
467 213 590 241 vestra.»
607 209 726 241 Etenim
741 208 894 246 Israelitae,
909 208 1018 249 inquit,

1111 220 1141 239 LV.
1172 219 1183 237 (ι
1201 209 1252 240 Τὰς
1280 207 1385 248 καρδίας
1410 210 1496 246 ὑμῶν.
1521 220 1535 236 ι
1568 208 1617 237 Καὶ
1638 208 1686 247 γὰρ
1721 209 1745 236 οἱ
1774 207 1886 248 Ἰσραη-

200 256 274 286 duro
289 254 379 285 corde
393 255 474 292 facti,
495 253 746 285 exacerbaverunt
762 259 791 284 et
805 253 841 284 ad
857 253 930 283 iram
947 262 1017 293 pro—

199 303 379 330 vocaverunt
400 299 492 329 Deum
521 299 570 338 qui
596 298 668 338 ipsis
688 297 872 338 loquebatur.
893 309 906 324 α
923 297 956 327 In
971 297 1018 327 die

200 343 381 374 tentationis.
403 355 415 372 »
430 343 466 373 Et
480 342 574 383 qualis
599 343 655 373 fuit
679 343 742 373 haec
755 342 938 372 exacerbatio
955 350 1019 381 quas

200 388 231 418 in
246 388 295 418 die
306 388 382 418 facta
397 387 455 418 est?
466 387 582 427 quando
598 387 744 418 increduli
759 386 827 416 facti
843 387 915 421 Deo,
928 390 1019 416 tenta-

201 432 272 463 bant
282 442 363 464 eum.
379 445 392 460 α
411 431 486 462 Num
502 431 620 472 poterit,
636 431 782 471 inquiunt,
800 435 828 460 et
843 439 949 470 panem
965 430 1019 460 da-

200 486 234 508 re
248 481 297 507 aut
313 486 417 517 parare
442 485 575 507 mensam
600 476 709 516 populo
725 475 842 506 suo???
855 488 867 502 ι)
882 492 921 497 —
935 487 946 502 ι
965 473 1021 505 Ubi

203 525 390 552 tentaverunt
406 530 465 552 me.
488 533 496 549 ι
517 522 556 557 οὗ,
569 520 599 551 id
615 525 672 557 est,
698 520 762 554 ubi.
793 528 901 559 nempe
925 519 955 549 in
971 519 1020 549 de-

203 570 293 597 serto.
315 567 374 597 Aut
385 568 413 594 οὗ
423 570 569 605 πειρασμοῦ
580 564 610 595 id
631 569 685 601 est,
704 574 760 604 qua
776 563 938 594 tentatione
953 567 1021 593 ten-

203 613 339 641 taverunt
353 619 412 647 me,
428 613 460 640 ut
475 611 504 638 οὗ
519 609 558 640 sit
570 609 712 639 articulus
728 614 756 639 et
778 618 836 639 non
852 608 909 638 loci
925 607 1021 637 mani-

202 654 380 686 festativum.
397 667 410 682 α
424 654 560 684 Infensus
575 662 641 684 sum
657 653 840 693 generationi
856 652 909 683 illi.
929 665 942 679 »
960 651 1023 682 Hoc

203 703 259 736 est,
275 699 355 739 gravi
371 703 400 729 et
422 698 566 729 iracundo
587 697 629 728 fui
644 699 742 728 animo
771 707 841 736 erga
863 697 969 736 ipsam,
987 705 1022 726 eo

203 743 281 784 quod
303 751 422 783 semper
436 752 452 773 a
468 752 515 773 me
538 741 730 778 descisceret,
757 751 863 781 meque
883 745 1020 771 tentaret.

206 800 219 816 α
234 787 414 828 Utjurarem
429 787 460 817 in
475 786 519 817 ira
535 795 613 817 mea.
633 799 644 815 ι)
662 786 695 816 In
711 789 836 822 tantum,
851 785 1022 825 inquit,non

203 836 404 872 cognoverunt
419 831 480 861 vias
494 840 587 870 meas,
610 840 763 871 quousque
777 831 813 860 ad
828 831 884 860 hoc
903 839 949 859 me
975 830 1022 858 in—

203 877 362 914 duxerunt,
377 881 409 907 ut
418 877 549 916 jurarem
572 875 648 916 quod
666 875 827 914 ingressuri
847 884 907 905 non
924 878 1052 922 essentB

203 922 234 952 in
249 922 383 961 requiem
401 930 508 958 meam,
525 921 582 950 hoc
600 924 652 956 est,
672 924 778 950 terram
806 918 1019 959 promissionis,

1059 254 1142 293 λῖται,
1179 255 1254 293 φησὶ,
1287 253 1396 293 σκληροὶ
1421 254 1468 285 τὰς
1492 252 1597 291 καρδίας
1629 254 1777 291 γενόμενοι,
1810 264 1885 293 παρ-

1060 297 1199 337 επίκραναν
1212 299 1258 326 τὸν
1273 297 1403 326 λαλοῦντα
1419 299 1509 330 αὑτοῖς
1528 297 1603 328 Θεόν,
1624 307 1635 324 ι
1654 297 1727 325 Κατὰ
1742 297 1791 330 τὴν
1810 298 1884 335 ἡμέ-

1061 353 1107 381 ραν
1141 346 1188 370 τοῦ
1216 346 1372 382 πειρασμοῦ.
1393 354 1405 370 n
1439 343 1488 371 Καὶ
1516 349 1594 373 ποῖος
1617 343 1692 373 οὗτος
1721 343 1735 369 ὁ
1763 352 1886 381 παραπι-

1062 386 1179 425 κρασμός
1195 388 1209 414 ὁ
1232 387 1300 414 κατὰ
1328 387 1375 420 τὴν
1397 386 1498 426 ἡμέραν
1533 386 1674 425 γενόμενος
1693 395 1701 422 ;
1726 381 1794 414 ι’(ντε
1816 386 1886 414 ἀπι-

1063 434 1184 462 στοῦντες
1218 435 1255 468 τῷ
1270 434 1339 468 Θεῷ,
1356 432 1490 470 ἐπείραζον
1511 431 1600 460 αὐτόν,
1627 441 1641 458 α
1665 430 1710 463 Μὴ
1731 429 1886 465 δυνήσεται,

1063 475 1137 514 φησὶ,
1167 476 1210 503 καὶ
1238 475 1317 515 ἥρτον
1351 475 1449 515 δοῦναι,
1474 475 1491 508 ἣ
1513 475 1650 513 ἑτοιμάσαι
1685 475 1816 514 τράπεζαν
1846 477 1887 510 τῷ

1063 518 1120 555 λαῷ
1135 520 1233 560 arb-.06;
1255 532 1264 547 ι
1304 537 1341 542 -
1360 531 1372 547 ιι
1403 521 1440 548 Οὔ
1460 519 1600 566 ἐπείρασαν
1622 530 1666 556 με.
1692 530 1706 546 ι
1740 520 1786 554 Οὗ,
1803 518 1887 558 ὅπου,

1063 564 1206 602 τουτέστιν,
1232 564 1258 592 ἐν
1293 567 1327 602 τῇ
1355 564 1456 603 ἐρήμῳ.
1491 563 1532 604 Ἠ,
1562 565 1598 592 Οὗ
1632 563 1770 602 ἐπείρασαν
1794 573 1892 602 πειρα-

1063 613 1141 645 σμοῦ,
1157 607 1234 646 ’ίναῇ
1257 609 1298 645 τὸ,
1328 610 1373 646 Οὗ,
1400 609 1502 647 ἄρθρον,
1532 608 1599 636 ἀλλὰ
1621 608 1659 646 μὴ
1687 608 1769 635 τὸπου
1791 606 1887 641 δηλω-

1064 653 1147 681 τικόν.
1175 663 1187 680 1
1204 654 1377 693 Προσώχθισα
1406 656 1439 690 τῇ
1467 655 1544 692 γενεᾷ
1571 652 1670 690 ἐκείνῃ.
1688 663 1702 679 ι
1738 654 1814 692 Οἷον,
1834 652 1889 679 ἐπ-

1064 699 1154 736 αχθῶς
1171 697 1252 737 ἔσχον
1267 699 1332 737 πρὸς
1355 697 1448 732 αὐτὴν,
1466 696 1506 725 διὰ
1521 698 1551 725 τὸ
1564 696 1602 725 ἀεὶ
1624 697 1746 724 ἀπιστεῖν
1765 697 1809 724 καὶ
1824 707 1889 724 πει-

1064 742 1149 780 ράζειν
1171 753 1215 779 με,
1236 754 1245 769 ι
1269 738 1313 773 Ὡς
1328 742 1421 779 ὤμοσα
1443 741 1469 769 ἐν
1484 745 1518 780 τῇ
1541 743 1607 781 ὀργῇ
1620 752 1680 779 μου,
1709 753 1720 768 ι
1735 742 1777 773 Εἰς
1794 746 1890 770 τοσοῦ-

1063 796 1120 825 τον,
1143 787 1233 826 φησὶν,
1250 787 1296 814 οὒκ
1311 787 1428 826 ἔγνωσαν
1456 787 1501 818 τὰς
1531 786 1604 817 ὁδοὺς
1628 797 1688 823 μου,
1717 785 1767 817 ἕως
1796 787 1826 813 οὗ
1850 787 1889 817 εἰς

1064 832 1139 859 τοῦτό
1155 842 1188 867 με
1215 830 1327 870 ἤγαγον,
1357 831 1424 859 ὥστε
1450 831 1545 868 ὀμόσαι
1581 830 1619 868 μη
1647 829 1774 858 εἰσελθεῖν
1791 831 1889 861 αὖτοὺς

1065 875 1100 905 εἰς
1135 875 1182 908 τὴν
1210 875 1371 903 κατάπαυσίν
1407 886 1466 914 μου,
1517 874 1645 911 τουτέστι,
1679 875 1728 907 τὴν
1749 877 1800 913 γῆν
1836 877 1891 904 τῆς

1064 918 1233 958 ἐπαγγελίας,
1260 919 1286 946 έν
1313 921 1331 957 ᾖ
1359 919 1517 951 εἰσελθόντες
1545 918 1656 956 ἔμελλον
1686 919 1738 946 ἀπὸ
1766 921 1819 946 τῶν
1835 930 1888 946 πο-

203 967 235 997 in
248 975 335 1006 quam
351 975 418 996 cum
445 964 572 1004 ingressi
597 969 708 1000 essent,
735 965 864 994 futurum
883 967 945 993 erat
960 966 1022 993 uta

1111 974 1152 990 ,ων
1173 963 1358 994 ἀναπαύεσθαι,
1386 976 1399 991 «
1424 965 1452 993 Ei
1475 963 1664 992 εἰσελεύσονται
1686 963 1722 995 εἷς
1737 963 1785 996 τὴν
1798 964 1889 990 κατέ-

204 1010 291 1042 bellis
301 1010 499 1051 quiescerent.
518 1010 587 1040 557
603 1008 657 1040 «Si
668 1008 831 1038 introihunt
845 1008 874 1038 in
890 1007 1021 1047 requiem

1111 1019 1158 1035 ισιν
1174 1020 1235 1046 μου.
1254 1019 1268 1038 ιι
1295 1009 1368 1038 Ἀλλ’
1385 1009 1484 1037 ἐκεῖνοι
1501 1009 1547 1046 μὲν
1569 1009 1762 1043 ἀπιστήσαντες
1776 1009 1817 1036 ui
1829 1019 1889 1036 πει-

205 1064 310 1086 meam.
328 1067 340 1084 η
358 1053 414 1085 Sed
430 1054 472 1084 illi
488 1053 607 1093 quidem
631 1063 697 1084 cum
713 1052 860 1083 increduli
885 1052 1020 1088 fuissent,

1111 1063 1190 1084 ἀντες
1212 1055 1256 1081 τὸν
1268 1054 1331 1081 Θεὸν
1349 1056 1394 1083 οὐκ
1409 1053 1528 1087 εἰσῆλθον
1543 1055 1579 1085 εἷς
1596 1052 1786 1086 Παλαιστίνην.
1813 1053 1889 1086 Αὕτη

205 1109 264 1130 non
280 1103 348 1130 sunt
371 1092 505 1137 ingressi?
527 1097 722 1128 Palaestinam.
739 1097 811 1127 Nam
829 1098 890 1128 haec
905 1096 1025 1136 requies

1111 1109 1114 1123 ι
1133 1098 1150 1130 ἡ
1166 1098 1335 1130 κατάπαυσις.
1353 1092 1435 1135 Ἠμϊν
1450 1097 1476 1126 δὲ
1494 1099 1518 1126 τί
1532 1097 1615 1135 ἔσται,
1643 1099 1718 1137 φησὶ,
1750 1098 1788 1135 μὴ
1804 1097 1890 1131 οὔσης

205 1148 278 1176 erat.
295 1143 389 1176 Nobis
404 1149 514 1179 autem,
532 1142 638 1183 inquit,
655 1143 725 1182 quid
742 1142 809 1178 erit,
826 1151 892 1172 cum
909 1150 969 1171 non
988 1141 1026 1170 sit

1111 1152 1154 1179 ρας
1171 1143 1359 1174 καταπαύσεως
1387 1143 1429 1170 ἐπὶ
1458 1143 1519 1181 γῆς,
1554 1142 1587 1176 ἧς
1609 1141 1742 1179 μελλομεν
1777 1149 1889 1181 στερεῖ-

205 1189 263 1220 alia
275 1188 395 1229 requies
413 1187 444 1218 in
471 1191 560 1222 terra,
578 1196 634 1226 qua
659 1186 791 1226 privandi
808 1195 910 1216 sumus
925 1185 949 1215 si
964 1185 1024 1215 Deo

1111 1196 1124 1212 ;ι
1158 1185 1322 1218 ἀπειθοῦντες
1352 1190 1426 1226 Sed};
1458 1188 1517 1223 Ναὶ,
1547 1188 1636 1226 φησὶν,
1673 1186 1745 1214 ἔσται
1772 1187 1816 1214 καὶ
1845 1191 1890 1216 νῦν

205 1243 265 1264 non
278 1232 457 1264 credamus?
469 1231 614 1270 Profecto,
632 1231 683 1267 ait,
696 1231 785 1262 etiam
798 1239 875 1260 nunc
888 1230 944 1260 erit
958 1238 1026 1259 vera

1111 1229 1228 1262 ῖάπαυσις
1243 1232 1259 1264 ἡ
1276 1231 1401 1268 ἀληθινὴ,
1418 1231 1450 1265 ἧς
1464 1232 1544 1263 τύπος
1565 1231 1597 1264 ἧν
1626 1230 1712 1264 ἐκείνη
1727 1231 1744 1264 ἡ
1773 1230 1889 1268 παλαια,

205 1278 335 1319 requies,
352 1278 438 1316 cujus
452 1276 502 1306 illa
516 1280 601 1306 vetus
625 1279 689 1306 erat
713 1276 804 1314 ﬁgura
822 1285 828 1305 :
847 1278 876 1305 et
892 1275 946 1304 hac
962 1274 1024 1314 pri-

1131 1274 1247 1314 μέλχετε
1262 1276 1359 1309 ταύτης
1379 1278 1539 1316 στερεῖσθαι,
1568 1275 1645 1314 εἴπερ
1667 1275 1826 1310 ἀπιστήσετε
1851 1278 1891 1311 τῷ

205 1317 293 1353 vandi
308 1322 390 1358 estis,
407 1321 464 1351 nisi
481 1321 596 1351 Christo
622 1319 852 1350 credidideritis.
874 1317 1025 1358 Siquidem

1111 1321 1182 1355 ιστῷ.
1216 1320 1263 1348 Καὶ
1292 1321 1341 1359 γὰρ
1369 1327 1441 1360 τρεῖς
1469 1321 1518 1348 εὶσι
1546 1320 1734 1351 καταπαύσεις.
1770 1321 1822 1347 Μία
1861 1320 1892 1347 τὸ

208 1367 314 1407 triplex
339 1370 384 1396 est
406 1364 525 1405 requies
543 1373 622 1395 :una
647 1369 692 1395 est
719 1362 948 1407 Sabbatumtin
969 1371 1026 1402 quo

1111 1361 1214 1399 ὅϐατον,
1236 1364 1263 1392 ἐν
1278 1366 1300 1401 ᾧ
1327 1365 1490 1393 κατέπαυσεν
1506 1366 1519 1392 ὁ
1547 1365 1611 1395 Θεός
1640 1364 1693 1391 ἀπὸ
1722 1366 1774 1391 τῶν
1802 1363 1890 1403 ἔργων

206 1406 352 1451 requievit
378 1410 458 1440 Deus
484 1408 520 1439 ab
549 1408 688 1448 operibus
704 1409 785 1446 suis;
801 1406 942 1443 secunda,
959 1417 1026 1447 pro-

1111 1411 1157 1438 ςοῦ.
1182 1408 1303 1448 Δευτέρα,
1320 1410 1337 1443 ἡ
1364 1409 1544 1448 ἐπεγγελμένη
1573 1411 1622 1442 της
1645 1407 1822 1441 Παλαιστίνης

207 1455 298 1486 missa
315 1453 471 1486 Palestime
486 1457 566 1484 terra
581 1461 588 1483 :
607 1453 704 1490 tertia,
718 1453 839 1483 omnino
855 1453 1026 1492 vera,cujus

1111 1452 1158 1489 τη,
1176 1453 1193 1486 ἡ
1209 1453 1290 1484 ὅντως
1305 1454 1349 1481 καὶ
1361 1453 1475 1490 ἀληθὴς,
1491 1454 1524 1487 ἦς
1548 1454 1630 1484 τύπος
1653 1453 1720 1487 ἦσαν
1739 1454 1764 1482 αἱ
1779 1453 1892 1491 εἰρημέ-

208 1499 273 1530 ᾶυω
289 1498 435 1540 praedicta}
450 1498 543 1536 ﬁgura
556 1501 650 1534 erant,
668 1497 719 1528 ubi
744 1497 815 1536 fugit
840 1499 936 1530 omnis
961 1499 1025 1530 luc—

1123 1495 1177 1534 δύο,
1200 1497 1350 1535 ὴβασιλεία
1365 1501 1417 1526 τῶν
1446 1498 1572 1537 οὖρανῶν,
1603 1498 1661 1526 ἔνθα
1690 1496 1787 1535 ἀπέδρα
1816 1502 1891 1526 πᾶσα

208 1547 266 1582 tus,
282 1539 367 1575 dolor
382 1551 417 1572 ac
431 1542 570 1581 gemitus.
585 1541 646 1572 Hac
662 1550 743 1581 ergo,
767 1542 874 1582 inquit,
893 1543 1026 1583 privandi

1111 1552 1139 1574 ιη
1177 1543 1220 1569 καὶ
1243 1541 1320 1576 οδύνη
1350 1544 1392 1571 καὶ
1421 1543 1577 1581 στεναγμός,
1601 1545 1703 1575 Ταῦτης
1738 1541 1794 1577 οὖν,
1823 1544 1892 1582 φησί

207 1589 289 1625 estis,
303 1588 328 1618 si
344 1586 462 1618 Christo
476 1595 536 1616 non
552 1585 752 1617 credideritis.

247 1631 297 1670 III,
317 1631 415 1663 12-15.
437 1630 543 1667 Videte,
561 1631 685 1670 fratres,
698 1640 736 1661 ne
745 1632 864 1670 quando
876 1634 914 1664 sit
929 1634 961 1664 in
972 1634 1026 1665 ali-

207 1686 265 1717 quo
280 1680 412 1708 vestrum
423 1684 475 1707 cor
487 1684 616 1715 pravum
633 1675 866 1713 increduli/etis,
884 1682 916 1708 ut
931 1678 1027 1709 decis-

207 1725 286 1754 cata
302 1721 362 1753 Dea
377 1721 506 1756 vivente;
529 1720 581 1751 sed
602 1720 803 1751 exhortemim'
827 1730 878 1752 vos
901 1723 1027 1754 inuicem

205 1766 351 1807 quotidie,
381 1765 478 1804 quoad
505 1764 680 1804 appellatur
702 1765 765 1795 dies
787 1765 952 1797 hodiernus
967 1777 976 1797 .·
989 1776 1028 1799 ne

206 1814 274 1852 quis
289 1819 329 1842 επ
339 1810 422 1841 vobis
433 1809 600 1840 obduretur
612 1809 785 1840 scduclione
798 1812 915 1849 peccati
920 1811 1016 1851 ,δι’ᾳαὶ

205 1857 273 1887 dem
291 1855 458 1896 participes
482 1853 555 1893 facti
578 1862 682 1884 sumus
696 1854 821 1891 Christt,
836 1855 865 1885 si
878 1864 950 1886 sane
965 1857 1028 1886 im”-

206 1903 281 1931 tz'um
297 1899 474 1930 substantia:
489 1906 582 1938 usque
602 1906 621 1928 a
646 1898 735 1937 ﬁnem
758 1899 879 1938 ﬁrmum
894 1903 1030 1930 tenueri-

205 1947 317 1984 rz'mus,
330 1945 364 1975 in
377 1943 433 1974 hoc
445 1942 522 1982 quod
537 1943 662 1982 dicitur,
679 1943 775 1974 Hodie
798 1944 825 1974 si
847 1952 947 1974 vocem
966 1946 1031 1984 ejus

206 1990 378 2026 audieritis,
391 1997 428 2019 ne
443 1987 596 2019 obduretis
613 1987 704 2018 corda
716 1991 814 2019 vestra
826 1989 902 2019 sicut
915 1989 946 2020 in
958 1998 1029 2020 exa-

205 2035 389 2066 eerbatione.

246 2078 392 2109 Timentis
407 2076 530 2108 verbum
545 2081 609 2108 est:
626 2076 741 2117 Videte,
759 2077 865 2118 inquit,
884 2088 921 2108 ne
938 2082 964 2109 et
977 2088 1029 2109 vos

206 2127 326 2163 propter
341 2121 579 2153 incredulitatem
605 2130 673 2152 vera
688 2122 844 2161 prlvemini
859 2122 961 2162 requie
976 2132 1027 2153 re-

206 2169 255 2208 gni
264 2167 418 2199 rcelorum.
425 2166 500 2197 «Cor
506 2175 644 2206 pravum.
652 2178 662 2195 υ
677 2166 764 2197 Multa
772 2167 850 2197 enim
864 2172 932 2198 sunt
940 2176 1028 2207 prava

205 2211 297 2243 corda
312 2210 530 2242 incredulitatis
544 2211 605 2241 sive
619 2210 785 2242 incredula.
813 2211 865 2242 Est
880 2212 960 2242 enim
978 2221 1029 2242 cor

206 2265 329 2297 pravum
340 2255 623 2295 incredulum,quod
641 2264 761 2295 pravum
779 2259 823 2286 est
837 2255 872 2286 ad
891 2266 948 2287 non
962 2265 1028 2287 cre-

205 2301 350 2338 dendum,
367 2300 404 2331 ad
420 2300 584 2338 avaritiam,
611 2301 647 2330 ad
669 2299 854 2331 inferendam
875 2301 1027 2341 injuriam,

205 2346 242 2377 ad
260 2345 447 2383 ebrietatem,
465 2345 580 2385 aliaque
597 2345 768 2384 huiusmodi
783 2345 947 2376 innumera.
964 2346 1028 2377 Ma-

205 2391 251 2430 gis
266 2395 366 2422 autem
382 2394 412 2421 et
426 2390 508 2421 nulla
535 2389 612 2420 facta
637 2390 870 2429 comparatione,
889 2389 945 2421 Cor
958 2399 1027 2430 pra-

206 2445 274 2466 vum
290 2435 479 2466 incredulum
496 2438 540 2466 est
555 2434 635 2475 qnod
651 2443 667 2465 a
680 2435 738 2465 ﬁde
762 2435 890 2466 discedit
904 2443 970 2475 quae
985 2438 1030 2465 est

206 2481 236 2510 in
252 2480 358 2512 Deum.
375 2479 482 2511 Videte
508 2479 608 2519 igitur,
625 2479 732 2519 inquit,
750 2488 788 2510 ne
808 2479 925 2520 quando
941 2478 980 2509 sit
997 2478 1028 2509 in

205 2525 305 2565 aliquo
319 2529 450 2556 vestrum
467 2532 518 2555 cor
539 2532 660 2564 pravum
674 2523 861 2554 incredulum
873 2535 879 2553 :
892 2522 1029 2554 incredu-

207 2569 318 2601 litatem
331 2578 400 2600 vero
413 2569 482 2600 dico
497 2568 668 2599 desciscere
692 2577 709 2598 a
731 2568 791 2599 Deo
806 2568 931 2599 vivente.
948 2569 1028 2599 Bene

206 2617 306 2645 autem
319 2614 376 2645 ait:
394 2614 452 2645 Cor
467 2621 589 2654 pravum
608 2613 810 2644 incredulum.
837 2615 888 2644 Est
904 2612 984 2643 enim
999 2615 1029 2642 et

206 2667 258 2690 cor
268 2658 380 2690 bonum
395 2657 597 2699 incredulum,
609 2659 692 2698 juxta
707 2657 779 2688 illud
799 2668 805 2689 :
818 2657 862 2689 Ne
875 2657 956 2689 Omni
968 2656 1028 2697 spi-

205 2703 277 2734 ritui
294 2702 493 2743 credideritis,
523 2703 576 2734 sed
599 2703 722 2744 probate
748 2702 881 2743 Spiritus,
907 2711 976 2732 num
992 2710 1027 2732 ex

244 2787 274 2814 ³⁵
287 2787 367 2821 Psal.
383 2796 494 2826 LXXVII,
515 2788 561 2820 19.

1072 1585 1182 1622 μέλλετε
1205 1589 1350 1626 στερεῖσθαι
1365 1587 1553 1622 ἀπειθήσαντες
1568 1590 1606 1624 τῷ
1623 1589 1737 1626 Χριστῷ,

1113 1641 1124 1658 ι
1143 1630 1268 1666 Βλέπετε,
1296 1630 1412 1670 ἀδελφοὶ,
1430 1632 1468 1669 μὴ
1492 1642 1556 1659 ποτε
1586 1631 1659 1659 ἔσται
1681 1631 1708 1658 ἐν
1742 1641 1792 1658 τινι
1817 1631 1893 1669 ὑμῶν

1069 1673 1158 1714 καρδία
1194 1676 1296 1715 πονηρὰ
1337 1676 1456 1708 ἀπιστίας
1504 1676 1532 1703 ἐν
1567 1679 1605 1712 τῷ
1643 1675 1790 1708 ἀποστῆναι
1840 1677 1892 1704 ἀπὸ
1935 1673 1936 1693 l

1070 1722 1134 1746 Θεοῦ
1175 1722 1283 1755 ζῶντος.
1327 1720 1410 1748 Ἀλλὰ
1451 1719 1629 1759 παρακαλεῖτε
1682 1720 1788 1751 ἑαυτοὺς
1834 1720 1892 1748 καθ’

1071 1763 1183 1796 ἑκάστην
1219 1765 1332 1804 ἡμέραν,
1361 1765 1439 1805 ἄχρις
1478 1766 1506 1793 οὗ
1553 1766 1584 1792 τὸ
1611 1765 1726 1803 σήμερον
1753 1763 1891 1802 καλεῖται,

1069 1806 1114 1835 ἴνα
1142 1809 1180 1846 μὴ
1210 1809 1357 1849 σκληρυνθῇ
1381 1809 1406 1842 ἐξ
1440 1810 1512 1846 ὑμῶν
1541 1820 1580 1841 τις
1608 1809 1696 1842 ἀπάτη
1732 1809 1780 1843 τῆς
1811 1810 1894 1849 ἁμαρ-

1070 1853 1136 1883 τίας.
1167 1853 1282 1893 Μέτοχοι
1316 1855 1365 1893 γὰρ
1391 1854 1536 1893 γεγόναμεν
1572 1857 1617 1881 τοῦ
1643 1856 1766 1892 Χριστοῦ,
1794 1854 1892 1893 ἐάνπερ

1071 1897 1119 1929 τὴν
1153 1898 1241 1937 ἀρχὴν
1282 1901 1330 1932 τῆς
1358 1899 1524 1929 ὑποστάσεως
1554 1898 1634 1937 μέχρι
1666 1897 1756 1929 τέλους
1783 1897 1892 1935 βεϐαίαν

1072 1942 1262 1982 κατάσχωμεν,
1298 1945 1325 1971 ἓν
1354 1947 1391 1980 τῷ
1419 1943 1537 1982 λέγεσθαι
1562 1950 1568 1956 '

1070 2032 1142 2068 ὑμῶν
1164 2033 1200 2063 ὡς
1223 2032 1248 2059 ὲν
1323 2034 1547 2072 παραπικρασμῷ,
1575 2044 1586 2059 ι

1110 2074 1256 2109 Φοϐοὖντος
1284 2078 1313 2104 τὸ
1355 2078 1437 2115 ῥῆμα,
1489 2077 1613 2113 Βλέπετε,
1644 2077 1718 2116 φησὶ,
1775 2077 1816 2113 μὴ
1850 2077 1893 2104 καὶ

1068 2121 1146 2156 ὑμεῖς
1162 2119 1203 2148 διὰ
1230 2121 1279 2154 τὴν
1308 2122 1430 2149 ἀπιστίαν
1453 2123 1604 2161 στηρηοῆτε
1620 2123 1668 2154 τῆς
1690 2119 1773 2152 ὄντως
1791 2130 1799 2160 ς
1825 2120 1892 2148 ἀνα-

1070 2165 1202 2202 παύσεως,
1238 2168 1286 2199 τῆς
1322 2165 1454 2204 βασιλείας
1499 2170 1552 2194 τῶν
1580 2168 1705 2204 οὖρανῶν.

1069 2210 1181 2246 πονηρά.
1211 2223 1221 2237 ι)
1255 2210 1353 2239 Πολλαὶ
1388 2212 1434 2249 μέν
1465 2213 1514 2239 εἰσι
1542 2211 1643 2251 καρδίαι
1684 2210 1798 2249 πονηραὶ
1828 2210 1892 2237 ἁπι-

1070 2255 1154 2287 στίας,
1191 2250 1270 2283 ’Ἐστι
1295 2257 1345 2295 γὰρ
1379 2256 1470 2295 καρδία
1499 2250 1601 2296 πονηρὰ
1629 2255 1763 2291 ἀπιστίας,
1794 2255 1826 2282 τὸ
1854 2255 1891 2291 μὴ

1070 2300 1200 2328 πιστεύειν
1214 2301 1293 2328 κανὸν
1324 2300 1394 2328 εἶναι
1423 2302 1453 2329 τὸ
1481 2300 1707 2341 φιλοχρηματεῖν,
1739 2300 1769 2327 τὸ
1795 2299 1889 2339 ἄρχειν

1070 2343 1178 2384 ὕϐρεως,
1209 2346 1239 2372 τὸ
1281 2345 1462 2385 μεθύσκεσθαι,
1485 2346 1527 2373 καὶ
1576 2346 1653 2385 μυρία
1683 2343 1762 2373 ἄλλα.
1792 2347 1891 2379 Μεῖζον

1070 2387 1096 2416 δὲ
1126 2390 1169 2417 καὶ
1197 2389 1370 2430 ἀσυγκρίτως,
1400 2390 1490 2430 καρδία
1520 2390 1573 2419 ἐστὶ
1611 2390 1713 2429 πονηρὰ
1755 2389 1890 2426 ἀπιστίας,

1069 2435 1086 2467 ἡ
1121 2433 1285 2472 ἀφισταμένη
1321 2435 1370 2468 τῆς
1408 2435 1521 2467 πίστεως
1551 2438 1599 2469 τῆς
1634 2435 1700 2474 πρὸς
1745 2434 1790 2462 τὸν
1814 2438 1889 2464 Θεον.

1072 2477 1185 2506 Βλέπετε
1207 2479 1262 2516 οὖν,
1285 2480 1359 2518 φησὶ,
1384 2480 1421 2516 μή
1446 2490 1510 2507 ποτε
1526 2479 1597 2508 ἔσται
1623 2480 1650 2507 ἓν
1670 2490 1720 2507 τινι
1735 2479 1808 2516 ὑμῶν
1825 2490 1891 2519 καρ-

1070 2522 1110 2550 δία
1139 2524 1243 2562 πονηρὰ
1279 2523 1415 2556 ἀπιστίας.

1071 2569 1119 2600 τῆς
1145 2567 1297 2607 ἀφιστώσης
1326 2568 1378 2596 ἀπὸ
1415 2572 1480 2596 Θεοῦ
1505 2570 1611 2604 ζῶντος.
1650 2567 1743 2599 Καλῶς
1769 2567 1798 2596 δέ
1813 2580 1888 2608 φησι.

1071 2610 1167 2650 Καρδία
1203 2613 1306 2652 πονηρὰ
1347 2613 1480 2645 ἀπιστίας.
1513 2608 1594 2642 ’Ἐστι
1636 2614 1686 2653 γὰρ
1713 2613 1756 2641 καὶ
1799 2613 1889 2653 καρδία

1068 2656 1155 2695 ἀγαθὴ
1184 2657 1318 2695 ἀπιστίας,
1347 2659 1382 2690 ὡς
1429 2658 1471 2697 τὸ,
1513 2669 1524 2686 ι
1556 2659 1600 2692 Μὴ
1639 2659 1772 2686 πιστεύετε
1812 2660 1888 2687 παντὶ

1069 2701 1208 2739 πνεύματι,
1243 2701 1312 2730 ἀλλὰ
1356 2701 1508 2739 δοκιμάζετε
1550 2703 1581 2732 τὰ
1609 2703 1757 2742 πνεύματα,
1802 2704 1823 2731 εἰ
1861 2704 1888 2731 ἐκ

1600 1945 1720 1982 Σγμερον
1764 1941 1810 1970 ἐὰν
1843 1946 1890 1975 τῆς

1072 1987 1159 2025 φωνῆς
1176 1987 1253 2015 αὐτοῦ
1277 1988 1418 2028 ἀκούσητε,
1449 1989 1487 2026 μὴ
1515 1987 1678 2026 σκληρύνητε
1707 1987 1754 2017 τὰς
1783 1987 1892 2026 καρδίας

1459 2522 1596 2556 Ἀπιστίας
1632 2523 1660 2552 δέ
1688 2535 1770 2564 φημι,
1800 2526 1889 2564 φησὶ·
1935 2546 1936 2551 η

1934 1739 1936 1860 l

1934 2030 1936 2158 l

1754 2176 1764 2191 ι
1795 2164 1891 2205 Καρδία
1935 2195 1936 2198 η
