1936 3080
171 115 228 148 3η

487 180 611 213 CAPUT
632 182 683 213 Vl.

204 227 391 259 Exhortatio
405 232 438 260 ut
452 231 600 260 conentur
611 229 731 269 ingredi
746 229 883 269 requiem
897 236 964 268 quae

426 272 663 308 prtemonstrata
682 272 737 299 est.

208 311 381 343 Metuamus
395 312 492 352 igitur
507 321 544 344 ne
559 313 679 353 quando
694 313 839 344 derelicta
858 312 994 353 promis—

169 355 250 386 sione
264 356 444 387 introeundi
459 357 491 388 in
505 359 636 397 requiem
651 358 725 398 ejus,
742 358 864 389 videtur
877 356 998 397 {aliquis

171 409 210 431 ea:
223 400 306 431 vobis
321 409 382 432 esse
394 401 575 440 frustratus.
593 401 714 433 Etenim
731 403 812 433 vobis
827 401 997 433 annuntia-

171 447 236 475 tum
259 447 313 480 est,
338 445 591 484 quemadmodum
608 449 637 477 et
651 446 724 477 illis.
741 448 780 477 At
801 455 861 477 non
881 446 998 486 pro/uit

170 488 232 520 illis
244 489 369 521 auditus
381 499 476 521 sermo
489 491 568 530 quod
583 499 644 522 non
660 495 757 522 essent
776 491 926 522 commisti
940 489 999 529 fide

170 533 210 564 iis
222 535 275 572 qui
286 535 463 566 audierant.

212 577 285 608 Cum
302 578 421 614 dicitur,
432 578 537 619 inquit,
556 578 652 610 Hodie
664 580 689 610 si
703 588 806 610 vocem
820 579 885 618 ejus
898 578 999 609 audie-

172 621 252 662 ritis,
269 631 307 653 ne
324 622 475 653 obduretis
500 623 590 654 corda
615 627 712 654 vestra
735 623 814 654 sicut
829 623 860 653 in
876 631 999 653 exacer-

171 665 513 702 batione,timeamus.ln
530 671 703 699 transcursu
719 672 820 698 autem
833 667 930 708 posuit
943 667 998 703 οὖν,

171 709 201 741 id
221 714 274 747 est,
292 710 470 748 igitur.Nam
484 711 552 751 quia
568 712 686 752 longior
712 721 796 752 atquo
814 715 878 742 erat
893 711 998 747 oratio,

173 763 210 785 ne
221 754 371 785 videretur
383 755 530 786 ordinatio
545 756 689 787 orationis
701 756 909 795 conjunctione
919 764 1000 786 care-

171 808 215 835 re,
227 798 309 829 addit
319 799 374 836 οὖν,
389 799 419 829 id
436 804 493 839 est,
510 800 610 839 igitur.
634 800 818 840 Timeamus,
839 799 946 840 inquit,
963 809 1000 830 ne

172 842 291 884 quando
308 842 459 883 privemur
475 853 510 874 ea
526 854 592 884 quae
606 845 785 885 relinquitur
801 843 1000 884 promissione

739 115 943 147 (ECUMENII
965 115 1113 147 TRIGCE
1133 117 1301 149 EPISGOPI

1798 112 1866 145 3|2

1357 184 1482 211 ΚΕΦΛΛ.
1497 176 1538 211 s'.

1039 237 1050 254 ε
1089 226 1229 266 Προτροπὴ
1268 225 1411 256 σπουδάσαι
1465 227 1502 258 εἰς

1335 270 1513 300 κατάπαυσιν.
1538 280 1550 299 ι

1082 325 1094 342 α
1123 313 1287 353 Φοϐηθὼμιν
1309 315 1352 343 οὖν
1380 315 1483 352 μήποτε
1523 313 1754 352 καταλειπομένης
1784 313 1875 350 ἐπαγ-

1040 359 1128 398 γελίας
1143 359 1271 388 εἰσελθεῖν
1299 361 1335 391 εἰς
1356 359 1406 388 τὴν
1423 359 1586 388 κατάπαυσιν
1615 361 1707 399 αὑτοῦ,
1736 357 1803 395 δοκῇ
1824 368 1872 387 τις

1039 403 1065 436 ἓξ
1086 405 1159 440 ὑμῶν
1173 404 1354 444 ὑστερηκέναι,
1386 405 1435 433 Καὶ
1462 404 1512 443 γὰρ
1538 403 1616 440 ἐσμεν
1644 402 1873 442 εὒηγγελισμένοι

1038 448 1154 487 καθάπερ
1168 448 1300 480 κάκεῖνοι,
1327 443 1397 477 Ἀλλ’
1420 449 1467 477 οὐκ
1487 447 1624 488 ὠφέλησεν
1661 449 1676 476 ὁ
1703 447 1783 486 λόγος
1813 447 1871 479 τῆς

1039 492 1121 525 ἀκοῆς
1143 493 1269 533 ἐκείνους,
1299 493 1337 531 μὴ
1354 492 1588 532 Δσυγκ.εκρ‹αι.ιένοιις
1621 495 1655 530 τῇ
1689 492 1775 520 πίστει
1801 498 1871 522 τοῖς

1041 536 1198 566 ἀκούσασιν.
1219 547 1230 564 ι

1081 579 1125 608 Ἐν
1147 582 1185 618 τῷ
1209 581 1341 620 λέγεσθαι,
1375 582 1451 621 φησί,
1481 582 1602 621 Σήμερον
1632 579 1677 608 ἐὰν
1704 582 1754 613 τῆς
1779 582 1872 620 φονῆς

1042 626 1119 654 αὕτοῦ
1150 626 1291 666 ἀκούσητε,
1323 627 1362 664 μὴ
1389 625 1552 665 σκληρύνητε
1575 626 1623 658 τὰς
1646 624 1749 665 καρδίας
1777 626 1870 662 ὑμῶν,

1042 671 1077 701 ὡς
1093 670 1119 697 ἐν
1135 674 1173 707 τῷ
1191 674 1416 710 παραπικρασμῷ,
1452 669 1609 710 φοϐηθῶμεν
1636 669 1740 700 λοιπὸν.
1765 670 1801 698 Τὸ
1825 668 1872 706 δὲ,

1043 714 1103 751 Οὖν,
1130 713 1290 754 παρὲδραμε.
1322 715 1370 743 Διὰ
1405 715 1455 754 γὰρ
1486 716 1516 742 τὸ
1545 715 1615 743 εἶναι
1650 713 1871 753 μακραπόδοτον,

1041 757 1086 785 ἵνα
1101 759 1140 795 μὴ
1155 758 1216 792 δόξη
1233 759 1410 798 ἀσυνάρτητος
1439 759 1510 787 εἶναι
1532 760 1549 793 ἡ
1561 758 1690 795 σύνταξις,
1727 759 1770 793 τὸ,
1801 762 1872 797 Οὖν,

1041 802 1150 833 τέθεικε.
1187 802 1361 840 Φοϐηθῶμεν,
1396 804 1471 843 φησὶ,
1514 803 1618 840 μήποτε
1660 801 1873 839 καταλιμπανο-

1042 846 1123 883 μένης
1160 847 1317 886 ἐπαγγελίας
1340 848 1376 879 εἰς
1409 849 1439 875 τὸ
1474 846 1601 875 εἰσελθεῖν
1630 847 1665 878 εἰς
1694 847 1744 880 τὴν
1777 847 1872 874 κατά-

1555 225 1604 259 τὴν
1646 223 1871 264 προδηλουμένην

173 887 210 918 ad
224 887 452 926 ingrediendum
467 887 498 918 in
509 889 642 928 requiem
660 888 894 928 ejus.Siquidem
905 888 985 918 volen

1081 902 1135 918 υσιν
1166 891 1244 919 αὖτοῦ
1273 892 1469 930 ὑστερήσωμεν.
1505 891 1554 920 Καὶ
1588 891 1638 929 γὰρ
1662 890 1834 918 ὑπολείπεται
1851 891 1872 924 ἡ

176 930 256 962 tibus
270 931 449 972 relinquitur
465 932 623 972 promissio
648 932 841 972 ingrediendi
857 932 886 962 in
903 941 985 962 veran

1081 934 1186 973 αγγελία
1221 939 1267 963 τοῦ
1289 935 1414 963 εἰσελθεῖν
1439 936 1474 967 εἰς
1509 935 1558 968 τὴν
1593 935 1757 964 κατάπαυσιν
1787 935 1872 964 αὐτοῦ

175 975 269 1015 ipsius
283 975 417 1016 requiem
436 986 442 1005 :
462 976 525 1006 haec
536 980 633 1007 autem
644 981 690 1007 est
705 986 829 1015 regnum
847 976 985 1006 caelorum

1081 991 1090 1007 ν
1121 978 1246 1013 ἀληθινὴν
1281 979 1339 1011 τοὺς
1365 979 1553 1017 βουλομένους,
1585 979 1655 1012 Αὕτη
1691 978 1718 1006 δέ
1746 978 1819 1006 ἐστιν
1851 979 1871 1012 ἡ

179 1019 337 1050 «Videatur
349 1019 454 1060 aliquis
465 1029 501 1051 ex
510 1020 592 1051 vobis
604 1030 669 1052 esse
679 1020 985 1051 frustratus.»Frustra

1081 1022 1161 1050 σιλεία
1176 1026 1228 1051 τῶν
1244 1024 1369 1063 οὐρανῶν.
1389 1035 1402 1051 ε
1432 1027 1504 1061 Δοκῇ
1525 1034 1566 1054 τις
1594 1022 1619 1056 ἐξ
1647 1024 1720 1061 ὑμῶν
1749 1024 1870 1062 ὑστερη-

177 1065 223 1093 tus
238 1072 304 1094 esse
318 1064 354 1094 ad
368 1063 608 1103 ingrediendum.
625 1064 668 1095 Ne
684 1067 892 1103 autemjsermo
907 1064 1002 1103 gravis

175 1107 319 1148 videatur,
350 1117 410 1138 non
437 1108 510 1138 dixit
526 1117 532 1139 :
550 1109 765 1148 Frustrabitur,
784 1108 837 1138 sed
854 1107 1002 1138 Frustrari

174 1151 318 1182 videatur.
326 1152 382 1183 «At
392 1161 450 1182 non
459 1153 634 1192 profuitillis
645 1153 763 1184 auditus
774 1152 1002 1183 sermo.»\'ides

176 1196 254 1236 quod
277 1196 333 1227 hoc
356 1196 436 1227 dicat
459 1205 465 1227 :
490 1197 569 1227 Nihil
596 1197 679 1228 vobis
695 1197 828 1237 proderit
850 1196 1002 1228 auditores

175 1240 267 1271 fuisse
285 1240 515 1280 praedicationis,
532 1241 590 1272 nisi
611 1241 698 1272 etiam
716 1250 780 1281 quae
796 1250 813 1271 a
827 1240 909 1270 vobis
929 1239 1002 1280 ipsis

177 1289 245 1316 sunt
260 1285 460 1323 ati‘eratis,boc
473 1285 635 1323 est,[idem;
648 1286 786 1325 quoniam
810 1293 906 1324 neque
921 1284 1001 1314 anti-

181 1328 246 1369 quis
265 1329 373 1369 profuit
388 1329 506 1359 auditus
521 1338 620 1360 sermo
636 1339 671 1360 ex
685 1329 795 1369 seipso.
818 1341 831 1356 α
844 1328 927 1364 Quod
943 1337 1002 1359 non

178 1377 279 1404 essent
294 1373 443 1404 commisti
459 1373 529 1404 ﬁde.
555 1386 568 1401 ι›
591 1374 661 1403 540
674 1372 738 1403 Hoc
760 1377 816 1410 est,
834 1372 953 1403 admisti
966 1372 1002 1402 ad

177 1416 345 1457 ipsam.Per
359 1417 416 1448 hoc
427 1421 524 1448 autem
537 1417 674 1457 designat
685 1417 850 1448 indubitata
868 1416 1002 1448 credere.

1043 1067 1127 1096 κέναι.
1151 1078 1161 1094 ι
1193 1063 1379 1106 (Υστερηκέται
1415 1069 1450 1099 εἷς
1473 1069 1503 1095 τὸ
1536 1066 1674 1098 εἰσελθεῖν,
1710 1066 1873 1107 Ἀνεπαχθῆ

1043 1110 1069 1138 δὲ
1093 1111 1138 1139 τὸν
1173 1110 1252 1150 λόγον
1282 1114 1365 1140 ποιῶν
1391 1111 1453 1139 οὒκΔ
1471 1111 1560 1147 εἶπεν,
1592 1107 1756 1150 ’νο-πρήσει,
1786 1110 1871 1151 ἀλλὰ,

1044 1158 1115 1192 Δοκῇ
1143 1155 1294 1194 ὑστερίζειν,
1320 1167 1334 1182 α
1358 1154 1432 1184 Ἀλλ’
1461 1156 1508 1184 οὒκ
1536 1155 1673 1195 ὠφέλησεν
1695 1156 1709 1182 ὁ
1742 1155 1832 1194 λόγος.
1854 1167 1870 1183 ι

1044 1194 1120 1238 ιΟρᾷς
1146 1198 1186 1227 ὅτι
1215 1202 1291 1227 τοῦτο
1319 1199 1403 1238 λέγει,
1439 1199 1491 1237 ὅτι,
1522 1194 1600 1228 Οὐδὲν
1637 1200 1704 1237 ὑμᾶς
1733 1199 1872 1239 ὠφελήσει

1041 1244 1073 1271 τὸ
1109 1243 1238 1282 ἀκροατὰς
1260 1244 1378 1283 γενέσθαι
1408 1248 1453 1273 τοῦ
1487 1244 1670 1283 κηρύγματος,
1699 1243 1743 1272 ἐὰν
1759 1244 1799 1282 μὴ
1821 1245 1871 1272 καὶ

1042 1288 1074 1315 τὰ
1095 1287 1157 1327 παρ’
1193 1288 1290 1317 ἑαυτῶν
1319 1288 1494 1328 εἰσενέγκητε,
1525 1288 1643 1317 τουτέστι
1677 1289 1766 1316 πίστιν
1784 1288 1871 1317 ’ἐπεὶ

1043 1331 1111 1369 μηδὲ
1132 1333 1192 1364 τοὺς
1213 1332 1295 1361 πάλαι
1323 1332 1458 1373 ὠφέλησαν
1487 1334 1501 1361 ὁ
1522 1332 1602 1372 λόγος
1623 1334 1672 1366 τῆς
1695 1332 1777 1366 ἇκοῆς
1805 1333 1869 1361 καθ’

1044 1376 1181 1413 ἑαυτόν.)
1200 1377 1244 1409 Μὴ
1259 1377 1484 1416 συγκεκραμένης
1573 1377 1670 1407 πίστει.
1695 1389 1710 1404 ι
1727 1377 1870 1413 Taurini,

1045 1420 1083 1457 μὴ
1099 1420 1324 1460 ἀνακεκραμένους
1338 1422 1403 1460 πρὸς
1418 1422 1512 1456 αὐτήν.
1535 1421 1582 1449 Ἐκ
1604 1420 1631 1448 δὲ
1652 1421 1755 1459 τούτου,
1768 1422 1799 1449 τὸ
1815 1421 1871 1448 ἆν-

178 1462 238 1492 Eos
257 1470 327 1491 vero
346 1461 397 1502 qui
412 1461 568 1492 audierant
591 1461 664 1492 dicit
676 1470 726 1491 eos
737 1461 787 1501 qui
803 1461 985 1492 credideram

1081 1463 1200 1496 ῖοιάστως
1222 1468 1357 1493 πιστεῦσαι
1383 1465 1532 1495 αἰνίττεται.
1556 1464 1729 1497 Ἀκούσαντας
1750 1464 1779 1493 δέ
1800 1477 1871 1505 φησι

176 1505 223 1537 Illi
237 1514 367 1546 namque
380 1515 451 1536 vere
467 1505 622 1536 audierant
633 1505 683 1545 qui
700 1506 787 1536 etiam
800 1505 985 1536 crediderant

1081 1519 1103 1539 ac
1133 1508 1333 1541 πιστεύσαντας.
1361 1508 1475 1538 Ἐκεῖνοι
1502 1510 1551 1548 γὰρ
1579 1508 1660 1542 ὄντως
1689 1509 1816 1545 ἤκουσαν,
1843 1511 1869 1538 οἱ

175 1549 224 1581 Ait
239 1553 338 1580 autem
360 1550 398 1581 de
419 1549 491 1581 Jesu
513 1554 542 1580 et
563 1550 685 1581 Chaleb.
702 1549 765 1580 Hoc
779 1559 848 1580 vero
864 1553 909 1580 est
923 1559 985 1589 quoi

1081 1554 1086 1580 ί
1108 1553 1308 1585 πιστεύσαντας.
1339 1553 1415 1592 Λέγει
1437 1553 1463 1581 δὲ
1492 1555 1549 1593 περὶ
1577 1552 1665 1586 ’[ησοῡ
1694 1555 1737 1582 καὶ
1762 1553 1868 1585 Χαλέό.

178 1594 348 1625 dicitzNon
374 1594 452 1634 juvit
476 1594 596 1625 auditus
624 1603 721 1624 sermo
751 1594 909 1634 populum,
941 1603 985 1623 n01

1081 1600 1124 1625 ὐτο
1138 1596 1165 1624 δέ
1179 1608 1259 1636 φησιν
1277 1606 1284 1613 '
1302 1599 1354 1627 Οὔκ
1369 1597 1506 1638 ὠφέλησεν
1521 1600 1535 1626 ὁ
1563 1598 1642 1636 λόγος
1658 1601 1707 1631 τῆς
1723 1597 1806 1631 ἄκοῆς
1820 1599 1871 1626 τὸν

177 1638 369 1669 commistum
385 1642 414 1668 et
423 1638 513 1669 veluti
526 1642 793 1678 contemparatum,
802 1637 959 1669 admistum
973 1646 985 1668 ε

1081 1643 1118 1681 ὃν,
1135 1643 1173 1679 μὴ
1188 1637 1404 1681 συγκεκραμένον
1426 1644 1469 1671 καὶ
1504 1645 1561 1671 οἷον
1591 1642 1804 1681 ἀνακεκραμένον
1818 1644 1867 1670 καὶ

177 1686 206 1714 et
221 1682 337 1727 unitum
354 1690 408 1722 per
421 1682 509 1713 ﬁdem
526 1683 572 1714 his
582 1682 632 1723 qui
644 1682 921 1727 audierantmempe
932 1682 985 1727 Jes1

1081 1686 1202 1724 αιγμένον
1224 1688 1267 1714 καὶ
1283 1687 1418 1724 ἡνωμένον
1433 1687 1459 1714 ἐν
1474 1691 1507 1725 τῇ
1522 1687 1608 1715 πίστει
1624 1694 1682 1718 τοῖς
1705 1687 1864 1727 ἀκούσασιν,

177 1730 206 1758 et
221 1726 331 1758 Chaleb
347 1727 399 1767 qui
414 1727 615 1758 crediderant.
631 1744 671 1750 ——
681 1726 745 1757 Non
757 1726 939 1763 commistos,
950 1725 985 1756 in-

1081 1741 1120 1759 ουν
1134 1737 1192 1762 τοῖς
1208 1730 1273 1771 ἀμφὶ
1285 1732 1330 1759 τὸν
1346 1731 1447 1765 Ἰησοῦν
1460 1732 1623 1760 πιστεύσασι.
1635 1749 1675 1755 --
1690 1730 1801 1771 [ΦΩΤ,]
1819 1725 1868 1765 Mi]

176 1771 302 1812 quit,his
312 1771 363 1812 qui
374 1771 599 1809 audierant,hoc
609 1775 664 1810 est,
677 1771 724 1802 his
735 1772 784 1812 qui
798 1770 985 1815 crediderant

1081 1775 1277 1814 (κεκραμένους,
1294 1775 1373 1815 φησί,
1403 1783 1462 1808 τοῖς
1478 1776 1614 1813 ἀκούσασι,
1646 1775 1774 1812 τουτέστι,
1801 1783 1866 1809 τοῖς

176 1815 331 1853 Quomodo
341 1820 440 1847 autem
453 1819 588 1860 poterant
603 1815 648 1846 his
664 1815 864 1860 permisceri?
880 1814 912 1845 In
928 1815 985 1860 fide

1081 1820 1239 1848 πιστευκόσι.
1264 1823 1323 1852 Πῶς
1337 1819 1364 1847 δὲ
1384 1820 1418 1853 ’ἦν
1447 1821 1537 1852 αὺτοῖς
1567 1822 1765 1860 σογκραθῆναι;
1782 1824 1815 1848 Εν
1830 1824 1869 1859 τῇ

174 1860 284 1901 inquit,
301 1861 362 1891 sive
379 1869 431 1900 per
447 1859 586 1891 ﬁdem.Si
599 1860 679 1891 enim
696 1859 893 1890 credidissent
910 1859 940 1889 hi
955 1860 985 1890 si

1081 1874 1137 1900 ττει,
1153 1864 1229 1904 φησὶ,
1245 1863 1362 1892 τουτέστι
1376 1863 1417 1892 διὰ
1439 1864 1563 1896 πίστεως,
1588 1865 1616 1893 Εἰ
1645 1865 1694 1904 γὰρ
1709 1864 1870 1893 ἐπίστευσαν

175 1909 225 1936 cut
240 1910 268 1936 et
284 1905 339 1942 illi,
355 1905 386 1935 in
402 1914 492 1935 unum
510 1904 611 1944 utique
635 1905 746 1944 pariter
770 1904 899 1943 provecti
923 1904 981 1935 fuis

1081 1906 1215 1946 ιοιῶσπερ
1244 1907 1376 1946 κάκεῖνοι,
1408 1909 1443 1940 εἰς
1472 1908 1499 1936 ἓν
1526 1908 1557 1936 ἂν
1593 1907 1799 1945 συνηλαύνοντο,
1816 1908 1869 1942 τῆς

172 1948 729 1988 sent,iideveluticonglutinanteipsos
739 1952 768 1979 et
776 1948 985 1979 commiscente

1081 1962 1154 1983 rtem:
1169 1953 1228 1980 οἷον
1245 1951 1306 1979 κολ)
1313 1953 1386 1985 ώσης
1408 1954 1500 1984 αὖτοὺς
1516 1953 1559 1980 καὶ
1575 1952 1770 1991 συγκιρνώσης,

213 1994 264 2032 IV,
275 1994 338 2025 3-5.
350 1994 518 2034 Intpoimus
533 1994 615 2024 enim
627 1993 659 2024 in
668 1994 802 2033 requiem
813 2001 865 2023 nos
876 1994 930 2032 qui
937 2001 985 2023 ere

1085 2006 1098 2024 ι)
1123 1996 1303 2036 Εἰσερχόμεθα
1324 1997 1372 2036 γὰρ
1395 1998 1431 2029 εἰς
1453 1998 1502 2030 τὴν
1516 1997 1680 2025 κατάπαυσιν
1716 1998 1739 2025 οἰ
1755 1998 1871 2025 πιστεύ-

175 2039 321 2076 didimus,
338 2038 594 2078 quemadmodum
619 2037 700 2068 dixit
717 2047 724 2066 :
740 2036 827 2067 Sicut
846 2038 955 2076 juraoi
970 2037 985 2067 2';

1081 2051 1147 2076 ντες,
1179 2041 1265 2073 καθὼς
1301 2041 1419 2081 εἴρηκενΙ
1462 2037 1507 2074 Ὡς
1551 2042 1644 2079 ὢμοσα
1673 2040 1700 2068 ἐι
1735 2043 1770 2074 τῆ
1798 2041 1870 2080 ὀργῇ

175 2083 225 2113 ira
240 2091 317 2121 mea,
334 2083 370 2113 Si
384 2082 556 2113 introibant
577 2082 610 2112 in
638 2082 775 2121 requiem
798 2089 907 2121 meum,
934 2081 985 2112 tice

1081 2096 1104 2122 υ,
1144 2086 1172 2113 Εἰ
1209 2085 1398 2114 εἰσελεύσονται
1437 2086 1474 2116 εἰς
1519 2086 1569 2119 τὴν
1603 2085 1766 2115 κατάπαυσίν
1803 2096 1869 2122 μοι»⁷

174 2128 315 2167 operibus
338 2136 356 2156 a
371 2126 582 2157 constitutione
603 2125 711 2156 mundi
735 2125 886 2164 perfectis.
910 2125 985 2156 Dion

1081 2129 1125 2156 ἷτοι
1161 2132 1214 2157 τῶν
1250 2129 1333 2169 ἔργων
1363 2129 1414 2157 ἀπὸ
1450 2128 1602 2163 καταϐολῆς
1655 2129 1757 2166 κόσμου
1788 2139 1870 2168 γενη-

174 2171 256 2203 enim
275 2171 405 2211 quodam
429 2173 462 2200 in
484 2170 548 2201 loco
561 2169 598 2201 de
612 2170 739 2210 septimo
752 2169 803 2200 die
816 2170 859 2200 sic
872 2178 882 2200 :
895 2169 938 2201 Et
950 2179 984 2202 re

1084 2183 1147 2202 των.
1186 2172 1285 2212 Εῗρηκε
1314 2174 1363 2212 γὰρ
1405 2184 1455 2201 που
1494 2174 1552 2212 περὶ
1587 2175 1636 2206 τῆς
1669 2171 1794 2210 ἑϐδόμης,
1825 2173 1870 2200 0'3-

172 2215 284 2255 quievit
308 2215 390 2246 Deus
413 2215 462 2246 die
486 2215 612 2254 septimo
641 2214 677 2245 ab
704 2213 841 2245 omnibus
861 2214 985 2253 operibu

1081 2227 1092 2248 ς
1110 2220 1118 2232 ‘
1137 2217 1185 2245 Καὶ
1200 2217 1362 2245 κατέπαυσεν
1387 2219 1401 2246 ὁ
1428 2218 1492 2249 Θεὸς
1516 2217 1542 2245 ἐν
1568 2221 1602 2256 τῇ
1635 2217 1720 2256 ἁμέρᾳ
1753 2219 1788 2254 τῇ
1820 2216 1867 2245 ἐϐ-

171 2260 248 2292 suis.
260 2260 302 2290 Et
311 2260 344 2291 in
358 2260 413 2291 hoc
427 2267 552 2290 rursum
568 2269 578 2290 :
591 2258 628 2290 Si
643 2258 812 2290 introibant
823 2258 855 2289 in
867 2259 985 2298 requiem

1081 2273 1109 2300 ιῃ
1125 2261 1177 2289 ἀπὸ
1213 2262 1319 2290 πάντων
1346 2265 1398 2290 τῶν
1428 2262 1515 2302 ἔργων
1539 2262 1627 2291 αὐτοῦ.
1658 2262 1706 2291 Καὶ
1734 2260 1761 2288 ἔν
1781 2262 1869 2299 τούτῳ

173 2313 288 2336 meam.
1041 2305 1132 2343 πάλιν,
1150 2307 1178 2334 Εἰ
1192 2305 1380 2335 εἰσελεύσονται
1397 2308 1433 2339 εἰς
1449 2307 1497 2340 τὴν
1512 2306 1675 2335 κατάπαυσίν
1691 2317 1741 2343 μου
1758 2313 1766 2320 ⁸
1787 2317 1798 2334 ν

211 2348 429 2380 Testimonium
445 2356 564 2389 quoque
584 2347 701 2379 induxit
716 2356 751 2378 ex
767 2356 825 2387 quo
854 2346 884 2377 id
901 2347 981 2378 mani

1082 2351 1090 2378 ὶ
1121 2350 1198 2378 πόθεν
1236 2350 1325 2390 δῆλοῖ,
1363 2351 1483 2390 ἐπήγαγε
1511 2351 1561 2384 τὴν
1598 2350 1750 2390 μαρτυρίαν.
1790 2344 1870 2390 ’Ὅρα

174 2393 282 2425 festum
297 2393 436 2424 faciat.Et
443 2392 510 2424 vide
522 2393 673 2433 quomodo
684 2393 714 2423 id
726 2392 985 2423 astruat.0mnino

1081 2406 1101 2422 ιν
1115 2396 1317 2430 κατασκευάζει.
1351 2398 1436 2433 Πᾶσα,
1467 2396 1557 2435 φησὶν,
1585 2395 1689 2434 ἀνάγκη
1717 2395 1790 2427 τινὰς
1815 2396 1872 2423 εἱσι

172 2437 281 2479 inquit,
291 2447 416 2469 necesse
426 2441 471 2468 est
479 2441 510 2467 ut
518 2437 608 2477 aliqui
617 2436 985 2477 ingredianturinrequien

1081 2445 1126 2467 tam
1142 2440 1179 2470 εἰς
1207 2440 1257 2472 τὴν
1286 2440 1448 2468 κατάπαυσιν
1484 2443 1529 2468 τοῦ
1551 2443 1626 2476 Θεοῦ,
1657 2439 1703 2466 ἵνα
1739 2439 1778 2476 μὴ
1806 2440 1869 2476 μά-

171 2483 237 2521 Dei,
253 2492 292 2514 ne
319 2491 393 2513 vane
417 2491 450 2513 ac
479 2486 591 2512 temere
615 2481 653 2512 sit
679 2482 836 2522 promissa.
853 2480 985 2517 Quonian

1081 2484 1147 2511 ικαὶ
1176 2482 1266 2516 ἁπλῶς
1301 2487 1318 2521 ᾖ
1354 2482 1554 2522 ἐπηγγελμένη.
1592 2483 1666 2512 Ἐπεὶ
1693 2483 1737 2512 οὖν
1765 2483 1869 2512 ἐκεῖνοι

169 2539 240 2570 ergo
256 2528 299 2560 illi
316 2538 375 2560 non
390 2532 458 2559 sunt
472 2528 600 2567 ingressi
617 2528 736 2568 (juravit
750 2528 831 2558 enim
847 2528 927 2568 ipsos
939 2537 985 2558 nor

1081 2539 1085 2555 ‘.
1127 2527 1259 2565 εἰσῆλθον,
1291 2527 1387 2565 (ὤμοσε
1410 2529 1459 2567 γὰρ
1495 2529 1533 2565 μὴ
1565 2527 1702 2564 εἰσελθεῖν,
1744 2528 1866 2568 uittam.)

168 2573 496 2614 ingressuros)necesse
504 2577 549 2603 est
558 2578 590 2604 ut
599 2582 664 2609 nos,
677 2572 840 2603 dummodo
854 2571 982 2602 velimns

1081 2571 1141 2610 ἱγκῃ
1167 2572 1250 2609 ἡμᾶς,
1282 2572 1303 2599 εἰ
1332 2571 1535 2612 βουληθείημεν,
1565 2571 1692 2600 εἰσελθεῖν
1721 2570 1781 2599 ἀλλ’
1819 2573 1868 2600 οὐκ

169 2618 385 2658 ingrediamnr,
397 2622 428 2648 at
440 2627 499 2648 non
515 2618 578 2657 jam
599 2617 633 2648 in
649 2616 831 2657 ﬁgurativam
846 2616 980 2656 requiem

1091 2617 1126 2648 εἰς
1140 2616 1190 2650 τὴν
1204 2617 1317 2650 τοπικὴν
1331 2617 1505 2654 κατάπαυσιν,
1528 2616 1587 2644 ἀλλ’
1617 2617 1652 2649 εἰς
1687 2616 1735 2650 τὴν
1765 2615 1865 2650 ἀληθι-

170 2663 224 2694 sed
237 2663 269 2693 in
282 2671 384 2693 verum
407 2671 532 2701 regnum
552 2662 709 2693 caelorum.
726 2660 899 2701 Quanquam
914 2660 985 2690 enin

1081 2661 1148 2695 γτὴν
1163 2660 1298 2699 βασιλείαν
1325 2663 1378 2688 τῶν
1415 2663 1542 2701 οὐρανῶν.
1574 2662 1602 2690 Εἰ
1629 2662 1678 2700 γὰρ
1708 2661 1751 2688 καὶ
1772 2671 1786 2688 ο
1814 2662 1866 2690 υἱοὶ

169 2707 225 2739 ﬁlii
240 2707 360 2738 illorum
375 2706 502 2747 iugressi
514 2705 573 2737 sint
586 2707 615 2737 in
631 2709 740 2737 terram
764 2705 951 2746 promissam,
966 2714 982 2735 a

1082 2706 1142 2734 ίνων
1177 2705 1295 2740 εἰσῆλθον
1323 2706 1359 2737 εἷς
1390 2706 1439 2739 τὴν
1468 2705 1676 2745 ἐπηγγαλμένην
1698 2705 1761 2744 γῆν,
1795 2705 1866 2734 ἀλλὰ

167 2756 198 2784 at
221 2761 300 2784 nunc
330 2751 418 2783 aliam
441 2750 545 2783 deﬁnit
567 2750 703 2792 requiem
718 2759 772 2791 per
794 2749 900 2781 David.
918 2748 985 2786 Ουὶί

1108 2755 1151 2780 νῦν
1180 2750 1271 2789 ἑτέραν
1299 2750 1376 2788 ὁρίζει
1411 2749 1453 2778 διὰ
1484 2755 1529 2780 τοῦ
1574 2749 1658 2778 Δαυ¹ιδ
1687 2750 1866 2782 κατάπωδσιν.
