1936 3080
206 126 265 160 323

765 127 855 161 (ECU
860 128 971 160 MENII
992 124 1141 158 ΤΗΝ]οΕ
1162 127 1330 160 EPISCOPI

1837 125 1904 158 324

207 195 354 226 excelsior
369 203 435 226 esse
452 194 566 226 debuit.
591 208 605 223 α
621 195 681 226 Sed
707 195 732 225 is
749 195 799 235 qui
815 194 930 226 dixerat
946 193 999 224 illi.

1102 198 1124 221 ιν
1139 194 1229 234 ἱερέων
1244 195 1392 234 συνήθειαν,
1408 193 1435 222 ἒν
1447 200 1515 235 ,τοῖς
1535 193 1626 226 ἄλλοις
1654 194 1809 234 ὑπερτίθησι
1834 194 1902 220 καθ-

209 240 282 270 Cum
300 239 366 276 hoc,
384 239 493 280 inquit,
509 240 551 270 illi
568 240 684 270 diceret
699 241 787 276 Dcus,
801 238 912 270 creavit
934 238 1030 278 ipsum

206 284 403 315 sacerdotem.
435 296 448 312 σ
465 285 549 316 Sicut
578 288 607 315 et
634 283 704 314 alibi
721 283 803 314 dicit.
824 295 835 312 υ
855 281 1030 322 Conjunctio

205 328 260 366 καί,
284 328 313 358 id
330 332 386 365 est,
397 332 435 364 et.
447 329 646 369 interponitur
664 332 800 368 tanquam
815 327 851 357 ad
864 326 1030 357 enarratio-

207 372 253 403 nis
266 373 519 404 consecutionem.
535 372 722 404 «Secundum
732 372 866 402 ordinem
877 371 1033 401 Melchise-

206 417 272 448 dec.
302 430 315 445 »
344 416 399 448 Hic
429 417 543 458 primus
564 417 692 448 hostiam
722 416 786 447 sine
813 415 956 454 sanguine
970 414 1030 445 Deo

205 461 323 499 obtulit,
338 471 446 502 nempe
462 471 567 502 panem
580 467 608 492 et
622 461 776 492 vinum.—
790 460 847 491 Aut
858 459 927 500 quia
942 460 1030 490 etiam

207 505 342 537 Christus
373 506 437 537 sine
461 507 603 546 sanguine
632 505 752 537 cosliam
782 505 897 539 obtulit,
920 503 1030 534 deinde

207 551 393 590 postmodum
409 560 494 581 suum
510 551 601 591 ipsius
617 551 704 581 etiam
721 559 828 588 corpus
847 560 853 580 :
873 552 1030 589 propterea

208 604 277 633 ergo
293 600 360 634 apte
376 595 487 625 dictum
517 600 561 625 est
585 595 731 626 Christum
752 603 817 624 esse
844 593 1028 624 sacerdotem

205 639 371 670 secundum
387 639 523 670 ordindm
539 637 884 674 Melchisedech.—Quia
895 647 952 668 non
964 637 1029 667 oleo

207 688 313 714 unctus
327 688 371 714 est
386 684 606 715 Melchisedech
631 684 667 714 ad
694 683 901 722 sacerdotium,
922 691 1027 722 quem-

206 729 365 758 admodum
381 730 492 763 Aaron,
509 733 540 760 et
557 729 626 769 quia
644 739 701 759 non
732 728 838 759 obtulit
854 728 962 758 hostias
977 736 1029 766 per

207 773 391 812 sanguinem,
405 777 434 803 et
448 774 516 813 quia
532 773 662 813 gentinm
679 773 818 803 sacerdos
832 775 904 809 erat,
919 776 946 801 et
961 772 1029 811 quia

206 826 260 857 per
274 826 381 857 panem
399 821 428 848 et
441 818 539 848 vinum
554 817 704 848 benedixit
719 816 1026 855 Abraham—Signi-

206 863 271 892 ﬁcat
296 871 406 900 sermo,
424 862 503 900 quod
522 863 591 893 licet
605 862 739 893 Christus
751 871 809 892 non
822 861 963 892 obtulerit
978 861 1027 890 in—

207 911 358 937 cruentam
375 907 500 937 hostiam
521 907 678 946 (siquidem
704 916 790 937 suum
813 906 906 946 ipsius
921 914 1027 945 corpus

206 950 467 990 ohtulit),attamen
477 951 528 991 qui
538 951 573 981 ab
597 951 660 991 ipso
676 951 836 990 fungentur
849 949 1024 986 sacerdotio,

206 1004 331 1034 quorum
346 994 422 1025 Deus
437 995 564 1035 pontifex
580 1004 645 1026 esse
661 995 795 1034 dignatus
811 998 865 1032 est,
882 994 946 1024 sine
957 1003 1026 1024 san-

205 1038 293 1077 guine
309 1039 449 1070 oﬂ'errent
466 1050 473 1069 :
491 1049 559 1070 nam
576 1040 631 1070 hoc
646 1039 791 1078 signiﬁcat
808 1038 859 1069 :In
869 1042 1023 1068 aeternum.

205 1084 310 1123 Neque
324 1083 404 1114 enim
417 1083 454 1114 de
465 1093 498 1114 ea
511 1093 577 1124 quae
591 1086 683 1114 semel
699 1093 717 1113 ει
730 1083 792 1113 Deo
808 1083 882 1113 facta
892 1087 937 1112 est
946 1081 1026 1112 obla-

205 1127 246 1158 tio
260 1132 288 1158 et
304 1127 399 1158 hostia
411 1127 532 1158 dixisset
549 1139 555 1159 :
573 1127 605 1158 In
620 1132 762 1159 aeternum
775 1138 783 1165 ;
799 1127 850 1157 sed
862 1126 1025 1166 respiciens

204 1172 408 1212 adpraasentes
423 1173 584 1210 sacriﬁcos,
602 1182 655 1213 per
673 1182 749 1212 quos
763 1171 876 1202 medios
892 1171 1025 1202 Christus

203 1217 349 1247 sacriﬁcat
375 1221 404 1247 et
432 1217 614 1248 sacriﬁcatur
630 1228 637 1247 :
655 1217 704 1257 qui
731 1216 819 1246 etiam
848 1216 878 1246 in
904 1214 1025 1255 mystica

202 1269 286 1292 coena
301 1260 422 1292 modum
439 1260 498 1291 illis
513 1261 632 1292 tradidit
647 1260 817 1300 hujusmodi
831 1259 981 1290 sacriﬁcii.

243 1351 276 1387 V,
287 1351 323 1381 7-
332 1352 339 1379 t
347 1352 377 1380 0.
392 1349 450 1387 Qui
461 1350 493 1380 in
501 1349 608 1380 diebus
618 1350 718 1380 carnis
725 1357 799 1389 suae,
812 1357 877 1379 cum
887 1351 914 1379 et
918 1356 1023 1388 preca-

202 1396 296 1425 tiones
321 1397 350 1424 et
363 1393 597 1433 supplicationes
624 1393 706 1433 apud
720 1393 809 1423 illum
833 1392 885 1432 qui
907 1396 1023 1430 poterat

201 1441 302 1477 ipsum
318 1446 336 1468 a
351 1442 446 1468 morte
465 1446 585 1469 servare
600 1447 667 1468 cum
682 1437 812 1468 clamore
828 1436 928 1467 valido
939 1440 967 1468 et
979 1436 1023 1467 la-

201 1483 314 1521 crymis
325 1481 523 1518 obtulisset,et
544 1481 706 1512 exauditus
716 1486 789 1512 esset
800 1490 858 1521 pro
868 1490 923 1512 sua
932 1490 1019 1511 reve-

1072 239 1132 267 όσον
1152 238 1292 279 ὑπερέχειν
1320 238 1416 278 ὤφειλε
1445 234 1508 271 Θεὸς
1544 239 1698 278 ἀνθρώπων.
1733 251 1746 266 ι
1777 236 1853 266 Ἀλλ’
1884 237 1898 264 ὁ

1072 282 1190 318 λαλήσας
1225 284 1289 323 πρὸς
1324 282 1413 312 αὐτόν.
1446 294 1458 310 ν
1492 279 1519 312 Ὀ
1541 288 1629 320 τοῦτο,
1655 282 1750 322 φησίν,
1780 281 1898 321 εἰρηκὼς

1072 328 1136 365 πρὸς
1152 328 1230 355 αὐτὸν
1245 328 1320 364 Θεὸς,
1338 327 1539 367 ἐχειροτόνησεν
1568 328 1645 356 αὐτὸν
1669 327 1748 366 ἱερέα,
1776 338 1788 354 ‹
1821 327 1898 355 Καθ-

1073 372 1109 403 ὼς
1133 373 1177 400 καὶ
1198 372 1225 399 ὲν
1247 372 1328 412 ἑτέρῳ
1356 371 1439 410 λέγει,
1471 382 1484 400 ιι
1515 373 1562 411 Τὸ,
1590 372 1649 411 Καί,
1679 373 1716 403 ὡς
1743 372 1809 410 πρὸς
1845 370 1899 402 τὴν

1073 415 1226 444 ἀκολουθίαν
1240 419 1288 450 τῆς
1319 412 1475 456 ιΕρμηνείας
1502 415 1673 455 παρέλκεται,
1700 427 1713 443 α
1742 416 1815 444 Κατὰ
1843 414 1898 442 τὶν

1071 460 1142 493 τάξιν
1158 459 1333 500 Μελχισεδέκ.
1366 473 1379 487 ρ
1411 461 1492 491 Οὗτος
1521 463 1625 499 πρῶτος
1654 460 1815 497 ἀναίμακτον
1843 461 1894 486 θυ-

1072 505 1128 544 σίαν
1143 506 1306 544 προσήνεγκε
1320 508 1357 542 τῷ
1372 508 1440 544 Θεῷ,
1457 505 1533 543 ἄρτον
1548 505 1593 533 καὶ
1616 505 1701 536 οἶνον,
1725 520 1765 526 -——
1781 503 1894 542 [@212]

1074 539 1102 578 ‘lI
1118 550 1157 578 ὅτι
1179 551 1222 578 καὶ
1238 551 1251 578 ὸ
1274 551 1383 589 Χριστὸς
1406 550 1566 587 ἀναίμακτον
1593 550 1680 578 θυσίαν
1696 550 1894 589 προσήνεγκεν,

1070 594 1121 622 εἶθ’
1148 594 1254 634 ὕστερον
1289 596 1332 622 καὶ
1359 595 1389 622 τὸ
1417 595 1508 622 ἑαυτοῦ
1536 597 1624 631 σῶμα.
1663 594 1712 621 Διά
1739 596 1814 621 τοῦτο
1849 593 1895 620 οὗν

1070 639 1206 678 ἀναλόγως
1222 638 1327 678 εἴρηται
1347 639 1418 678 ἱερέα
1438 639 1509 667 εἶναι
1532 640 1576 667 τὸν
1600 640 1722 678 Χριστὸν,
1751 638 1820 666 κατὰ
1843 638 1896 670 τὴν

1069 684 1140 716 τάξιν
1163 682 1336 723 Μελχισεδέκ.
1356 700 1391 705 —
1415 682 1552 722 [’AGAN.]
1571 678 1635 712 ιὈτι
1651 684 1680 711 οὔ
1694 681 1727 710 δι’
1750 682 1839 710 ἐλαίου
1857 682 1895 714 εἷς

1069 729 1210 765 ἱερωσύνην
1239 727 1348 767 ἐχρίσθη
1374 729 1387 755 ὁ
1417 727 1592 767 Μελχισεδὲκ,
1624 729 1660 758 ὡς
1694 727 1807 766 Ἀαρὼν,
1848 727 1901 754 καῖ

1069 772 1109 800 ὅτι
1125 775 1154 802 οὒ
1168 773 1214 805 τας
1229 771 1261 800 δι’
1277 773 1393 810 αἱμάτων
1408 774 1561 812 προσήγαγε
1575 773 1675 808 θυσίας,
1698 771 1745 800 καὶ
1767 771 1810 799 ὅτι
1838 774 1894 799 τῶν

1039 817 1149 861 Βέθνῶν
1163 818 1197 851 ἦν
1219 818 1367 858 ἀρχιερεὺς,
1391 818 1434 845 καὶ
1457 817 1496 845 ὅτι
1521 816 1556 845 δι’
1578 816 1655 856 ἄρτου
1681 818 1725 845 καὶ
1747 816 1820 845 οἴνου
1837 817 1891 849 ηὖ-

1069 862 1168 901 λόγηγε
1182 863 1227 890 τὸν
1249 861 1379 901 Ἀϐράαμ.
1397 879 1433 883 -
1449 862 1710 900 [ΟΙΚΟΥΜΕΝΙΟΥ.]
1739 860 1892 894 Δηλοῦντος

1068 911 1114 936 τοῦ
1142 906 1233 946 λόγου,
1261 906 1301 934 ὅτι
1324 908 1345 934 εἰ
1374 907 1412 944 μὴ
1441 907 1518 938 αὐτὸς
1546 907 1560 933 ὸ
1590 907 1699 945 Χριστὸς
1726 905 1891 942 ἀναίμακτον

1067 952 1220 990 προσήγαγε
1236 952 1335 988 θυσίαν,
1355 951 1520 990 (προσήγαγε
1545 951 1594 990 γὰρ
1615 951 1646 978 τὸ
1674 951 1767 978 ἑαυτοῦ
1783 948 1890 988 σῶμα,)

1068 994 1126 1023 ἀλλ’
1143 995 1169 1023 οἳ
1187 1006 1216 1034 γε
1241 995 1288 1023 ἀπ’
1312 995 1390 1023 αὐτοῦ
1417 997 1497 1033 ἱερεῖς
1525 996 1562 1022 ὧν
1592 996 1654 1025 Θεὸς
1684 995 1727 1022 καὶ
1748 994 1892 1033 ἀρχιερεὺς

1067 1039 1137 1071 ἀξιοῖ
1171 1040 1241 1067 εἶναι
1284 1039 1443 1076 ἀναίμακτον
1485 1040 1662 1078 προσοίσωσι.
1706 1042 1788 1068 Τοῦτ)
1839 1038 1890 1076 γὰρ

1066 1083 1158 1120 δηλοῖ,
1182 1085 1224 1121 τὸ,
1242 1085 1284 1115 Εἷς
1307 1085 1350 1112 τὸν
1378 1084 1469 1112 αἰῶνα.
1500 1086 1537 1113 Οὖ
1563 1084 1612 1122 γὰρ
1640 1084 1688 1116 τὴν
1723 1084 1789 1122 πρὸς
1818 1081 1889 1114 ἅπαξ

1066 1129 1210 1166 γενομένην
1224 1129 1274 1157 ὑπὸ
1289 1132 1354 1157 Θεοῦ
1375 1129 1464 1156 θυσίαν
1485 1128 1531 1156 καὶ
1552 1129 1700 1168 προσφορὰν
1733 1127 1812 1155 εἶπεν
1844 1126 1886 1165 ἂν,

1066 1174 1102 1205 εἷς
1123 1174 1168 1201 τὸν
1182 1175 1274 1209 αίῶνα,
1299 1173 1359 1201 ἀλλ’
1383 1173 1487 1212 ἀφορῶν
1502 1173 1537 1205 εἰς
1553 1173 1614 1204 τοὺς
1630 1176 1673 1200 νῦν
1688 1172 1838 1211 ἱερουργοὺς
1854 1170 1887 1198 δι’

1065 1219 1100 1246 ὦν
1123 1218 1211 1254 μὲτων
1225 1219 1339 1257 Χριστὸς
1367 1219 1497 1257 ἱερουργεϊ
1517 1218 1561 1246 καὶ
1584 1219 1768 1256 ἱερουργεῖται,
1800 1217 1814 1244 ὁ
1843 1216 1888 1242 καὶ

1065 1262 1194 1302 παραδοὺς
1213 1264 1304 1295 αὐτοῖς
1319 1262 1345 1291 ἐν
1359 1266 1398 1300 τῷ
1412 1265 1531 1300 μυστικῷ
1545 1261 1642 1299 ὂείπτῳ
1655 1263 1701 1290 τὸν
1722 1261 1822 1301 τρόπον
1836 1263 1886 1293 τῆς

1064 1307 1188 1347 τοιαύτης
1210 1307 1366 1347 ἱεροῦργίας.

1108 1361 1124 1381 (
1137 1344 1183 1383 "Oc
1197 1344 1308 1384 evitat-1:,
1334 1352 1444 1390 ἡμέραις
1472 1354 1520 1385 τῆς
1542 1352 1638 1391 σαρκὸς
1666 1352 1756 1390 αὺτοῦ,
1778 1348 1885 1385 δεήσεις

1064 1407 1092 1424 τε
1126 1397 1169 1424 καὶ
1196 1397 1327 1436 ἱκετηρίας
1361 1397 1426 1436 πρὸς
1461 1397 1506 1425 τὸν
1540 1395 1680 1433 δυνάμενον
1709 1395 1803 1429 σώζειν
1834 1397 1884 1424 αὖ·

1063 1442 1108 1468 τὸν
1136 1441 1165 1468 ἐκ
1201 1442 1311 1470 θανάτου
1354 1442 1421 1478 μετὰ
1461 1443 1578 1480 κραυγῆς
1613 1441 1724 1479 ἰσχυρᾶς
1751 1439 1797 1467 καὶ
1833 1439 1882 1467 δα-

1063 1486 1147 1524 κρύων
1189 1484 1365 1524 προσενέγκας
1417 1485 1460 1513 καὶ
1510 1485 1684 1515 εἰσακουσθεὶς
1736 1483 1788 1511 ἀπὸ
1833 1487 1882 1517 τῆς

201 1526 440 1562 rentia,(ametsi
452 1525 553 1565 Filius
563 1526 750 1564 crat,didiu‘t
771 1535 808 1556 ea:
817 1525 865 1556 his
878 1534 944 1565 quae
952 1534 1007 1565 pas

1102 1528 1209 1567 λαϐείας,
1240 1530 1332 1568 καίπερ
1359 1529 1396 1557 ὣν
1425 1529 1495 1565 Υἱὸς,
1527 1529 1621 1566 ἔμαθεν
1649 1527 1693 1568 ἀφ’
1723 1528 1760 1554 ὦν
1786 1527 1882 1565 ἔπαθε,

198 1579 248 1601 sus
260 1573 302 1601 est
325 1570 551 1601 obedientiam:
573 1579 608 1601 ac
624 1571 774 1610 perjeclus
795 1570 942 1607 redditus,
959 1571 1018 1609 fuit

197 1614 336 1645 omnibus
351 1617 404 1654 qui
419 1615 477 1645 sibi
492 1615 650 1646 obdierunt
662 1623 753 1645 causa
769 1614 876 1645 salutis
886 1618 1016 1654 eatenus,

195 1660 426 1698 cognominatus
443 1668 461 1690 ιι
476 1659 536 1690 Deo
549 1659 692 1699 pontifex
701 1659 864 1690 secundum
879 1659 1016 1690 ordinem

195 1703 401 1736 Melchisedec.

240 1747 312 1784 «Qui
321 1747 352 1778 in
368 1748 474 1778 diebus
486 1748 585 1779 carnis
599 1758 689 1780 suae.»
701 1747 765 1778 Non
778 1752 933 1788 propterea
943 1748 1017 1779 dixit

196 1791 259 1823 dies
274 1793 382 1830 carnis,
400 1793 507 1833 quibus
515 1793 659 1824 Dominus
669 1802 758 1833 super
769 1797 876 1823 terram
890 1793 1015 1824 visibili—

196 1840 240 1867 ter
256 1837 374 1873 vivecat,
388 1837 472 1877 quasi
488 1847 566 1868 nunc
582 1847 701 1869 carnem
717 1837 810 1877 ipsam
827 1837 1012 1877 reliquisset:

194 1882 299 1914 Absit!
318 1873 405 1912 habet
432 1881 511 1912 enim
536 1891 600 1912 eam
626 1873 793 1922 quanquam
808 1873 1014 1922 incorruptibii

196 1927 254 1957 lem
273 1935 279 1956 :
295 1926 364 1956 549
380 1926 430 1956 sed
448 1926 512 1956 dies
528 1926 600 1956 dicit
614 1926 722 1964 carnis,
739 1926 795 1956 hoc
812 1926 938 1963 est,dies
947 1927 1015 1967 qui-

193 1970 250 2002 bus
263 1971 321 2001 vita
337 1978 390 2001 sua
405 1979 469 2010 quae
485 1975 547 2001 erat
560 1970 589 2001 in
606 1980 695 2002 carne
710 1971 781 2001 vixit

236 2027 250 2043 α
267 2015 456 2046 Precationes
483 2019 511 2045 et
539 2015 780 2056 supplicationes.
799 2025 814 2046 )
831 2015 894 2046 Non
917 2016 1011 2046 solum

193 2061 379 2100 precationes
406 2063 436 2089 et
464 2059 706 2099 supplicationes,
736 2060 926 2091 verumetiam
945 2070 1012 2091 eum

193 2104 323 2134 clamore
355 2107 383 2133 et
409 2103 545 2144 lacrymis
579 2104 696 2135 obtulit.
722 2105 784 2136 Hoc
812 2109 910 2136 autem
940 2105 1013 2136 dixit

1060 1574 1108 1606 τὴν
1144 1575 1273 1608 ὑπακοήν.
1317 1575 1366 1602 Καὶ
1399 1573 1555 1612 τελειωθεὶς,
1593 1573 1696 1611 ἐγένετο
1736 1579 1796 1604 τοῖς
1834 1573 1882 1601 ὑπ-

1059 1618 1197 1646 ακούουσιν
1212 1618 1283 1655 αὐτῷ
1297 1621 1375 1646 πᾶσιν
1391 1617 1476 1646 οῗτιος
1504 1619 1634 1656 σωτηρίας
1649 1617 1766 1656 αἰωνίου,
1781 1628 1883 1656 προσα-

1057 1664 1184 1702 γορευθεὶς
1198 1664 1248 1691 ὑπὸ
1269 1668 1315 1692 τοῦ
1329 1667 1394 1691 Θεοῦ
1408 1663 1557 1702 ἀρχιερεὺς,
1573 1663 1641 1691 κατὰ
1655 1662 1704 1695 τὴν
1717 1661 1788 1694 τάξιν
1805 1662 1880 1690 Μελ-

1056 1719 1078 1748 χ
1080 1707 1174 1748 ισεδξίκ.
1200 1720 1214 1735 ι

1100 1764 1112 1779 (ι
1131 1745 1176 1784 ηΟς
1192 1752 1219 1780 ἐν
1233 1759 1293 1784 ταῖς
1305 1752 1415 1791 ἡμέραις
1430 1754 1478 1785 τῆς
1495 1752 1589 1791 σαρκὸς
1606 1751 1696 1782 αὗτοῦ.
1726 1762 1737 1778 ι
1771 1750 1809 1779 Οὔ
1838 1750 1879 1778 διὰ

1057 1801 1134 1826 τοῦτο
1162 1797 1239 1825 εἶπεν
1266 1797 1368 1836 ἡμέρας
1389 1797 1496 1835 σαρκὸς,
1526 1797 1572 1828 τὰς
1601 1795 1662 1823 ὅταν
1684 1795 1716 1828 ἦν
1739 1796 1752 1823 ὁ
1783 1796 1877 1834 Κύριος

1057 1841 1099 1868 ἐπὶ
1132 1841 1183 1879 γῆς
1211 1841 1350 1877 αἰσθητῶς,
1379 1841 1415 1872 ὡς
1454 1843 1496 1868 νῦν
1532 1839 1692 1876 ἀποθεμένου
1721 1840 1801 1866 αὐτοῦ
1830 1839 1880 1872 τὴν

1057 1886 1151 1924 σάρκα,
1182 1879 1315 1924 “Amr-{al
1340 1885 1398 1924 ἕχει
1419 1885 1469 1924 γὰρ
1497 1884 1589 1920 αὐτὴν,
1613 1885 1634 1911 εἷ
1662 1885 1705 1912 καὶ
1733 1883 1876 1923 ἄφθαρτον,

1056 1929 1131 1958 Ἀλλ’
1153 1930 1252 1969 ἡμέρας
1280 1930 1345 1969 φησὶ
1373 1930 1479 1968 σαρκὸς,
1502 1931 1560 1956 οἷον
1590 1929 1636 1960 τὰς
1659 1927 1686 1955 ἐν
1707 1930 1740 1965 τῇ
1763 1930 1877 1966 σαρκικῇ

1054 1977 1110 2012 ζωῇ
1126 1974 1203 2002 αὐτοῦ
1217 1973 1317 2013 ἡμέρας
1323 1997 1329 2003 .

1100 2028 1112 2048 l
1128 2020 1236 2053 Δεήσεις
1257 2019 1301 2046 καὶ
1315 2018 1458 2057 ἱκετηρίας.
1484 2029 1497 2045 η
1529 2018 1564 2046 Οὐ
1591 2017 1671 2054 μόνον
1700 2015 1803 2051 δεήσεις
1831 2017 1874 2044 καὶ

1053 2063 1197 2103 ἱκετηρίας,
1226 2062 1294 2090 ἀλλὰ
1330 2064 1372 2091 καὶ
1415 2063 1481 2100 μετὰ
1519 2064 1635 2101 κραυγῆς
1672 2061 1714 2088 καὶ
1755 2059 1872 2099 δακρύων

1052 2108 1207 2147 προσέφερε.
1233 2110 1315 2135 Τοῦτο
1342 2106 1368 2134 δὲ
1397 2105 1609 2145 συγκαταϐαίνων
1635 2106 1725 2137 αὐτοῖς
1761 2105 1775 2132 ὁ
1798 2106 1871 2132 Παῦ-

192 2148 299 2179 Paulus
326 2156 392 2178 sese
410 2147 445 2178 ad
462 2152 583 2188 captura
598 2149 716 2180 illorum
733 2149 928 2180 demittenda.
951 2162 963 2176 α
976 2149 1008 2180 ΕΙ

1112 2152 1185 2181 εἶπε.
1206 2161 1217 2179 ι
1244 2152 1293 2180 Καὶ
1307 2152 1488 2187 είσακουσθείς,
1506 2162 1520 2178 ι
1544 2153 1683 2185 Τοσοῦτον,
1707 2150 1797 2189 φησὶν,
1815 2150 1871 2177 £7.0-

191 2192 348 2223 exauditus
358 2196 435 2223 esset
453 2204 465 2221 »
482 2191 515 2223 In
531 2197 644 2224 tantum
656 2194 871 2230 exauditusest,
882 2197 912 2224 ut
923 2194 1009 2225 etiam

189 2236 353 2267 resurrexit
371 2245 377 2267 :
395 2237 451 2267 hoc
465 2241 564 2268 autem
580 2238 653 2269 dixtt
669 2242 789 2278 propter
813 2237 1010 2270 imbecillata-

190 2283 250 2311 tem
266 2280 443 2318 auditorum,
472 2281 523 2321 qui
554 2282 739 2321 magniﬁcam
762 2284 800 2313 de
814 2282 928 2314 Christo
942 2283 1010 2323 opi-

189 2325 309 2356 nionem
325 2325 457 2356 nondum
474 2331 683 2366 conceperant.
706 2338 717 2355 ‹‹
738 2329 792 2357 Pro
806 2336 859 2358 sua
872 2335 1010 2358 reveren-

189 2369 240 2400 tia.
262 2381 273 2398 ι
292 2369 356 2400 Non
372 2373 495 2408 tantum,
512 2370 619 2411 inquit,
638 2380 673 2402 ex
687 2371 777 2411 gratia
791 2370 882 2402 Patris
892 2371 1009 2403 auditus

189 2418 234 2444 est
244 2419 385 2454 quantum
398 2414 435 2444 oh
448 2415 596 2455 propriam
609 2415 915 2447 reverantiam.Tanla
928 2417 1007 2447 enim
1031 2447 1034 2451 ,

190 2462 254 2488 erat
281 2458 376 2498 ipsius
404 2459 582 2497 reverentia,
612 2459 720 2500 inquit,
746 2464 777 2490 ut
792 2459 877 2491 Pater
889 2470 1007 2501 quoque

186 2502 284 2542 ipsum
300 2502 389 2533 fuerit
417 2503 571 2534 reveritus.
602 2504 713 2535 Horum
729 2510 827 2536 autem
848 2505 1004 2536 verborum

187 2547 344 2577 humilium
360 2547 467 2587 duplex
480 2552 525 2579 est
540 2558 640 2588 causa,
656 2558 724 2580 caro
741 2559 848 2590 nempe
864 2554 892 2580 et
906 2549 1004 2581 imbe—

189 2591 295 2622 cillitas
308 2591 486 2622 auditorum.
506 2605 519 2620 α
533 2592 662 2624 Tametsi
673 2594 764 2625 Filius
777 2594 956 2632 erat,didicit
971 2605 1004 2626 ex

186 2635 233 2666 his
244 2645 308 2676 qua;
324 2644 426 2676 passus
440 2640 495 2668 est.
516 2649 527 2666 ι
545 2638 641 2676 Adeo,
659 2638 766 2679 inquit,
789 2639 932 2670 obediens
952 2640 1007 2671 fuit

186 2679 324 2725 (obedivit
338 2684 437 2712 autem
449 2680 524 2712 sicut
538 2681 625 2713 decet
641 2683 745 2714 Filium
760 2683 866 2723 Patri,)
881 2688 912 2714 ut
923 2689 1005 2725 post-

184 2733 272 2765 quam
288 2724 458 2755 incarnatus
487 2730 542 2764 est,
560 2727 646 2757 etiam
669 2737 789 2759 crucem
818 2729 855 2759 ad
879 2733 1005 2760 mortem

183 2769 366 2801 sustinuerit.
381 2769 614 2803 cDidicitautem
625 2781 660 2804 ex
672 2772 718 2804 his
727 2782 793 2813 quae
806 2782 908 2814 passus
916 2777 970 2805 est.
989 2786 1002 2805 ›

1052 2197 1181 2236 ηκούσθη,
1215 2195 1254 2224 ὅτι
1281 2197 1324 2224 καὶ
1352 2196 1462 2229 ἀνέστη.
1492 2199 1574 2224 Τοῦτο
1602 2193 1629 2221 δὲ
1660 2194 1723 2222 εἷπε
1752 2193 1794 2221 διὰ
1822 2193 1871 2227 τὴν

1051 2240 1185 2269 ἀσθένειαν
1214 2243 1267 2269 τῶν
1301 2241 1460 2276 ἀκουόντων,
1496 2238 1568 2267 olim»
1605 2237 1722 2276 μεγάλας
1751 2237 1871 2278 ὶχόντων

1051 2286 1109 2324 περὶ
1131 2289 1241 2324 Χριστοῦ
1261 2284 1347 2318 δόξας.
1375 2296 1386 2312 u
1405 2284 1471 2313 Ἀπὸ
1491 2286 1540 2317 τῆς
1562 2281 1708 2314 εὒλαϐείας.
1734 2293 1745 2311 ι
1770 2282 1808 2311 Οὖ
1823 2293 1869 2310 το-

1051 2334 1153 2366 σοῦτον,
1169 2330 1243 2369 φησὶ,
1261 2330 1351 2368 χάριτι
1366 2334 1411 2358 τοῦ
1426 2329 1538 2368 Πατρὸς,
1567 2326 1628 2355 ὅσον
1643 2327 1695 2355 ἀπὸ
1710 2327 1756 2360 τῆς
1771 2327 1870 2358 οἰκείας

1051 2373 1184 2406 εὐλαϐείας
1211 2375 1338 2407 ἠκούσθη.
1368 2373 1488 2406 Τοσαύτη
1519 2373 1569 2412 γὰρ
1597 2372 1629 2405 ἦν
1655 2372 1745 2408 αὑτοῦ,
1774 2373 1865 2411 φησὶν,

1049 2419 1066 2452 ἡ
1083 2417 1213 2458 εὒλάϐεια,
1230 2418 1269 2447 ὅτι
1298 2419 1342 2446 καὶ
1368 2417 1464 2452 ἠδὲσθη
1486 2417 1563 2445 avssz
1586 2418 1599 2444 ὁ
1627 2417 1729 2455 Πατήρ.
1760 2419 1819 2444 Τῶν
1841 2415 1867 2443 δὲ

1049 2467 1177 2491 ταπεινῶν
1198 2464 1297 2491 τούτων
1311 2463 1436 2502 ῥημάτων
1451 2461 1495 2490 δύο
1510 2460 1584 2489 αἴτια
1601 2469 1606 2476 ·
1639 2460 1654 2494 ἥ
1677 2471 1706 2488 τε
1727 2459 1800 2499 σὰρξ,
1824 2461 1866 2488 καὶ

1047 2509 1064 2542 ἡ
1080 2508 1198 2536 ἀσθένεια
1211 2511 1263 2536 τῶν
1278 2507 1436 2536 ἀκουόντων.
1472 2517 1483 2534 ι
1512 2506 1610 2545 Καίπερ
1638 2505 1673 2534 ὣν
1697 2506 1767 2542 Υἱὸς,
1799 2505 1866 2543 ἔμα-

1045 2554 1088 2580 θεν
1116 2552 1160 2592 ἆφ⁷
1182 2554 1219 2580 ὧν
1248 2552 1336 2581 ἔπαθε.
1372 2563 1383 2580 ι)
1412 2555 1552 2588 Τοσοῦτον,
1582 2551 1671 2589 φησὶν,
1704 2550 1862 2587 ὑπήκουσεν,

1047 2597 1192 2636 (ὑπήκουσε
1207 2596 1246 2634 δὲ,
1269 2598 1306 2629 ὡς
1330 2596 1424 2636 πρέπει
1454 2596 1512 2623 Υἱὸν
1539 2596 1641 2635 Πατρὶ,)
1672 2594 1712 2622 ὅτι
1741 2595 1808 2632 μετᾶ
1835 2595 1864 2622 τὸ

1047 2641 1254 2680 ὲνανθρωπῆσαι,
1269 2642 1313 2669 καὶ
1348 2641 1457 2680 σταυρὸν
1494 2641 1537 2668 καὶ
1570 2640 1678 2668 θάνατον
1714 2638 1862 2677 ὑπέμεινεν.

1050 2698 1063 2713 «
1083 2680 1203 2723 ’Ἐμαθεν
1218 2685 1245 2713 δὲ
1267 2686 1310 2726 ἀφ’
1326 2687 1362 2714 ὧν
1378 2685 1482 2716 ἔπαθεν,
1504 2696 1514 2712 ι
1531 2679 1611 2719 ’ᾙδει
1634 2685 1693 2722 μὲν.
1710 2685 1786 2723 φησι,
1802 2684 1862 2715 τίςὸ

1047 2731 1166 2768 θάνατος,
1183 2732 1248 2762 Θεὸς
1264 2731 1311 2762 ὤν,
1327 2731 1357 2760 Τί
1371 2731 1420 2770 γὰρ
1434 2729 1529 2763 λέληθε
1544 2729 1628 2768 Θεόν;
1645 2728 1729 2757 Ἀλλὰ
1738 2729 1782 2756 καὶ
1793 2727 1818 2760 ἐξ
1827 2729 1862 2755 ὧν

1047 2775 1152 2815 ἔπαθεν,
1168 2774 1272 2813 ἔμαθεν,
1296 2776 1332 2804 οὖ
1347 2775 1436 2813 μόνον,
1452 2775 1527 2814 φησὶ,
1542 2775 1606 2802 καθὸ
1629 2774 1661 2807 ἦν
1690 2773 1766 2809 Θεὸς,
1796 2771 1861 2800 ἀλλὰ
