1936 3080
70 108 144 142 325

645 112 844 145 COMMENT.
868 111 909 144 IN
931 111 1052 144 EPIST.
1077 112 1127 143 AD
1148 109 1262 144 HEBR.

1717 110 1779 144 826

71 178 131 223 ixi:
231 177 264 211 ἧν
281 177 429 218 ἅνθρωπος,
452 181 527 223 πείρα
551 180 641 217 μαθὼν
663 180 708 208 τὸν
730 179 835 208 θάνατοι

1009 182 1077 223 verat
1091 177 1212 219 quidem
1229 177 1298 223 quid
1315 181 1571 223 essetmom,‘cum
1582 177 1661 223 Deus
1670 181 1751 223 esset
1767 186 1773 209 :

72 216 189 252 “A110.
209 216 392 262 [@QT.]'A\50
405 216 526 258 ζητεῖταί
542 223 656 261 μάλιστα
672 223 790 259 ἰνταῦθα,
808 224 835 252 ἓν
850 224 910 261 μὲν,

70 269 139 298 πῶς
157 278 250 307 φησιν,
276 266 316 295 ὅτι
339 268 507 308 εἰσηκούσθη,
529 268 614 296 καίτοι
636 269 713 300 αὖτὸς
736 269 784 305 μὲν
809 268 910 308 παρελ-

69 312 139 339 θεῖν
156 310 244 340 ἐδεῖτο
271 313 318 339 τὸν
345 312 466 350 θάνατον,
495 314 509 340 6
534 312 561 340 δὲ
583 313 612 340 οὗ
633 312 762 352 παρῆλθε.
787 314 836 342 Καὶ
862 314 912 353 γὰρ

72 355 239 395 ἐσταυρώθη
254 357 298 385 καὶ
312 357 436 388 ἀπέθανε,
462 358 585 397 Δεύτερον
609 356 648 397 δὲ,
672 358 724 386 ἀπὸ
739 358 815 389 ποίας
831 357 911 386 εὔλε-

71 398 158 432 ϐεἰσις
191 401 388 435 εἰσηουσθῆναι
425 402 501 430 αὐτόν
531 413 605 442 φησι.
652 403 701 430 Καὶ
735 402 832 442 τρίτον,
870 403 909 439 τὸ,

74 445 188 482 Καίπερ
222 445 259 473 ὣν
289 446 358 485 Υἱὸς,
395 446 444 474 τίνι
479 446 648 486 συναπτέον;
679 449 718 484 τῷ
748 447 910 480 Εἰσηκούσθη

73 488 136 516 ὰπὸ
153 492 205 522 τῆς
220 488 363 525 εὒλαὸείας,
393 491 412 524 ἢ
432 497 491 522 τοῖς
517 491 621 530 ἑφεξῆς,
643 491 688 519 ’ἵνα
714 490 742 528 ᾖ,
762 491 859 530 Καίπερ
873 491 909 519 ὢν

75 535 158 573 ι’ἰὸς,
189 534 284 572 ἔμαθεν
306 534 350 575 ἀφ’
386 537 421 562 ὧν
451 535 530 564 ἔπαθε
554 536 603 569 τὴν
629 536 761 570 ὕπατεοήν,
794 536 909 575 Διαφορα

72 578 133 617 γὰρ
164 579 263 607 τούτων
285 581 314 608 οὗ
344 579 433 618 ὀλίγη,
464 579 546 609 ’Λλλα
577 581 642 619 πρὸς
671 580 720 617 μὲν
747 581 777 608 τὸ
806 580 909 619 πρῶτόν

74 633 184 661 ταμεν,
210 623 249 652 ὅτι
272 625 319 652 οὐκ
343 624 377 657 ἦν
401 625 418 658 ἡ
441 623 530 658 δέησις
552 624 611 662 μία,
640 624 708 652 ἀλλὰ
735 623 814 658 διπλῆ
842 635 882 656 τις
899 633 906 640 ·

71 668 92 700 ἡ
131 669 182 705 μὲν
217 668 414 706 παραιτουμένη
435 670 480 697 τὸν
508 669 629 705 θάνατον,
660 670 677 702 ἡ
699 668 726 696 δὲ
755 669 907 707 αἰτουμένη,

77 713 137 740 Καὶ
152 713 202 751 γάρ
218 725 297 753 φησιν
318 713 345 741 ἔν
367 716 400 752 τῇ
425 713 489 747 ανξιτῆ
506 713 574 753 εὒχῇ
589 715 632 742 καὶ
646 713 733 748 δεήσει
752 722 759 729 '
793 725 804 741 ιι
835 713 908 746 Πλὴν

74 757 122 792 μὴ
145 758 176 785 τὸ
202 758 266 795 ἐμὸν
293 757 407 795 θέλημα.
438 757 505 786 ἀλλὰ
531 759 561 786 τὸ
590 759 636 786 σὸν
664 759 788 796 γενέσθω.
814 770 828 785 n
861 759 908 787 Καὶ

74 806 164 830 τοῦτο
180 802 337 841 σαφέστερον
353 801 439 835 δηλῶν
467 803 481 830 6
511 802 646 836 Ἰωάννης,
670 803 749 842 φησὶν
779 804 905 830 αἰτεῖσθαι
919 824 936 848 Β

73 847 128 873 τὸν
148 847 208 874 Υἰὸν
230 846 352 886 λέγοντι,
383 859 396 873 ε
422 847 517 886 Πάτερ,
552 846 659 879 δόξασόν
688 857 734 875 σου
760 849 805 875 τὶν
835 849 904 884 ι’ἱον,

74 890 130 917 ἵνα
154 891 198 918 καὶ
213 892 226 918 6
244 891 302 923 Υἱός
318 902 364 920 σου
386 890 482 929 δοξάσῃ
509 902 550 927 σε,
577 902 588 920 ι
627 891 700 924 δόξαν
722 893 767 919 τὸν
797 893 906 931 σταυρὸν

74 935 126 962 καὶ
143 936 191 962 τὸν
206 935 316 963 θάνατον
331 936 367 967 ὡς
399 934 487 969 δηλῶν
516 936 686 972 ὀνομάζοντα,
717 932 722 941 ”
735 942 805 964 Ωστε
818 936 905 967 καλῶς

75 990 167 1019 φησιν
182 981 195 1007 ὁ
210 981 281 1011 θεῖος
307 979 419 1016 Παῦλος,
447 980 622 1013 Είσηκούσθη.
653 981 689 1009 T6
717 980 755 1020 δὲ,
778 979 846 1008 Ἀπὸ
860 981 907 1013 τῇς

77 1023 234 1061 εὐλαϐείας,
252 1024 330 1063 ἐγγὺς
351 1024 459 1063 γέγονεν
484 1024 513 1052 ἐκ
540 1026 592 1053 τῶν
622 1024 764 1064 εἰρημένων
794 1030 838 1053 τοῦ
860 1036 907 1052 σε-

76 1069 253 1108 σανξηνίσθαι.
273 1070 323 1096 Δύο
344 1070 393 1108 γὰρ
419 1069 519 1109 ἔφημεν
540 1070 667 1105 αἰτήσεις,
698 1071 746 1103 τὴν
773 1070 821 1107 μὲν
843 1081 908 1101 παρ-

78 1114 219 1147 αιτήσεως
247 1117 292 1141 τοῦ
326 1113 448 1153 θανάτου,
491 1114 539 1147 την
581 1112 607 1142 δε
649 1115 879 1153 αυγκατανεύσεως
898 1122 904 1129 ·

77 1156 150 1196 ὅπερ
165 1157 198 1190 ἦν
213 1158 250 1189 ὡς
274 1157 378 1191 ἀληθῶς
408 1157 510 1191 πολλῆς
532 1157 666 1190 εὐλαϐείας
682 1166 690 1174 ·
723 1158 795 1192 Πλὴν
823 1159 862 1196 μή
876 1159 906 1186 τὸ

76 1202 149 1239 ἐμὸν
183 1201 298 1239 θέλημα,
330 1202 394 1230 ἐλλὰ
432 1204 462 1230 τὸ
492 1202 548 1233 σόν,
579 1203 736 1236 Εἱσηκούσθν
771 1204 854 1231 τοίνυν
891 1205 905 1231 ὁ

78 1247 212 1284 Χριστὸς,
241 1247 287 1274 οὒκ
313 1247 365 1275 ἀπὸ
391 1248 441 1280 τῆς
463 1248 659 1287 παραιτήσεως,
686 1247 754 1275 ἀλλὰ
782 1248 835 1275 ἀπὸ
856 1250 904 1281 τῆς

77 1290 233 1328 εὐλαϐείας,
249 1291 392 1332 τουτέστιν,
422 1291 507 1325 ἐκείνη
537 1292 554 1326 ἣ
582 1292 688 1325 αἴτησις
710 1294 789 1322 αὺτοῦ
816 1291 903 1332 ἐξέϐη,

76 1337 144 1375 οὐχὶ
160 1337 177 1369 ἡ
194 1336 261 1364 κατὰ
274 1336 324 1370 τὴν
338 1337 506 1376 παραίτησιν,
528 1336 588 1364 ἀλλ’
609 1338 626 1370 ἠ
649 1338 716 1364 κατὰ
746 1337 794 1370 τὴν
824 1337 904 1365 εὒλά-

76 1378 169 1411 ϐειαν,
209 1381 255 1408 Διό
291 1393 368 1421 φησι,
406 1383 454 1410 Καὶ
490 1381 646 1417 τελειωθεὶς,
689 1382 822 1422 τουτέστι,
865 1381 906 1409 διὰ

78 1425 251 1462 παθημάτων
278 1426 321 1453 καὶ
349 1429 460 1465 σταυροῦ
488 1427 531 1454 καὶ
565 1426 675 1454 θανάτου
710 1426 809 1458 τέλειος
837 1428 905 1464 ἡμῖν

953 222 1023 263 quid
1041 223 1120 254 enim
1134 224 1226 254 Deum
1239 222 1330 253 latere
1356 224 1472 262 potest?
1482 221 1617 253 Attamen
1628 221 1776 252 didicitex

954 267 999 298 his
1010 276 1075 308 qua:
1090 276 1193 308 passus
1210 266 1331 297 est.Non
1344 267 1437 296 solum
1460 273 1605 306 quatenus
1614 265 1690 296 Deus
1701 270 1774 306 erat,

952 311 1144 342 verumetiam
1161 315 1305 352 quatenus
1317 314 1379 341 erat
1393 309 1679 350 homo,oxperientia
1694 309 1773 340 didi~

953 357 992 386 cit
1006 361 1142 387 mortem.
1154 375 1184 378 —
1195 355 1262 386 Alio
1272 355 1371 386 modo.
1386 355 1447 386 Duo
1456 353 1575 394 quidem
1586 353 1634 384 hic
1650 354 1776 384 maxime

953 405 1125 441 quaeruntur
1144 409 1150 432 ε
1168 410 1259 431 υηυιη
1277 400 1411 440 quidem,
1431 398 1580 438 quomodo
1605 397 1682 428 dicat
1697 398 1775 438 quod

953 445 1107 475 exauditus
1123 445 1171 476 sit.
1194 444 1282 484 Atqui
1299 444 1404 474 orabat
1417 447 1450 473 ut
1467 446 1592 472 mortem
1611 442 1749 472 evaderet
1766 451 1773 472 :

952 489 1015 527 ipse
1030 493 1128 520 autem
1146 499 1203 519 non
1220 491 1321 525 evasit,
1338 498 1404 518 nam
1420 486 1578 517 cruciﬁxus
1593 489 1676 516 estet
1693 495 1773 516 mor-

952 536 1028 563 tuus.
1047 533 1180 564 Alterum
1197 543 1277 570 vero,
1296 542 1348 573 pro
1363 541 1421 572 qua
1437 530 1602 562 reverentia
1616 529 1694 559 dicat
1704 539 1772 560 eum

951 578 1131 609 exauditum.
1160 577 1196 608 Et
1225 576 1356 612 tertium,
1383 576 1429 606 cui
1457 573 1695 614 conjungendum
1715 577 1770 612 est,

951 620 1080 652 Tametsi
1094 622 1184 653 Filius
1194 626 1275 652 erat:
1289 630 1324 651 an
1338 618 1771 661 prmuedentihus,puta.Exau-

951 665 1028 696 ditus
1044 670 1087 697 est
1104 676 1155 706 pro
1173 676 1224 697 sua
1254 665 1424 697 reverentia
1442 675 1448 695 :
1468 674 1505 694 an
1521 661 1724 703 sequentibus,
1740 667 1771 693 ut

949 714 986 740 sut
996 719 1100 740 sensus
1113 720 1118 741 :
1131 710 1261 741 Tametsi
1280 710 1371 741 Filius
1392 712 1465 746 erat,
1478 707 1584 739 dtdicit
1599 716 1633 736 ex
1650 706 1696 736 his
1708 716 1772 746 qua;

949 763 1052 794 passus
1068 759 1112 786 est
1124 755 1322 785 obedientiam
1342 765 1349 786 :
1367 758 1411 784 est
1427 752 1507 784 enim
1523 750 1680 782 diversitas
1695 751 1773 782 inter

949 799 1004 829 ista
1020 809 1077 829 non
1091 809 1188 839 parva.
1202 799 1310 830 Verum
1323 799 1359 829 ad
1374 798 1501 838 primum
1515 797 1635 837 quidem
1644 794 1772 832 dicimus

949 843 1149 881 precationem
1168 854 1226 874 non
1255 843 1420 883 simplicem
1437 841 1540 881 fuisse,
1563 841 1615 872 sed
1631 843 1771 882 quodam-

949 888 1037 918 modo
1052 888 1199 927 duplicem
1214 899 1220 918 :
1239 897 1296 918 una
1321 887 1441 928 quidem
1459 886 1614 917 devitando
1632 892 1768 927 mortem,

948 933 1041 962 altera
1060 941 1128 963 vero
1147 931 1311 972 expetendo
1341 935 1477 962 mortem.
1496 930 1544 960 Ait
1559 931 1638 961 enim
1659 931 1690 962 in
1706 932 1772 972 ipsa

950 976 1084 1007 oratione
1098 981 1126 1007 et
1142 977 1310 1016 precatiOne
1328 985 1334 1006 :
1369 988 1380 1003 α
1396 975 1532 1006 Attamen
1549 984 1606 1005 non
1624 984 1690 1007 mea
1712 987 1765 1007 vo-

949 1019 1059 1058 luntas,
1071 1022 1122 1051 sed
1140 1026 1187 1051 tua
1198 1020 1315 1051 ﬁatiﬁa
1335 1020 1368 1050 Et
1383 1020 1439 1050 hoc
1456 1019 1639 1050 manifestius
1654 1020 1769 1060 signiﬁ-

950 1074 1020 1095 cans
1032 1066 1173 1105 Joannes,
1189 1066 1228 1095 ait
1244 1065 1350 1095 Filium
1366 1063 1502 1104 petiisse:
1526 1064 1630 1094 «Pater
1639 1065 1771 1103 gloriﬁca

949 1108 1055 1139 Filium
1073 1114 1168 1147 tuum,
1197 1115 1228 1140 ut
1259 1115 1287 1139 et
1302 1109 1392 1139 Filius
1409 1112 1474 1138 tuus
1490 1107 1635 1147 gloriﬁcet
1650 1112 1678 1139 te
1693 1109 1733 1140 37.
1754 1124 1766 1138 ι

950 1157 1085 1193 tanquam
1102 1154 1272 1193 signiﬁcans
1283 1153 1453 1184 nominasse
1468 1160 1586 1182 crucem
1597 1161 1632 1182 ac
1643 1158 1768 1185 mortem

948 1198 1086 1238 gloriam.
1099 1199 1190 1229 Recte
1205 1199 1303 1238 itaque
1315 1197 1356 1228 ait
1369 1196 1454 1227 divus
1469 1195 1576 1226 Paulus
1589 1206 1595 1225 :
1610 1195 1769 1229 Exauditus

947 1246 1001 1273 est.
1020 1242 1104 1277 Quod
1120 1247 1216 1273 autem
1233 1242 1352 1273 dicitur.
1367 1243 1421 1271 Pro
1434 1249 1486 1270 sua
1500 1241 1678 1281 reverentia,
1695 1251 1769 1281 pro-

947 1287 1105 1326 pemodum
1132 1296 1166 1318 ex
1180 1287 1225 1317 his
1238 1295 1305 1327 qua:
1326 1286 1388 1326 jam
1413 1285 1490 1315 dicta
1505 1288 1575 1314 sunt
1587 1285 1768 1317 declaratum

948 1335 1003 1363 est.
1020 1331 1090 1362 5ὅο
1104 1331 1182 1363 Duas
1211 1332 1290 1362 enim
1313 1331 1440 1361 diximus
1471 1329 1653 1369 petitiones:
1680 1340 1767 1360 unam

948 1377 1067 1416 quidem
1084 1387 1142 1417 qua
1157 1376 1298 1408 devitaret
1315 1379 1451 1409 mortem,
1468 1374 1591 1405 alteram
1619 1382 1687 1404 vero
1712 1384 1769 1414 qua

947 1426 1124 1461 acceptaret.
1143 1421 1210 1452 Haec
1227 1420 1346 1461 quidem
1364 1427 1475 1458 magna:
1496 1426 1600 1448 revera
1622 1423 1705 1448 erant
1722 1429 1766 1450 re-

78 1469 266 1508 ἐπιγνωσθεὶς,
304 1471 346 1498 καὶ
387 1463 452 1510 ὑπὲρ
487 1470 565 1510 λόγον
601 1471 696 1509 ἀγαθὸς
737 1472 780 1498 καὶ
808 1470 842 1511 φιί

1001 1466 1096 1502 οηῑὶω,
1116 1475 1173 1505 qua
1187 1465 1305 1495 dicebat
1322 1474 1328 1494 :
1345 1464 1483 1495 Attamen
1499 1472 1557 1492 non
1585 1471 1650 1492 mea
1661 1463 1765 1493 volun-

77 1515 200 1553 θρωπος.
236 1518 319 1543 Τοῦτο
353 1514 380 1542 δὲ
409 1516 451 1543 καὶ
479 1515 576 1545 ἄνωθεν
612 1514 741 1549 ὑπεδήλου
759 1526 765 1532 ·
801 1515 904 1550 δεήσεις

78 1557 170 1597 λέγων
185 1559 229 1586 καὶ
242 1560 384 1598 ἱκεηρίας,
407 1560 438 1587 τὸ
459 1558 564 1587 διπλοῦν
594 1559 640 1593 τῆς
662 1560 790 1594 αἰτήσεως
819 1561 903 1588 αἰνιτ-

75 1603 205 1640 τόμενος.
246 1604 314 1631 Εἶτα
354 1605 397 1631 καὶ
432 1603 532 1638 δεήσεις
568 1605 648 1631 εἰπὼν
686 1605 729 1632 καὶ
758 1606 901 1644 ἱκετηρίας,

80 1649 131 1675 οὔκ
154 1647 289 1687 ἐπήγαγεν
306 1643 384 1688 ’Υπὲρ
405 1653 451 1678 τοῦ
465 1648 605 1688 παρελθεῖν
619 1650 664 1676 τὸν
686 1650 807 1689 θάνατον,
837 1649 903 1677 ἀλλὰ

79 1693 152 1731 Πρὸς
167 1693 214 1720 τὸν
228 1691 368 1730 δυνάμενον
393 1694 484 1728 σώζειν
508 1693 584 1721 αὐτὸν
606 1694 636 1721 ἐκ
662 1694 783 1729 θανάτου,
816 1693 903 1725 καλῶς

77 1738 123 1764 καὶ
140 1737 284 1776 πανσόφως
299 1737 375 1765 τοῦτο
389 1738 518 1776 προσθεὶςΙ
548 1738 593 1766 ἵνα
620 1738 683 1766 ὅταν
709 1739 798 1777 ἐννοῇς
828 1739 902 1767 αὒτὸν

79 1782 275 1819 σταυρούμενον
309 1783 352 1810 καὶ
385 1783 562 1822 θαπτόμενον,
605 1784 642 1821 μή
692 1783 818 1820 ἀδυναμίᾳ
858 1787 904 1810 τοῦ

81 1827 187 1864 Πατρὸς
221 1827 299 1854 αὸτὸν
321 1827 397 1856 τοῦτο
430 1829 538 1866 νομίσῃς
566 1828 807 1866 ὑπομεμενηκέναι,
844 1827 903 1856 ἀλλ’

80 1870 122 1899 ὅτι
138 1872 226 1899 κοίνὸν
247 1871 349 1909 θέλημα
379 1871 412 1905 ἦν
432 1873 462 1900 τὸ
491 1875 572 1900 ταῦτα
602 1875 695 1901 παθεῖν
719 1874 763 1901 τὸν
795 1874 905 1912 Χριστὸν

79 1916 148 1955 ὑπὲρ
175 1918 225 1950 τῆς
260 1927 306 1944 του
333 1917 434 1954 κόσμου
463 1917 605 1956 σωτηρίας,
637 1918 746 1946 Δύναται
773 1917 799 1945 δὲ
827 1921 905 1946 τοῦτο

80 1961 260 2000 εἰρῆσθαικαὶ
274 1960 316 1988 διὰ
347 1961 396 1994 τὴν
416 1961 568 1991 ἀνάστασιν.
599 1961 741 2002 Πολλαχοῦ
769 1963 818 2002 γὰρ
852 1973 902 1991 τα-

79 2006 223 2045 πειτότερα
250 2007 264 2033 6
289 2007 360 2038 θεῖος
388 2005 490 2039 Παῦλος
511 2006 697 2046 φθεγγόμενος,
727 2008 773 2034 τὸν
800 2007 903 2046 Πατέρα

79 2051 161 2091 φησὶν
204 2050 348 2085 ἀναστῆσαι
395 2052 440 2079 τὸν
493 2053 603 2090 Χριστόν
654 2050 817 2086 Ἀναστήσας
860 2051 903 2079 οὖν

79 2096 173 2132 αὐτὸν,
190 2095 313 2134 ἰρῤύσατο
329 2097 406 2125 αὐτὸν
435 2096 464 2124 ἐκ
491 2096 537 2125 τοῦ
564 2096 674 2124 θανάτου
701 2097 744 2124 καὶ
765 2094 900 2126 διέσωσεν.

79 2137 159 2167 Ἀλλ’
181 2139 264 2171 οὕτως
288 2141 337 2178 μὲν
361 2140 418 2169 κατ’
443 2141 513 2178 tm
540 2141 650 2180 γνώμην
677 2145 771 2170 ταῦτα.
800 2141 836 2169 Τὸ
862 2139 888 2168 δὲ

81 2184 184 2223 Καίπερ
213 2184 250 2213 ὢν
285 2186 356 2223 Υἱὸς,
394 2184 420 2213 εἴ
455 2196 495 2217 τις
523 2183 580 2213 καθ’
607 2183 751 2224 ὑπερϐατὸν
785 2183 901 2225 ἑκλάϐοι,

79 2227 205 2267 (ἄπειρος
220 2227 247 2256 δὶ
275 2230 292 2263 ἡ
320 2230 414 2258 τούτου
441 2232 539 2270 χρῆσις
568 2233 606 2267 τῷ
625 2229 755 2270 θεσπεσίῳ
781 2228 903 2267 Παύλῳ,)

79 2266 207 2304 ἀϐίαστος
222 2271 253 2301 ἂν
277 2274 294 2307 ἡ
316 2273 400 2302 ἔννοια
433 2266 580 2314 Διξροαχθείη
609 2276 668 2302 οἷον
683 2283 691 2290 ·
712 2266 758 2306 “‹)ς
788 2273 814 2301 ὲν
842 2266 903 2305 ταῖς

78 2315 194 2354 ἡμέραις
208 2318 258 2350 τῆς
272 2319 367 2358 σαρκὸς
393 2320 483 2359 αὐτοῦ,
512 2319 606 2358 καίπερ
634 2318 670 2347 ὢν
700 2320 771 2356 Υἱὸς,
800 2317 903 2353 διήσεις

80 2361 128 2389 καὶ
153 2362 296 2401 ἱκετηρίας,
328 2364 371 2390 καὶ
409 2362 482 2400 ἑξῆς,
525 2363 653 2401 τουτέστι,
683 2363 775 2402 καίπερ
803 2363 901 2402 προνό-

80 2416 144 2442 μιον
159 2406 284 2445 μέγιστον
299 2406 372 2446 ἔχων
393 2408 430 2439 ὡς
454 2408 526 2444 Υἱὸς,
555 2408 584 2435 τὸ
606 2408 688 2447 χωρὶς
715 2406 831 2442 δεήσεως
857 2407 904 2434 καὶ

80 2451 212 2484 αἰτήσεως
228 2450 413 2489 αὐταδεσπότῳ
435 2452 529 2491 γνώμῃ
557 2453 642 2480 πάντα
670 2459 759 2480 ποιεῖν
790 2452 806 2479 ἃ
828 2452 871 2479 καὶ
887 2453 900 2480 ὁ

82 2495 171 2533 Πατὴρ
200 2502 283 2533 ποιετ,
307 2495 379 2534 ὅμως
395 2496 486 2530 ἐπειδὴ
510 2497 537 2524 ἐν
552 2496 661 2536 ἡμέραις
675 2497 708 2530 ἦν
729 2496 776 2530 τῆς
791 2497 896 2535 σαρκὸς,

81 2538 185 2574 δεήσεις
213 2541 258 2568 καὶ
287 2542 418 2581 ἱκετηρίας
452 2541 607 2581 προσέφερε.
656 2542 767 2569 Δύναται
794 2540 822 2568 δὲ
856 2541 899 2569 καὶ

80 2585 148 2612 κατὰ
176 2585 329 2614 ἀκολουθίαν
357 2587 393 2618 ὡς
425 2586 484 2626 ἔχει
525 2586 623 2619 τάξεως
651 2587 809 2626 συναφθῆναι
849 2589 899 2623 τῷ,

82 2629 131 2657 Καὶ
159 2629 335 2663 εἰσακουσθεὶς
355 2631 409 2659 ἀπὸ
429 2633 479 2664 τῆς
501 2629 647 2666 εὐλαϐείας,
677 2632 747 2667 οἷον,
777 2630 902 2663 Eia-quoﬁ-

81 2674 139 2710 σθη,
155 2675 232 2714 φησὶ,
263 2675 356 2714 καίπερ
384 2675 421 2704 ὢν
451 2677 522 2712 Υἱὸς,
553 2676 597 2704 καὶ
625 2675 664 2713 μὴ
688 2673 809 2712 δεόμενος
844 2675 900 2702 εἰσ-

115 2753 143 2778 ²⁶
155 2753 264 2786 Matth.
281 2762 359 2795 xxvi,
377 2755 415 2787 39
429 2766 437 2792 ;
451 2756 511 2787 Luc
539 2763 600 2794 xvr,
611 2755 661 2786 42.
678 2754 707 2779 ’⁷
717 2754 800 2786 Joan.
817 2762 888 2792 xvu,
903 2757 933 2784 1.

892 2164 935 2190 ’D

948 1514 1000 1549 tas,
1018 1510 1070 1540 sed
1087 1515 1134 1540 tua
1150 1511 1208 1541 ﬁat.
1227 1509 1391 1540 Exauditus
1412 1511 1455 1538 est
1473 1516 1542 1547 ergo
1558 1507 1693 1537 Christus
1708 1517 1767 1539 non

946 1563 980 1584 ex
993 1564 1028 1585 ea
1043 1559 1122 1595 parte
1139 1564 1196 1595 qua
1213 1553 1386 1593 refugiebat,
1404 1552 1455 1582 sed
1482 1561 1538 1592 qua
1552 1551 1742 1583 reverebatur
1759 1565 1766 1585 :

945 1598 1001 1629 hoc
1012 1605 1069 1639 est,
1086 1600 1136 1629 illa
1149 1599 1251 1638 petitio
1269 1598 1361 1638 Ipsius
1372 1597 1494 1636 contigit
1505 1606 1563 1627 non
1577 1608 1641 1637 quae
1651 1598 1766 1629 devita-

946 1643 1068 1680 tionem,
1086 1644 1137 1675 sed
1163 1653 1228 1684 quae
1253 1641 1447 1674 reverentiam
1469 1643 1680 1674 concernebat.
1697 1643 1766 1674 ldeo

945 1687 1006 1718 ait:
1021 1689 1062 1719 Ac
1079 1688 1229 1729 perfectus
1244 1687 1379 1718 redditus
1399 1695 1405 1717 ;
1424 1686 1479 1716 hoc
1495 1690 1550 1724 est,
1569 1697 1621 1727 pur
1632 1687 1766 1718 afﬂictio-

946 1742 999 1763 nes
1012 1738 1041 1764 et
1055 1742 1172 1764 crucem
1189 1743 1222 1763 ac
1239 1736 1362 1762 mortem
1379 1731 1526 1772 perfectus
1541 1741 1558 1761 a
1569 1731 1654 1762 nobis
1667 1733 1766 1771 cogni‘

946 1782 993 1808 tus
1004 1783 1033 1808 et
1048 1787 1136 1818 supra
1153 1778 1272 1807 modum
1289 1778 1384 1806 bonus
1407 1785 1439 1806 ac
1456 1776 1614 1807 humanus.
1633 1776 1696 1806 Hoc
1709 1786 1764 1807 au-

946 1827 1004 1853 tem
1014 1823 1149 1863 superius
1158 1831 1274 1862 quoque
1284 1821 1542 1857 indicavit,dicens
1555 1831 1560 1851 :
1575 1821 1767 1851 l’rrcationes

945 1872 975 1898 et
990 1867 1230 1908 supplicationes,
1250 1867 1419 1906 petitionem
1432 1874 1581 1905 gemmam
1594 1865 1762 1904 designans.

946 1913 1093 1943 Praeterea
1108 1914 1195 1943 etiam
1212 1921 1279 1942 cum
1296 1911 1416 1941 dixisset
1433 1919 1439 1940 :
1454 1910 1644 1941 Precationes
1657 1914 1685 1940 et
1695 1919 1764 1949 sup-

945 1957 1130 1997 plicationes,
1154 1967 1211 1987 non
1240 1956 1321 1987 addit
1343 1955 1408 1986 :Ad
1425 1954 1607 1985 evadendum
1626 1958 1763 1991 mortem,

944 2003 1007 2040 sed,
1018 2002 1102 2042 Apud
1115 2002 1198 2032 illum
1209 2001 1258 2041 qui
1272 2004 1386 2040 poterat
1395 1999 1491 2039 ipsum
1501 2008 1518 2030 a
1531 2003 1624 2029 morte
1633 2007 1761 2028 servare.

943 2046 1035 2087 quue
1042 2051 1121 2078 recto
1132 2046 1291 2078 admodum
1302 2052 1330 2075 et
1338 2043 1580 2084 sapienteraddit
1590 2053 1596 2074 :
1608 2043 1762 2083 utquando

945 2091 1128 2122 intellexeris
1139 2091 1236 2130 ipsum
1249 2090 1423 2121 cruciﬁxum
1432 2098 1466 2119 ac
1477 2087 1638 2128 sepultum,
1656 2096 1692 2118 ne
1705 2087 1763 2118 Pa-

944 2135 997 2166 tris
1011 2135 1187 2175 impotentia
1201 2135 1330 2174 idipsum
1345 2132 1494 2164 existimes
1511 2141 1577 2162 eum
1595 2131 1762 2171 pertulisse,

944 2181 997 2210 sed
1014 2180 1092 2220 quod
1104 2179 1272 2210 communis
1282 2182 1344 2208 erat
1360 2177 1539 2216 veluntas,ut
1553 2175 1686 2206 Christus
1700 2176 1764 2206 haec

944 2233 997 2265 pro
1011 2224 1113 2255 mundi
1129 2223 1223 2254 salute
1249 2226 1406 2263 pateretur.
1426 2222 1524 2252 Potest
1538 2224 1638 2251 autem
1665 2225 1692 2250 et
1708 2221 1764 2251 hoc

945 2264 1055 2300 dictum
1074 2278 1139 2300 esse
1154 2273 1274 2308 propter
1301 2266 1563 2297 resurrectionem.
1581 2264 1764 2304 Frequenter

944 2314 1024 2346 enim
1041 2314 1199 2344 humiliora
1215 2313 1339 2352 loquens
1354 2311 1437 2341 divus
1454 2311 1572 2346 Paulus,
1591 2309 1630 2339 ait
1645 2311 1762 2340 Patrem

943 2359 1141 2391 resurrexisse
1157 2358 1318 2389 Christum.
1335 2355 1524 2387 Resuscitans
1542 2354 1640 2393 itaque
1652 2353 1760 2393 ipsum,

942 2411 958 2434 ιλ
975 2407 1069 2434 morte
1085 2402 1219 2433 liberavit
1233 2411 1267 2432 ac
1278 2401 1413 2432 servavit.
1435 2400 1472 2430 Et
1483 2399 1544 2430 haac
1560 2398 1680 2438 qutdem
1698 2407 1763 2428 meo

939 2447 1052 2488 judicio
1070 2447 1109 2478 ita
1121 2457 1153 2478 se
1170 2446 1269 2477 habet.
1282 2445 1364 2481 Quod
1377 2449 1475 2475 autem
1489 2443 1619 2488 dicitur:
1634 2442 1763 2473 Tametsi

942 2487 1035 2524 Filius
1051 2491 1155 2528 erat,si
1168 2491 1237 2530 quis
1249 2500 1302 2531 per
1323 2489 1504 2530 hyperbaton
1520 2487 1645 2528 accipiat
1659 2490 1762 2526 (porro

941 2537 1030 2577 hujus
1045 2546 1116 2567 usus
1138 2536 1204 2566 divo
1219 2535 1310 2566 Paulo
1322 2535 1462 2574 frequens
1477 2533 1545 2572 est),
1573 2531 1660 2577 hujus
1674 2531 1762 2560 intel-

943 2576 1037 2613 lectus
1049 2581 1161 2621 absque
1176 2580 1236 2611 ulla
1256 2579 1396 2610 violentia
1420 2576 1674 2621 deduceturshoc
1692 2579 1735 2605 est
1753 2585 1759 2603 :

943 2627 998 2663 Qui
1011 2627 1041 2657 in
1053 2620 1159 2657 diebus
1175 2625 1274 2656 carnis
1295 2623 1485 2664 suw,tametsi
1497 2625 1561 2652 erat
1572 2620 1672 2658 Filius,
1691 2627 1762 2659 pre-

943 2673 1075 2703 cationes
1090 2680 1124 2702 ac
1153 2669 1396 2711 supplicationes,
1426 2672 1501 2708 ete.,
1519 2666 1574 2696 hoc
1589 2668 1645 2703 est,
1661 2664 1762 2700 Quan-
