1936 3080
16 154 65 188 333

553 160 751 192 COMMENT.
774 160 816 191 IN
839 160 959 192 EPIST.
983 160 1032 192 ΔΙ)
1054 162 1168 193 HEBR.

1640 159 1700 193 334

5 223 129 269 “jacimus
143 224 213 255 dum
228 224 423 266 baptizamur,
440 225 511 256 555
533 226 590 257 hoc
616 229 671 263 est,
692 226 921 257 renuntiationis
943 236 1065 267 operum
1094 227 1219 259 Satanae.
1243 226 1343 258 Semel
1367 227 1458 266 enim,
1486 227 1592 269 inquit,
1620 227 1697 259 resi-

18 267 150 307 piscendo
164 269 200 299 ab
216 269 291 310 ipsis
306 269 444 310 baptizati
460 274 490 302 et
505 270 595 301 abluti
609 279 721 308 sumus,
739 280 794 302 nec
809 271 936 311 amplius
950 276 1066 312 oportet
1078 273 1141 303 haec
1156 272 1192 302 ab
1210 272 1331 303 exordio
1345 273 1455 304 facere.

52 312 215 357 [l‘rEVNNAL]
243 325 255 341 ι
280 315 342 343 Μεθ’
358 314 503 354 ὑπερϐατοῦ
529 315 556 343 δὲ
578 316 594 349 ἡ
620 315 693 354 ῥῆσίς
709 315 774 346 ἐστι,
792 321 811 344 Τ

929 326 980 346 um
998 316 1157 357 hyperbato
1169 320 1269 347 autem
1286 321 1331 348 est
1342 326 1453 349 sermo.
1465 316 1539 348 Nam
1554 317 1590 348 ad
1606 327 1696 349 omne

18 357 60 395 7‘1?
74 356 199 398 διδαχῆς,
215 360 281 399 πρὸς
309 360 379 388 ἅπαν
402 359 442 389 διὰ
465 359 547 397 μέσου
568 361 598 387 τὸ
626 361 832 399 παρεγκείμενον

16 400 172 433 ἀποδίδοται,
191 404 240 432 Καὶ
255 403 308 432 ἔστι
330 405 398 432 κατὰ
419 405 464 432 τὸν
493 408 551 433 νοῦν
574 404 666 436 αῦτῆς,
685 403 751 437 αὕτη
769 415 831 432 συν-

16 446 78 479 θήκη
95 454 102 460 ·
142 447 185 480 Μὴ
207 447 287 476 πάλιν
308 447 430 485 θεμέλιον
456 447 683 486 καταϐαλλόμενοι
706 447 831 488 διδαχῆς,

14 489 59 516 εἶθ’
74 490 158 523 vim);
187 493 220 521 τὰ
241 491 299 520 καθ’
326 492 385 526 ἑξῆς
409 493 434 521 ἐν
466 493 641 531 ἀπαριθμήσει
669 492 830 530 δηλούμενα,

5 531 66 573 ’περὶ
79 536 116 562 ὦν
138 539 188 569 τῆς
205 535 317 576 διδαχῆς
344 538 367 565 οἱ
388 536 515 574 θεμέλιοι,
542 537 667 565 Βοῦλεται
688 536 715 564 δὲ
734 538 830 573 εἰπεῖν,

9 578 43 605 ὅτι
58 583 119 610 Τοῖς
140 584 184 608 νῦν
215 584 320 620 πρῶτον
349 585 485 620 προσιοῦσι
514 585 548 619 τῇ
577 582 675 621 πίστει,
705 582 753 614 τὴν
774 577 832 619 περῖ

11 623 102 651 τούεων
137 623 305 654 διδασκαλίαν
335 626 412 654 οἱονεὶ
449 625 570 663 θεμέλιον
612 624 833 665 προκατιὸαλλό-

14 670 84 705 μεθα,
101 676 242 705 μετανοεῖν
258 670 306 706 μὲν
327 670 375 698 ἑπο
397 670 450 698 τιὶιν
474 673 632 709 νεκροποιῶν
649 669 730 709 ἔργων
760 670 831 697 εἰκό-

15 723 63 743 τως
85 717 192 751 πρῶτον
212 715 304 745 αὐτοὺς
332 715 551 754 προτρεπόμενοι,
584 719 774 752 μετανοοῦντας
806 713 832 741 δὲ

15 758 141 785 πιστεύειν
169 758 211 786 ἐπὶ
237 759 281 786 τὸν
311 760 376 786 Θεὸν
404 760 574 791 πιστεύοντας
603 758 630 786 δὲ
652 759 832 798 βαπτίζεσθαι,

5 802 219 841 βαπτιζομένους
235 802 262 830 δὲ
292 806 324 841 τῇ
353 807 405 831 τῶν
434 805 571 843 ἱερατικῶν
600 807 698 843 χειρῶν
725 804 835 841 ὑπάγειν

15 846 116 878 ἑαυτοὺς
147 847 261 875 ἐπιθέσει
300 849 365 887 πρὸς
399 849 538 885 μετουσίαν
571 853 618 877 τοῦ
652 848 802 884 Πνεῦματος
826 855 832 861 ”

15 890 99 918 τούτου
114 890 144 918 δὲ
167 892 366 932 μετασχόντας,
392 893 449 931 περὶ
468 893 517 925 τῆς
542 891 572 920 ἐκ
599 893 696 931 νεκρῶν
718 891 835 919 ἀναστά-

872 359 901 390 id
919 360 998 399 quod
1015 361 1044 391 in
1062 361 1158 392 medio
1171 361 1378 401 interpositum
1389 365 1433 392 est
1443 361 1571 392 refertur
1579 362 1694 393 doctri-

873 413 930 441 na',
947 409 975 435 et
987 409 1031 435 est
1043 406 1125 445 juxta
1141 405 1233 445 ipsius
1245 404 1428 436 intellectum
1445 406 1508 436 haec
1523 405 1670 437 ordinatio
1687 417 1694 437 :

872 447 936 479 Non
951 458 1068 479 rursum
1082 450 1229 489 jacientes
1257 449 1481 480 fundamentum
1498 449 1651 491 doctrinae,
1669 456 1698 482 et

873 492 913 523 ita
927 493 963 523 de
979 494 1096 524 caeteris
1109 503 1175 533 quae
1190 498 1409 534 consequenter
1418 494 1621 525 enumerando
1632 504 1695 526 ma-

874 537 1059 570 nifestantur.
1073 538 1110 568 de
1121 548 1246 579 quorum
1258 539 1394 569 doctrina
1411 543 1480 569 sunt
1490 538 1694 571 fundamenta.

873 582 939 612 Vult
955 587 1053 613 autem
1082 583 1181 614 dicnlre
1209 582 1287 623 quod
1315 593 1392 614 nunc
1409 583 1536 623 primum
1552 583 1588 614 ad
1605 584 1694 615 fidem

873 627 1094 662 accedentibus,
1119 628 1221 658 harum
1247 636 1346 658 rerum
1374 627 1539 658 doctrinam
1556 632 1695 668 tanquam

875 670 1098 702 fundamentum
1114 671 1307 712 proponimus
1325 682 1331 702 :
1350 671 1454 702 merito
1469 671 1550 712 ipsos
1565 672 1695 713 primum

873 715 1075 755 adhortantes,
1092 720 1123 746 ut
1137 726 1154 746 a
1170 716 1330 746 mortiferis
1351 715 1492 756 operibus
1507 716 1694 757 resipiscam,

874 758 1085 799 resipiscentes
1115 763 1210 790 autem
1232 760 1262 790 in
1275 761 1369 791 Deum
1386 760 1520 796 credant,
1536 760 1696 793 credentes

875 813 944 834 vero
962 803 1155 844 baptizenfur,
1183 804 1320 844 baptizati
1344 808 1442 835 autem
1471 804 1585 844 seipsoa
1599 805 1696 844 subji-

877 848 955 878 ciant
967 847 1147 888 impositioni
1165 857 1304 878 manuum
1321 848 1507 879 sacerdotum
1525 849 1561 879 ad
1573 849 1695 889 partici-

878 892 1025 932 pationem
1041 893 1168 932 Spiritus
1183 903 1189 922 :
1206 902 1293 933 porro
1304 893 1391 932 hujus
1402 892 1469 923 facti
1485 893 1697 933 participes,de

15 945 76 966 τῐως
98 936 197 971 μηκέτι
213 935 376 972 διαπιστεῖν,
405 936 635 974 ἇναστησομὲνους
657 935 684 963 δὲ
713 937 757 964 καὶ
786 935 813 963 αὖ

929 937 1094 967 urrectione
1124 947 1156 967 ex
1176 937 1300 967 mortuis
1315 936 1458 976 deinceps
1471 946 1530 967 non
1544 938 1695 976 vacillent,

14 980 47 1010 θις
89 978 321 1018 ἂναϐιωσομένους
369 980 470 1008 ἔσεσθαι
519 981 602 1019 κρίσιν
645 979 748 1016 εἰδέναι,

15 1021 118 1057 Ξιτλνεκῆ
158 1025 201 1052 καὶ
228 1023 330 1052 δικαίαν
365 1026 402 1053 ὧν
438 1024 546 1053 ἐνταῦθα
570 1023 749 1062 βεϐιώκαμεν,
786 1024 836 1057 τὴν

15 1066 141 1096 ἀντίδοσιν
157 1068 318 1107 περιμένειν,
339 1079 351 1096 α
370 1070 419 1097 Καὶ
447 1069 560 1099 πίστεως
589 1068 631 1097 ἐπὶ
653 1069 728 1099 Θεόν,
757 1080 770 1095 α
800 1069 837 1096 Οὒ

14 1112 58 1150 γαρ
86 1111 128 1140 δεῖ
159 1116 203 1140 νῦν
231 1113 320 1152 ὥσπερ
341 1112 367 1145 ἐξ
388 1114 513 1153 ὑπαρχῆς
536 1114 666 1141 πιστεύειν
695 1113 736 1140 ἐπὶ
758 1113 834 1143 Θεόν,

16 1150 86 1189 "aen
116 1157 170 1196 γὰρ
201 1157 371 1185 ἐπιστεύσατε
400 1157 507 1197 διδαχῇ.
541 1153 571 1185 Ἠ
608 1156 724 1190 σύνταξις
753 1157 836 1187 οὕτως

15 1200 74 1231 ἐστί,
100 1202 150 1228 Διὸ
177 1201 286 1241 ἀφέντες
315 1203 359 1230 τὸν
388 1204 437 1235 τῆς
466 1202 554 1242 ἀρχῆς
587 1206 632 1229 τοῦ
661 1202 726 1229 Θεοῦ
745 1201 834 1240 λόγον.

14 1248 90 1273 Ποῖον
111 1245 147 1278 δὴ
170 1250 261 1274 τοῦτον
279 1256 286 1286 ;
317 1247 367 1275 Τὸν
388 1248 440 1274 τῶν
469 1247 637 1284 βαπτισμῶν,
652 1247 695 1274 ταὶ
710 1245 834 1285 διδαχῆς,

14 1291 52 1317 καὶ
73 1290 222 1324 ἐπιθήσεως
238 1294 290 1318 τῶν
306 1294 403 1330 χειρῶν
420 1290 464 1330 (δι’
479 1292 527 1330 ὧν,
549 1292 580 1318 τὸ
604 1293 721 1328 Πνεῦμα,
744 1291 835 1330 φησὶν,

16 1334 138 1374 ἐδάθετε),
157 1336 200 1363 καὶ
235 1338 284 1368 τῆς
313 1336 365 1364 τῶν
395 1339 494 1374 νεκρῶν
515 1335 694 1374 ἀναστάσεως,
722 1336 766 1363 καὶ
792 1339 838 1363 τοῦ

15 1380 139 1417 κρίματος
156 1383 204 1407 τοῦ
217 1380 333 1416 αἰωνίου,
364 1380 406 1407 ἐπὶ
428 1380 477 1413 τὴν
504 1378 658 1412 τελειότητα
688 1379 835 1418 φερώμεθα.

16 1424 47 1451 Οὔ
66 1422 109 1452 δεῖ
131 1425 196 1463 γὰρ,
226 1425 316 1464 φησὶν,
340 1424 380 1452 ἀεὶ
404 1425 437 1453 τὰ
466 1424 530 1452 αὐτὰ
558 1423 678 1462 λέγεσθαι
697 1431 703 1438 '
733 1422 838 1462 εἴρηται

16 1469 59 1505 γαρ
73 1468 146 1500 ἅπαξ
173 1469 216 1496 καὶ
241 1468 407 1507 γεγένηται·
445 1468 513 1496 ἀλλὰ
543 1467 596 1505 δεῖ,
625 1468 700 1508 φησὶ,
734 1468 776 1496 καὶ
805 1467 838 1494 τὰ

17 1511 166 1550 παρ’ὒμῶν
191 1513 412 1552 συνεισφέρεσθαι,
441 1513 570 1552 τουτέστι,
598 1512 722 1552 χρηστὴν
756 1511 836 1539 πολι-

16 1557 90 1591 τείαν,
108 1557 157 1584 καὶ
171 1560 220 1590 τῆς
242 1557 355 1588 πίστεως
370 1557 453 1590 ἀξίαν,
472 1557 542 1590 Αὕτη
571 1557 620 1595 γὰρ
648 1557 665 1590 ἦ
688 1555 835 1590 τελειότης,

793 980 834 1007 καὶ
846 980 863 983 ”
876 980 927 1010 ubi
942 985 1038 1010 autem
1056 982 1273 1012 resurrexerint
1298 990 1475 1021 rursumque
1490 981 1527 1011 ad
1542 981 1630 1012 vitam
1646 991 1697 1013 re-

877 1024 1096 1062 dierint,sciant
1111 1025 1240 1055 futurum
1252 1024 1697 1064 essejudicium,etcontinuam

873 1069 1046 1109 justamque
1062 1079 1236 1110 permanere
1252 1078 1356 1100 eorum
1372 1078 1437 1109 qua
1457 1069 1487 1100 in
1499 1070 1554 1100 hac
1565 1070 1622 1100 vita
1632 1070 1697 1110 egi-

879 1122 944 1143 mus
958 1113 1196 1144 retributionem.
1231 1126 1243 1141 α
1263 1113 1297 1144 Et
1312 1113 1380 1144 fidei
1410 1113 1440 1143 in
1470 1115 1577 1146 Deum.
1599 1126 1611 1142 ι
1636 1113 1701 1145 Non

878 1157 958 1187 enim
974 1168 1048 1198 opus
1062 1164 1107 1188 est
1118 1158 1252 1188 doctrina
1272 1157 1406 1188 credenti
1416 1157 1445 1188 in
1456 1158 1548 1188 Deum
1560 1158 1702 1198 quemad-

879 1201 999 1231 modnm
1015 1202 1051 1232 ab
1067 1203 1262 1242 exordio,jam
1273 1202 1353 1233 enim
1365 1202 1507 1233 doctrinae
1516 1202 1697 1239 credidistis,

878 1244 1031 1276 Ordinatio
1060 1246 1124 1277 talis
1141 1250 1185 1276 est
1202 1255 1208 1277 :
1225 1246 1411 1286 Quapropter
1435 1246 1544 1277 omisso
1561 1255 1700 1278 sermone

877 1290 954 1320 initii
970 1291 1004 1320 ad
1016 1290 1120 1327 Deum,
1134 1291 1201 1330 quis
1213 1297 1312 1320 autem
1325 1294 1370 1320 est
1381 1290 1456 1320 ille?
1467 1290 1522 1326 Qui
1533 1291 1570 1321 de
1585 1290 1699 1331 baptis-

879 1335 965 1365 matis
988 1339 1032 1365 est
1047 1340 1076 1366 et
1091 1335 1129 1365 de
1144 1334 1280 1365 doctrina
1304 1343 1339 1365 ac
1354 1334 1544 1374 impositione
1559 1343 1700 1365 manuum

881 1378 947 1419 (per
961 1389 1033 1419 quas
1062 1378 1215 1419 Spiritum,
1247 1379 1354 1418 inquit,
1370 1378 1540 1418 accepistis)
1555 1382 1584 1409 et
1597 1387 1700 1409 resur-

878 1423 1011 1454 rectione
1022 1432 1056 1453 ex
1077 1424 1199 1454 mortuis
1208 1433 1241 1453 ac
1249 1427 1358 1453 aaterno
1367 1423 1532 1462 judicio,ad
1545 1423 1700 1462 perfectio-

879 1477 946 1498 nem
963 1468 1104 1498 feramur.
1123 1467 1223 1507 Neque
1239 1467 1318 1498 enim
1345 1475 1464 1506 semper
1479 1467 1582 1497 eadem
1599 1467 1701 1498 dicere

879 1516 1004 1551 oportet,
1021 1521 1090 1542 nam
1101 1511 1192 1543 semel
1217 1511 1295 1542 dicta
1305 1521 1340 1541 ac
1351 1511 1426 1542 facta
1440 1514 1509 1542 sunt
1521 1521 1528 1542 :
1545 1511 1597 1542 sed
1610 1521 1700 1551 opor-

879 1558 921 1585 tet
938 1555 1028 1585 etiam
1043 1564 1076 1585 ea
1091 1564 1154 1594 quae
1169 1564 1186 1585 a
1200 1554 1285 1585 vobis
1295 1554 1458 1585 suntsimul
1469 1554 1702 1595 adferri,nempe

16 1602 42 1627 τὸ
57 1600 211 1640 ἀμφιδέξιον
225 1602 295 1629 εἶναι
310 1602 359 1635 τὴν
380 1602 487 1641 ἀρετὴν,
504 1602 566 1629 ὡσεὶ
587 1600 662 1639 ἔλεγε
680 1609 686 1615 ·
706 1601 813 1637 Νήψατε

929 1609 987 1629 iam
1006 1600 1272 1636 conversationem,
1291 1599 1418 1639 fideique
1436 1599 1702 1638 dignitatem.Htec

16 1646 56 1672 ιῖικ
69 1645 107 1673 ἔνι
135 1646 187 1684 γὰρ
213 1649 291 1681 ζῆσαι
313 1647 445 1685 ῥᾳθύμως,
477 1647 520 1673 καὶ
541 1645 619 1673 πάλιν
647 1646 835 1683 βαπτισθῆναι,

15 1690 53 1717 καὶ
67 1688 101 1717 δι’
126 1689 270 1721 ἐπιθέσεως
286 1693 384 1730 χειρῶν
399 1689 491 1718 λαϐεῖν
511 1690 662 1727 Πνεύματος
676 1689 750 1728 ἁγίου
774 1689 836 1717 ἐπι-

15 1733 146 1772 οοίτησιν,
166 1746 179 1761 ι
200 1729 300 1764 "alio.
319 1750 356 1756 —
373 1733 640 1773 [omoruamon]
652 1733 758 1761 Μᾶλλον
767 1735 836 1761 οὗτοι

14 1777 214 1817 ἷοώαϊκώτερον
230 1782 396 1818 φρονοῦντες,
412 1777 454 1805 διὰ
467 1779 498 1806 τὸ
513 1777 649 1817 διαφόρους
664 1779 706 1806 καὶ
722 1777 836 1809 πολλοὺς

14 1822 38 1848 ἐν
58 1826 97 1860 τῷ
118 1823 195 1859 νόμῳ
217 1823 288 1850 εἶναι
309 1823 486 1860 βαπτισμοὺς,
509 1820 651 1855 ἠϐούλοντο
679 1823 722 1849 καὶ
737 1823 767 1849 τὸ
788 1824 836 1855 τῆς

15 1866 70 1898 νέας
99 1867 253 1904 βάπτισμα,
281 1868 312 1894 τὸ
350 1867 399 1900 τὴν
433 1865 632 1905 γαλιγγενεσίαν
661 1865 835 1903 δωρούμενον,

13 1911 142 1942 πολλάκις
183 1911 363 1949 βαπτίζεσθαι,
402 1910 445 1938 διὰ
478 1911 508 1938 τὸ
543 1910 660 1950 ἀτρέστως
703 1910 836 1949 ἁμαρτιῶν

13 1955 143 1986 πολλάκις
181 1955 266 1983 θέλειν
300 1955 442 1988 ἀξιοῦσθαι,
469 1967 482 1981 ¢
507 1954 665 1986 Ἐπιθέσεως
694 1958 745 1982 τῶν
775 1965 837 1994 χει-

13 2003 71 2038 ρεῦν.
98 2012 113 2028 ι
147 2001 206 2028 Τών
229 1999 256 2026 ἐν
281 2003 319 2036 τῷ
347 1999 507 2038 βαπτίσματι
537 1998 695 2037 γινομένων.
731 2001 751 2026 Β
782 1998 840 2026 ἔνθα

13 2044 170 2077 ἐπιτιθέντες
191 2051 289 2084 χεῖρας
310 2046 332 2072 οἱ
362 2043 504 2072 ἀπόστολοι
526 2044 556 2071 τὸ
578 2046 683 2080 Πνεῦμα
712 2041 838 2079 ἐδίδοσαν,

5 2089 75 2128 ηξπερ
90 2092 135 2117 καὶ
152 2090 166 2116 ὁ
182 2089 273 2126 Σίμων
287 2089 365 2117 ὤνιον
381 2089 481 2124 ἒζήτει,
502 2098 514 2115 Ι
533 2089 582 2116 Καὶ
597 2091 674 2116 τοῦτο
682 2088 838 2122 ποιήσομεν.

18 2145 28 2160 ι
48 2137 130 2162 [Ιοῖον
148 2142 158 2171 ;
174 2135 206 2162 τὸ
221 2134 264 2162 ἐπὶ
278 2133 434 2166 τελειότητα
449 2133 581 2173 φέρεσθαι,
611 2143 622 2160 (ι
650 2131 763 2171 Ἐάνπερ
779 2132 839 2160 ἐπι-

17 2178 96 2216 τρέπῃ
111 2179 126 2206 ὁ
144 2177 222 2209 Θεός.
239 2188 254 2207 )
273 2179 308 2207 Τὸ
323 2178 367 2206 ἐάν
382 2188 442 2217 περ,
459 2179 489 2206 οὐ
502 2177 567 2215 πρὸς
578 2176 655 2205 τοῦτό
668 2176 736 2204 ἐστιν
748 2177 783 2208 ὡς
795 2179 842 2204 τοῦ

18 2226 78 2250 θεοῦ
100 2222 131 2250 οὗ
153 2223 263 2254 πάντως
292 2222 490 2262 ἐπιτρέποντος,
521 2220 666 2260 (ἐπιτρέπει
695 2221 745 2260 γὰρ
773 2221 812 2248 ἀεὶ
827 2222 841 2248 ὁ

879 1653 1008 1683 namque
1024 1644 1167 1684 perfectio
1184 1648 1240 1677 est.
1254 1643 1332 1683 quod
1348 1644 1440 1674 virtus
1455 1643 1640 1675 ambidextra
1648 1644 1698 1676 sit:

879 1696 912 1718 ac
925 1687 949 1717 si
979 1687 1093 1718 diceret
1111 1697 1117 1718 :
1138 1687 1273 1727 Vigilate,
1300 1696 1396 1727 neque
1421 1687 1501 1717 enim
1528 1687 1642 1718 licitum
1658 1693 1703 1718 est

878 1735 911 1762 ut
926 1732 951 1762 si
966 1732 1097 1771 segniter
1110 1731 1200 1768 vivas,
1217 1741 1334 1762 rursum
1348 1731 1516 1771 baptizcris,
1533 1735 1561 1761 et
1574 1741 1628 1771 per
1642 1741 1701 1762 ma-

879 1785 970 1807 nuum
982 1776 1201 1816 impositionem
1213 1776 1339 1816 accipias
1350 1775 1477 1816 Spiritus
1488 1777 1583 1806 sancti
1592 1785 1702 1816 super-

878 1821 1059 1851 ventionem.
1080 1838 1114 1842 ——
1130 1820 1238 1851 Aliud.
1270 1820 1305 1850 Hi
1333 1830 1400 1850 cum
1412 1819 1533 1860 judaice
1549 1820 1703 1860 plusquam

879 1874 994 1905 aequum
1009 1869 1071 1895 erat
1086 1865 1196 1895 curiosi
1210 1868 1320 1901 essent,
1335 1864 1475 1904 quoniam
1487 1864 1565 1895 varia
1576 1869 1660 1895 erant
1674 1864 1705 1895 in

879 1910 944 1949 lege
960 1909 1145 1950 baptismate,
1174 1908 1310 1939 volebant
1336 1918 1417 1939 nova;
1431 1918 1547 1949 quoque
1560 1908 1634 1949 legis
1648 1909 1704 1939 ba-

881 1954 1017 1994 ptismate
1035 1953 1112 1993 quod
1129 1953 1384 1992 regenerationem
1399 1953 1523 1990 confert,
1534 1953 1706 1993 frequenter

881 1997 1033 2038 baptizari,
1051 2007 1086 2028 eo
1100 1998 1178 2038 quod
1193 1998 1365 2037 frequenter
1375 1996 1484 2027 vellent
1495 1997 1703 2028 remissionem

882 2043 1227 2083 peccatorumaccipere.
1245 2044 1305 2074 «Ac
1315 2051 1456 2073 manuum
1472 2041 1702 2082 impositionis.»

882 2088 952 2118 556
966 2087 1069 2123 Qualia
1084 2088 1113 2118 in
1127 2088 1302 2128 baptismate
1313 2087 1433 2118 ﬁebant.
1452 2086 1510 2118 Aut
1524 2087 1592 2127 quia
1606 2088 1705 2128 impo-

883 2132 947 2162 sitis
964 2132 1098 2162 manibus
1113 2132 1240 2172 apostoli
1264 2131 1406 2172 Spiritum
1432 2135 1566 2162 sanctum
1582 2131 1704 2169 dabant,

883 2176 960 2217 quod
977 2177 1066 2207 etiam
1083 2176 1184 2207 Simon
1208 2176 1310 2207 venale
1335 2175 1391 2206 sibi
1408 2185 1473 2206 esse
1491 2176 1618 2208 volebat.
1638 2188 1649 2205 α
1668 2177 1705 2208 Et

883 2221 938 2252 hoc
953 2221 1106 2252 faciemus.
1123 2234 1136 2248 ιι
1155 2221 1299 2257 Quiduam
1312 2220 1444 2260 YNempe
1460 2220 1530 2251 ferri
1540 2220 1576 2250 ad
1586 2221 1703 2260 perfec-

17 2268 78 2298 Θεὸς
93 2267 128 2294 τὰ
143 2265 214 2294 καλὰ
228 2267 272 2295 καὶ
285 2266 400 2306 τέλεια),
424 2265 481 2294 ἀλλ’
509 2267 546 2297 ὡς
577 2265 634 2298 ’έθος
656 2266 724 2303 ἡμῖν
739 2264 810 2303 λέγει

929 2276 1003 2297 nem.
1024 2278 1032 2293 ι
1055 2266 1208 2306 Siquidem
1224 2266 1391 2306 permiserit
1406 2265 1494 2296 Deus.
1509 2278 1522 2292 n
1551 2265 1636 2302 Quod
1652 2265 1703 2302 ait,

17 2314 78 2338 Θεοῦ
97 2310 222 2343 θέλοντος
240 2310 298 2339 τόδε
319 2312 480 2348 ποιήσομεν.

881 2310 1045 2350 Siquidem,
1066 2320 1123 2340 non
1140 2309 1251 2340 idcirco
1280 2309 1388 2340 dicitur
1410 2309 1495 2350 quasi
1510 2319 1569 2340 non
1584 2310 1707 2340 omnino

16 2353 90 2386 Deus
105 2355 295 2396 permitteret
311 2364 318 2387 :
336 2363 457 2395 semper
468 2353 547 2385 enim
557 2353 701 2394 permittit
716 2354 796 2385 Deus
808 2353 888 2385 bona
903 2363 936 2385 ac
952 2355 1081 2395 perfecta
1102 2365 1108 2385 :
1125 2354 1176 2385 sed
1193 2354 1271 2394 quod
1287 2353 1373 2384 nobis
1388 2354 1479 2384 moris
1492 2353 1530 2384 sit
1543 2354 1582 2384 ita
1598 2355 1679 2393 loqui
1696 2362 1703 2384 :

5 2398 74 2430 'Deo
88 2400 211 2431 volente
224 2399 265 2431 ita
279 2399 431 2431 faciemus.

59 2457 71 2472 ιι
88 2444 231 2473 Ἀδύνατον
267 2446 317 2485 γὰρ
338 2445 399 2477 τοὺς
421 2443 489 2476 ἅπαξ
517 2442 707 2483 φωτισθέντας,
743 2454 841 2482 γευσα-

22 2489 109 2525 μένους
132 2499 163 2516 τε
197 2488 248 2522 τῆς
275 2488 374 2528 δωρεᾶς
404 2491 452 2521 τῆς
482 2488 646 2527 ἐπουρανίου,
683 2488 726 2516 καὶ
760 2488 843 2525 μετό-

5 2544 82 2572 ηχους
111 2533 272 2573 γενηθέντας
302 2533 454 2570 Πνεύματος
477 2532 562 2571 ἁγίου,
593 2533 636 2560 καὶ
658 2531 739 2560 καλὸν
753 2542 848 2570 γευσα-

24 2578 110 2613 μένους
127 2581 193 2605 Θεοῦ
207 2577 292 2615 ῥῆμα,
308 2577 429 2615 δυνάμεις
444 2587 473 2605 τε
498 2575 641 2614 μέλλοντος
666 2577 772 2614 αἰῶνος,
801 2575 847 2604 καὶ

25 2622 232 2661 παραπεσόντας,
249 2623 329 2651 πάλιν
345 2622 518 2656 ἀνακαινίζειν
540 2621 577 2651 εἰς
592 2620 744 2657 μετάνοιαν1
761 2620 844 2647 ἀνασ-

26 2671 176 2706 ταυροόντας
191 2667 298 2700 ἑαυτοῖς
314 2667 359 2695 τὸν
376 2667 435 2694 Υἱὸν
450 2669 496 2694 τοῦ
507 2664 583 2704 Θεοῦ,
600 2665 644 2692 καὶ
665 2663 846 2703 παραδειγμα-

8 2711 15 2718 ’
28 2712 150 2746 τὶζοντας.

68 2767 79 2783 ι
94 2756 234 2785 Ἀδύνατον
249 2757 310 2796 γάρ.
330 2768 345 2784 ι
363 2755 416 2784 Οὔκ
432 2754 494 2782 εἷπε
511 2753 656 2792 Δυσχερὲς,
670 2751 728 2780 ἀλλ’
740 2751 850 2781 Ἀδύνα-

33 2811 82 2832 τον,
101 2814 112 2827 ιι
141 2802 318 2839 Γευσαμένους
342 2811 369 2829 τε
393 2801 441 2833 τῆς
469 2798 578 2839 δωρεᾶς.
610 2808 628 2827 ι
651 2799 704 2831 Τῆς
731 2797 848 2838 ἀφέσεως

928 2442 990 2482 Vll,
1017 2445 1085 2475 4-6.
1097 2443 1176 2475 Nam
1189 2443 1257 2483 ﬁeri
1286 2452 1345 2474 non
1360 2446 1467 2482 potest,
1484 2447 1530 2482 ut,
1546 2443 1598 2482 qui
1614 2444 1710 2474 semel

886 2488 1000 2526 fuerint
1012 2489 1192 2528 illuminali,
1205 2489 1458 2528 gustaverinlque
1472 2488 1584 2518 donum
1596 2487 1712 2518 corleste

887 2538 914 2563 et
925 2535 1088 2574 participes
1103 2533 1310 2572 fucliﬁfuerint
1326 2533 1459 2572 Spiritus
1474 2533 1582 2571 sancti,
1603 2537 1711 2572 gusta-

888 2579 1044 2618 verlntque
1069 2578 1178 2609 bonum
1194 2577 1253 2608 Det
1267 2578 1401 2614 verbum,
1418 2585 1454 2607 ac
1465 2577 1593 2607 virtutes
1606 2578 1712 2615 futuri

886 2622 1001 2660 swcnli,
1031 2626 1058 2653 st
1085 2621 1296 2662 prolabuntur,
1326 2622 1424 2652 denuo
1453 2626 1636 2652 renoventur
1656 2631 1712 2661 per

885 2668 1093 2705 paenitentiam
1111 2677 1117 2696 :
1140 2675 1265 2697 rursum
1282 2667 1490 2705 cruciﬁgentes
1514 2666 1713 2706 sibimetipsis

886 2711 1002 2742 Filium
1018 2712 1074 2742 Dei
1090 2715 1117 2742 et
1131 2711 1262 2742 ostentui
1277 2715 1464 2751 exponentes.

931 2768 943 2782 α
965 2754 1149 2796 [inpossibile
1165 2755 1245 2785 enim
1262 2759 1335 2786 εει.»
1347 2755 1412 2785 Non
1423 2754 1496 2785 dixit
1506 2753 1711 2794 Diflicile,sed,

890 2798 1087 2840 lmpossibile.
1106 2798 1368 2839 «bustaverintque
1377 2798 1500 2829 donum.
1515 2809 1525 2825 ι
1545 2798 1709 2828 Remissio-
