1936 3080
17 175 78 212 333

566 184 763 216 COMMENT.
787 184 829 215 IN
851 184 972 216 EPIST.
997 185 1045 217 AD
1068 187 1181 218 HEBR.

1653 184 1713 218 334

17 248 141 294 ‘jacimus
156 249 227 294 dum
243 249 437 290 baptizamur,
454 249 524 280 355
545 251 603 281 hoc
629 254 684 288 est,
705 250 934 281 renuntiattonis
956 261 1078 292 operum
1107 251 1232 283 Satanzc.
1257 251 1355 283 Semel
1380 252 1472 290 enim,
1499 252 1606 294 inquit,
1633 252 1710 284 resi-

33 292 163 332 piscendo
177 293 215 324 ab
231 294 304 335 ipsis
319 294 458 335 baptizati
474 299 504 326 et
518 294 608 326 abluti
622 304 735 332 sumus,
752 304 808 327 nec
822 295 949 336 amplius
963 300 1079 336 oportet
1091 297 1154 327 haec
1169 296 1206 327 ab
1223 296 1344 327 exordio
1359 297 1469 328 facere.

18 339 20 342 ’
65 337 230 377 [ΓΕΝΝᾹΔ,]
257 350 269 366 ι
293 339 355 368 Μεθ’
371 339 517 378 ὒπερϐατου
542 339 569 368 δὲ
591 341 607 373 ἡ
633 340 706 379 ῥῆσίς
722 340 787 370 ἐστι.
805 345 824 369 Τ

946 350 993 370 um
1011 340 1170 381 hyperbato
1182 344 1282 371 autem
1299 345 1344 372 est
1355 350 1466 373 sermo.
1478 341 1552 372 Nam
1567 341 1604 372 ad
1619 351 1709 373 omne

33 382 74 420 γὰρ
87 381 213 422 διδαχῆς,
229 385 295 423 πρὸς
323 385 392 412 ἅπαν
415 383 456 413 διὰ
479 384 560 422 μέσου
581 385 610 412 τὸ
639 385 845 424 παρεγκείμενον

32 425 186 458 ἀποδίδοται.
205 429 254 456 Καὶ
268 428 322 457 ἔστι
343 429 411 457 κατὰ
433 430 478 456 τὸν
507 433 564 457 νοῦν
587 429 679 461 αὒτῆς,
698 429 764 461 αὕτη
782 440 844 456 συν-

31 471 91 504 θτίκτ.
110 479 117 485 ·
156 472 200 505 Μὴ
222 472 301 500 πάλιν
322 473 443 510 θεμέλιον
469 471 696 510 καταϐαλλόμενοι
719 472 844 512 διδαχῆς,

30 514 172 548 diro-Cito);
202 517 233 546 τὰ
255 516 312 545 καθ’
339 517 398 551 ἑξῆς
422 518 448 546 ἐν
479 517 655 556 ἀπαριθμήσει
683 517 843 554 δηλούμενα,

18 556 80 599 ’περὶ
93 561 130 587 ὧν
152 563 202 594 τῆς
219 560 331 601 διδαχῆς
358 563 381 590 οἱ
401 561 528 599 θεμέλιοι.
556 561 680 590 Βούλεται
701 561 728 589 δὲ
748 562 843 598 εἰπεῖν,

25 604 134 636 ὃτιΤοτς
154 609 198 634 νῦν
229 609 334 645 πρῶτον
363 610 498 646 προσιοῦσι
527 610 562 644 τῇ
591 607 688 646 πίστει,
718 606 766 639 τὴν
787 601 845 644 περῖ

27 649 118 677 τούτων
152 649 319 679 διδασκαλίαν
349 651 426 679 οἷονεί
462 650 584 688 θεμέλιον
625 649 846 690 προκατιϐαλλό-

29 695 98 730 μεθα,
116 701 257 731 μετανοεῖν
272 695 320 732 μὲν
341 695 389 723 ἐπο
411 696 463 722 των
487 698 646 734 νεκροποιῶν
662 694 743 734 ἔργων
773 694 844 722 εἰκό-

31 749 75 769 τως
100 742 206 777 πρῶτον
227 740 317 770 αὐτοὺς
346 740 564 779 προτρεπόμενοι,
597 744 787 776 μετανοοῦντας
819 737 845 766 δὲ

30 783 155 811 πιστεύειν
183 783 225 811 ἐπὶ
251 785 295 812 τὸν
325 785 389 812 Θεὸν
418 784 588 816 πιστεύοντας
616 783 643 811 δὲ
665 784 845 822 βαπτίζεσθαι,

16 827 234 868 ,βαπτιζομένους
249 827 276 856 δὲ
305 831 338 866 τῇ
367 832 420 856 τῶν
448 830 584 867 ἱερατικῶν
613 832 711 868 χειρῶν
739 828 849 866 ὑπάγειν

30 871 132 903 ἑαυτοὺς
162 872 275 900 ἐπιθέσει
314 874 379 912 πρὸς
413 874 551 910 μετουσίαν
584 878 630 902 τοῦ
665 873 816 909 Πνεύματος
839 879 845 886 ‘

30 915 115 943 τούτου
131 915 158 943 δὲ
181 917 380 957 μετασχόντας,
405 918 463 956 περὶ
482 918 530 950 τῆς
555 916 585 945 ἐκ
613 918 710 956 νεκρῶν
731 916 848 944 ἀναστά-

885 383 914 414 id
932 384 1012 423 quod
1028 385 1057 415 in
1075 385 1172 415 medio
1185 385 1391 426 interpositum
1402 390 1446 416 est
1456 385 1585 416 refertur
1593 386 1706 418 doctri-

886 437 943 466 mr,
960 433 988 460 et
1001 433 1044 460 est
1056 429 1139 469 juxta
1154 429 1246 469 ipsius
1258 428 1441 460 intellectum
1458 430 1521 460 hzec
1537 429 1684 461 ordinatio
1701 442 1707 461 :

885 472 948 504 Non
964 483 1081 504 rursum
1095 474 1243 514 jacientes
1271 473 1494 504 fundamentum
1512 473 1664 515 doctrinm,
1682 480 1711 506 et

886 517 926 547 ita
940 517 977 548 de
992 518 1109 549 caeteris
1122 527 1189 557 quae
1204 522 1423 558 consequenter
1432 518 1634 549 enumerando
1645 528 1709 549 ma-

887 561 1073 599 nifestantur,
1086 562 1123 593 de
1135 572 1260 604 quorum
1271 563 1408 593 doctrina
1425 567 1494 593 sunt
1504 562 1708 595 fundamenta.

886 606 952 636 Vult
968 612 1066 638 autem
1095 607 1195 638 dieare
1223 607 1300 647 quod
1328 617 1406 638 nunc
1422 607 1549 648 primum
1565 606 1601 638 ad
1617 608 1707 639 ﬁdem

885 651 1107 687 accedentibus,
1131 652 1235 682 harum
1261 661 1359 682 rerum
1387 651 1553 682 doctrinam
1570 655 1709 692 tanquam

887 694 1111 726 fundamentum
1127 696 1320 736 proponimus
1338 706 1344 726 :
1362 695 1468 726 merito
1483 696 1564 736 ipsos
1579 696 1708 737 primum

887 740 1088 780 adhortantes,
1105 744 1136 771 ut
1150 750 1167 770 a
1183 740 1343 771 mortiferis
1364 739 1506 780 operibus
1520 740 1708 782 resipiscant,

888 783 1099 824 resipiscentes
1127 788 1224 815 autem
1246 784 1275 814 in
1288 785 1382 815 Deum
1400 784 1534 821 credant,
1550 785 1709 817 credentes

888 837 958 858 vero
975 828 1168 869 baptizenfur,
1196 829 1333 868 baptizati
1358 832 1456 860 autem
1485 828 1599 869 seipsos
1613 829 1710 868 subji-

890 872 968 903 ciant
980 872 1161 913 impositioni
1178 882 1317 903 manuum
1333 873 1521 904 sacerdotum
1539 873 1575 903 ad
1587 874 1709 914 partici—

891 917 1038 957 pationem
1054 917 1181 957 Spiritus
1196 928 1202 947 τ
1219 926 1306 957 porro
1317 917 1404 957 hujus
1415 916 1483 949 facti
1499 917 1710 958 participes,de

30 970 91 991 75w;
114 961 211 996 μηιέτι
227 960 389 998 διαπιστεῖν,
419 961 648 999 ἀναστησομένους
671 960 697 988 δὲ
726 962 770 989 καὶ
799 961 827 988 αὖ

944 961 1107 992 urrectione
1137 971 1169 992 ex
1189 961 1313 992 mortuis
1329 961 1472 1000 deinceps
1484 971 1543 992 non
1558 962 1708 1000 vacillent,

30 1006 62 1036 θις
104 1003 334 1042 ἀναϐιωσομένους
382 1005 483 1033 ἔσεσθαι
532 1006 615 1044 κρίσιν
658 1005 762 1041 εἰδέναι,

29 1047 135 1082 διηνεκῆ
172 1050 215 1077 καὶ
243 1048 344 1077 δικαίαν
379 1051 415 1078 ὧν
451 1049 560 1078 ἐνταῦθα
583 1048 762 1087 βεϐιώκαμεν,
800 1049 849 1082 τὴν

30 1091 156 1121 ἀντίδοσιν
172 1093 332 1132 περιμένειν.
353 1104 364 1122 α
384 1095 432 1122 Καὶ
460 1095 573 1125 πίστεως
602 1093 644 1122 ἐπὶ
667 1094 742 1124 Θεόν,
770 1105 784 1120 α
814 1094 850 1121 Οὐ

29 1137 73 1178 γὰρ
101 1136 145 1165 δεῖ
174 1141 217 1165 νῦν
246 1137 333 1177 ὥσπερ
355 1137 381 1170 ἐξ
402 1139 527 1178 ὑπαρχῆς
550 1139 679 1166 πιστεύειν
709 1138 750 1165 ἰπὶ
772 1138 848 1168 Θεόν,

31 1175 102 1214 “illam
134 1182 184 1221 γὰρ
216 1182 385 1210 ἐπιστεύσατε
414 1181 520 1222 διδαχῇ.
555 1178 585 1210 Ἠ
622 1181 737 1214 σύνταξις
767 1181 849 1211 οὕτω;

30 1225 89 1256 ἐστί,
117 1228 165 1253 Διό
192 1226 300 1266 ἀφέντες
329 1228 373 1255 τὸν
402 1229 451 1260 τῆς
480 1227 567 1266 ἆρλῆς
600 1230 646 1254 τοῦ
675 1227 740 1254 Θεοῦ
758 1226 847 1265 λόγον-

29 1273 106 1298 Ποῐον
129 1269 162 1304 δὴ
185 1275 275 1299 τοῦτον
293 1281 301 1311 ;
331 1272 381 1300 Τὸν
402 1273 454 1299 τῶν
482 1271 650 1309 βαπτισμῶν,
666 1272 708 1298 ταὶ
724 1269 847 1310 διδαχῆς,

28 1315 67 1342 καὶ
87 1315 237 1349 ἐπιθήσεως
251 1319 305 1343 τῶν
320 1319 418 1355 χειρῶν
434 1314 478 1355 (δι’
492 1317 541 1354 ὧν,
563 1317 594 1343 τὸ
617 1318 734 1352 Πνεῦμα,
758 1315 849 1355 φησὶν,

30 1359 154 1399 ἐλάϐετε),
171 1361 215 1387 καὶ
250 1363 299 1393 11",;
327 1361 378 1388 τῶν
409 1363 508 1400 νεκρῶν
528 1360 708 1399 ἀναστάσεως,
735 1360 779 1387 καὶ
806 1364 851 1388 τοῦ

29 1405 155 1442 κρίματος
170 1408 218 1432 τοῦ
232 1404 348 1441 alt-Nion,
378 1404 420 1432 ἐπὶ
442 1405 491 1438 τὴν
518 1403 672 1437 τελειότητα
701 1403 848 1443 φερώμεθα.

30 1449 62 1475 Οὔ
81 1447 127 1476 δεῖ
148 1449 211 1488 γὰρ,
240 1449 330 1488 φησὶν,
354 1449 394 1476 ἀεὶ
419 1450 451 1478 τὰ
480 1449 543 1477 aut?!
572 1448 691 1487 λέγεσθαι
709 1456 716 1463 ⁸
747 1447 851 1487 εἴρηται

30 1493 74 1531 γὰρ
88 1492 161 1524 ἅπαξ
187 1494 231 1521 καὶ
255 1493 421 1532 γεγένηται·
460 1493 527 1521 ἀλλὰ
557 1492 610 1529 δεῖ,
639 1493 713 1532 φησὶ,
747 1493 790 1521 καὶ
818 1492 851 1520 τὰ

30 1535 89 1575 παρ’
104 1537 180 1574 ὑμῶν
206 1537 427 1577 συνεισκοέρεσθαι,
455 1537 585 1576 τουτέστι,
612 1538 735 1577 χρηστὴν
769 1536 850 1564 πολι-

29 1581 106 1617 τείαν,
125 1582 235 1614 καὶτῆς
257 1582 369 1613 πίστεως
385 1582 468 1614 ἀξίαν,
486 1581 556 1615 Αὕτη
586 1582 635 1620 γὰρ
662 1582 679 1614 ἡ
702 1580 849 1615 τελειότης,

28 1625 56 1652 τὸ
72 1624 226 1664 ἁμφιδεξιον
240 1626 310 1654 εἶναι
325 1626 374 1660 τὴν
395 1626 490 1665 ἀρετὴν

30 1670 72 1697 οὔχ
85 1669 124 1698 ἔνι
152 1671 202 1709 γὰρ
228 1673 305 1706 ζῆσαι
327 1671 460 1710 ῥαθύμως,
491 1671 534 1698 καὶ
555 1670 633 1698 πάλιν
661 1671 849 1708 βαπτισθῆναι,

28 1714 68 1741 καὶ
82 1713 117 1741 δι’
144 1714 284 1746 ἐπιθέσεως
301 1718 399 1755 χειρῶν
414 1714 506 1743 λαϐεῖν
525 1715 676 1752 Πνεύματος
690 1714 764 1753 ἁγίου
788 1714 850 1741 ἐπι-

29 1758 162 1796 φοίτησιν.
180 1770 195 1785 ι
215 1753 321 1789 ’Ἀλλοῖ
333 1753 371 1781 4-
388 1758 654 1798 [ΟΙΚΟΥΜΕΝ101“,]
666 1758 771 1786 Μᾶλλον
780 1760 850 1786 οὗτοι

28 1801 229 1842 ἰοθαϊκώτερον
245 1807 410 1843 φρονοῦντες,
427 1802 468 1830 διὰ
482 1804 512 1830 τὸ
527 1802 663 1842 διαφόρους
678 1803 720 1830 καὶ
736 1802 850 1834 πολλοὺς

28 1846 52 1872 ἐν
74 1851 114 1884 τῷ
136 1848 211 1884 νόμῳ
232 1848 302 1875 εἶναι
324 1847 500 1885 βαπτισμοὺς,
523 1845 665 1880 ἠϐούλοντο
693 1848 736 1874 καὶ
751 1847 780 1874 τὸ
802 1849 850 1879 τῆς

29 1890 87 1922 νέας
116 1891 268 1929 βάπτισμα,
296 1892 327 1919 τὸ
365 1891 414 1924 τὴν
448 1890 646 1930 γαλιγγενεσίαν
675 1890 849 1928 δωρούμενον,

27 1934 158 1966 πολλάκις
199 1935 378 1973 βαπτίζεσθαι,
417 1934 459 1963 διὰ
492 1936 523 1962 τὸ
558 1935 674 1974 ἀφέσεως
718 1935 850 1974 ἁμαρτιῶν

26 1979 160 2010 πολλάκις
197 1979 282 2007 θέλειν
314 1979 458 2012 ἀξιοῦσθαι,
484 1991 497 2006 α
522 1978 679 2011 Ἐπιθέσεως
708 1983 759 2007 τῶν
789 1990 851 2019 χει-

26 2027 87 2062 pinv.
115 2036 130 2052 ι
163 2025 222 2052 Tsz
244 2023 271 2051 ἐν
297 2027 335 2061 τῷ
362 2024 522 2063 βαπτίσματι
552 2023 709 2062 γινομένων.
744 2026 765 2051 Η
795 2023 854 2051 ἔνθα

27 2068 186 2101 ἐπιτιθέντες
208 2076 304 2108 χεῖρας
325 2071 348 2097 οἱ
378 2068 519 2097 ἀπόστολοι
541 2070 571 2096 τὸ
593 2071 698 2105 Πνεῦμα
727 2066 852 2104 ἐδίδοσαν,

17 2113 91 2152 ire?
106 2116 154 2141 καὶ
168 2114 182 2141 ὁ
198 2114 288 2151 Σίμων
303 2113 380 2142 ὤνιον
396 2114 496 2149 ἐζήτει,
517 2123 528 2140 ο
549 2113 597 2141 Καὶ
611 2116 689 2141 τοῦτο
696 2113 852 2147 ποιήσομεν.

31 2168 42 2184 ι
63 2161 149 2187 [Ιοτον
165 2166 173 2196 ;
191 2159 223 2186 τὸ
237 2158 280 2187 ἐπὶ
294 2158 449 2191 τελειότητα
464 2158 596 2198 φέρεσθαι,
625 2168 637 2185 ιι
664 2156 777 2196 Ἐάνπερ
792 2157 853 2184 ἐπι-

29 2202 113 2240 τρέπῃ
129 2204 145 2230 ὁ
161 2202 238 2233 Θεός.
256 2212 270 2232 ι
289 2204 324 2232 Τὸ
339 2203 383 2230 ἐάν
398 2212 457 2241 περ,
474 2203 504 2231 οὐ
517 2202 582 2240 πρὸς
593 2201 669 2230 τοῦτό
682 2201 750 2229 ἐστιν
762 2201 798 2233 ὡς
809 2204 855 2229 τοῦ

31 2250 94 2274 Θεοῦ
117 2246 150 2274 οὗ
170 2247 279 2278 πάντως
308 2247 505 2286 ἐπιτρέποντος,
537 2245 680 2285 (ἐπιτρέπει
709 2245 758 2284 γὰρ
787 2245 826 2273 ἀεὶ
841 2246 855 2273 ὁ

806 1006 848 1032 καὶ
860 1005 877 1008 ⁷
889 1005 940 1035 ubi
955 1010 1051 1035 autem
1069 1006 1287 1036 resurrexerint
1312 1015 1489 1045 rursumque
1503 1005 1540 1036 ad
1555 1006 1643 1037 vitam
1659 1015 1711 1037 re—

890 1049 1109 1086 dierint,sciant
1125 1049 1254 1080 futurum
1266 1049 1495 1089 essejudicium,
1504 1054 1533 1080 et
1541 1050 1710 1081 continuam

887 1094 1059 1134 justamque
1075 1103 1250 1134 permanere
1266 1103 1370 1124 eorum
1385 1103 1450 1134 quae
1471 1094 1500 1124 in
1512 1095 1567 1125 hac
1578 1094 1635 1125 vita
1647 1095 1711 1134 egi-

892 1147 957 1168 mus
971 1137 1210 1169 retributionem.
1244 1151 1256 1166 ιι
1277 1137 1310 1168 Et
1326 1138 1394 1169 fidei
1423 1137 1454 1168 in
1484 1139 1590 1170 Deum.
1613 1150 1624 1167 ι
1649 1138 1714 1169 Non

892 1182 971 1212 enim
988 1192 1060 1222 opus
1075 1189 1120 1213 est
1131 1182 1266 1212 doctrina
1285 1182 1419 1212 credenti
1429 1182 1459 1212 in
1470 1182 1562 1213 Deum
1574 1182 1715 1222 quemad-

892 1226 1012 1256 modum
1028 1227 1064 1257 ab
1080 1227 1276 1266 exordio,jam
1287 1226 1366 1257 enim
1378 1226 1521 1257 doctrinae
1530 1226 1710 1264 credidistis,

891 1269 1044 1301 Ordinatio
1073 1271 1138 1302 talis
1154 1275 1198 1301 est
1215 1279 1221 1302 :
1239 1270 1425 1310 Quapropter
1449 1270 1558 1301 omisso
1574 1279 1714 1302 sermone

890 1314 968 1345 initii
983 1315 1017 1345 ad
1029 1315 1134 1352 Deum,
1147 1315 1214 1355 quis
1227 1321 1326 1345 autem
1339 1319 1383 1345 est
1395 1314 1444 1345 ille
1454 1314 1469 1343 ?
1480 1314 1536 1350 Qui
1547 1315 1584 1345 de
1599 1314 1712 1355 baptis-

892 1360 978 1390 matis
1001 1363 1045 1390 est
1061 1364 1090 1390 et
1105 1360 1142 1390 de
1157 1359 1294 1390 doctrina
1318 1368 1352 1390 ac
1367 1359 1558 1398 impositione
1573 1368 1714 1390 manuum

894 1403 960 1443 (per
975 1413 1046 1444 quas
1075 1403 1228 1444 Spiritum,
1261 1403 1367 1443 inquit,
1383 1403 1554 1442 accepistis)
1569 1406 1598 1433 et
1611 1411 1714 1434 resur-

892 1448 1024 1479 rectione
1035 1457 1069 1478 ex
1090 1448 1213 1478 mortuis
1221 1457 1254 1478 ac
1262 1452 1372 1478 mterno
1380 1447 1546 1486 judicio,ad
1559 1447 1715 1487 perfectio-

892 1501 960 1523 nem
976 1493 1118 1523 feramur.
1136 1492 1236 1532 Neque
1252 1492 1331 1522 enim
1358 1500 1478 1531 semper
1492 1491 1597 1522 eadem
1613 1491 1715 1522 dicere

892 1541 1018 1576 oportet,
1035 1546 1103 1567 nam
1114 1536 1205 1568 semel
1231 1536 1309 1566 dicta
1319 1545 1353 1566 ac
1365 1535 1440 1566 facta
1454 1539 1522 1566 sunt
1535 1546 1542 1566 :
1559 1535 1610 1566 sed
1624 1545 1714 1576 opor-

893 1584 934 1610 tet
951 1580 1041 1610 etiam
1056 1589 1089 1610 ea
1104 1589 1167 1619 quae
1182 1589 1199 1610 a
1214 1579 1298 1610 vobis
1308 1579 1472 1610 suutsimul
1483 1578 1716 1620 adferri,nempe

494 1650 501 1666 ,
519 1627 580 1654 ὡσεὶ
602 1625 676 1664 ἔλεγε
694 1634 700 1640 ·
719 1626 827 1662 Νήψατε

944 1633 1000 1654 iam
1019 1625 1286 1661 conversationem,
1304 1623 1432 1664 ﬁdeique
1450 1623 1635 1662 dignitatem.
1647 1623 1716 1655 Hac

892 1678 1021 1708 namque
1037 1668 1180 1708 perfectio
1197 1672 1253 1702 est.
1267 1668 1345 1708 quod
1362 1668 1454 1699 virtus
1469 1667 1654 1699 ambidextra
1662 1668 1712 1700 sit:

892 1721 926 1742 ac
939 1712 963 1742 si
993 1712 1130 1743 diceret:
1152 1711 1287 1751 Vigilate,
1314 1721 1409 1752 neque
1435 1711 1515 1742 enim
1543 1711 1656 1742 licitum
1672 1716 1717 1743 est

892 1760 925 1787 ut
940 1757 964 1786 si
979 1757 1110 1796 segniter
1124 1756 1213 1793 vivas,
1231 1765 1347 1787 rursum
1362 1755 1530 1795 baptizcris,
1547 1759 1576 1786 et
1588 1765 1641 1796 per
1655 1765 1715 1786 ma-

893 1811 983 1831 nuum
996 1801 1214 1841 impositionem
1226 1800 1353 1840 accipias
1363 1800 1491 1840 Spiritus
1502 1801 1597 1831 sancti
1606 1810 1715 1840 super-

892 1845 1072 1876 ventionem.
1094 1863 1127 1868 ——
1144 1845 1251 1876 Aliud.
1283 1844 1319 1875 Hi
1346 1854 1414 1875 cum
1426 1844 1547 1884 juduice
1563 1844 1717 1885 plusquam

893 1899 1008 1930 aequum
1023 1894 1085 1920 erat
1100 1890 1210 1920 curiosi
1223 1893 1333 1927 essent,
1349 1889 1489 1929 quoniam
1500 1889 1579 1919 varia
1590 1893 1673 1920 erant
1688 1889 1719 1919 in

893 1934 958 1974 lege
974 1934 1159 1974 baptismata,
1188 1934 1323 1964 volebant
1350 1943 1431 1964 novas
1446 1943 1561 1974 quoque
1574 1933 1647 1973 legis
1662 1933 1718 1964 ba—

896 1979 1032 2018 ptismate
1049 1978 1126 2018 quod
1143 1978 1397 2017 regenerationem
1413 1977 1537 2014 confert,
1549 1978 1719 2018 frequenter

894 2022 1047 2062 baptizari,
1065 2032 1100 2052 eo
1114 2023 1192 2063 quod
1207 2023 1378 2062 frequenter
1389 2022 1498 2052 vellent
1509 2021 1717 2052 remissionem

896 2068 1240 2108 peccatorumnccipere.
1259 2069 1319 2098 «Ac
1329 2076 1470 2098 manuum
1487 2065 1716 2106 impositionis.»

896 2113 966 2143 556
980 2113 1083 2149 Qualia
1098 2113 1128 2143 in
1141 2113 1315 2153 baptismate
1327 2111 1447 2142 ﬁebant.
1465 2111 1524 2142 Aut
1538 2112 1606 2152 quia
1620 2112 1719 2152 impo-

897 2157 961 2187 sitis
978 2157 1112 2187 manibus
1126 2156 1254 2197 apostoli
1278 2156 1421 2196 Spiritum
1446 2160 1580 2186 sanctum
1596 2155 1717 2194 dabant,

897 2201 975 2242 quod
991 2202 1080 2232 etiam
1096 2200 1197 2232 Simon
1222 2201 1324 2232 venale
1349 2200 1405 2231 sibi
1422 2209 1487 2231 esse
1506 2201 1631 2232 volebat.
1652 2212 1663 2229 ι
1682 2201 1719 2232 Et

897 2246 952 2277 hoc
967 2246 1119 2277 faciemus.
1138 2258 1150 2273 ι)
1169 2245 1313 2282 Quiduam
1326 2245 1458 2285 ?Nempe
1474 2244 1545 2275 ferri
1555 2245 1590 2275 ad
1600 2245 1716 2285 perfec-

29 2292 94 2322 Θεὸς
111 2291 147 2318 τὰ
161 2290 230 2318 καλὰ
245 2291 288 2319 καὶ
301 2290 416 2330 τέλεια),
439 2290 496 2318 ἀλλ’
524 2291 560 2322 ὡς
592 2289 648 2322 ἔθος
671 2290 738 2327 ἡμῖν
753 2289 824 2328 λέγει

944 2300 1018 2321 nem.
1038 2303 1046 2317 ι
1069 2290 1222 2330 Siquidem
1238 2290 1405 2330 permiserit
1420 2289 1508 2320 Deus.
1524 2302 1537 2316 η
1565 2289 1649 2326 Quod
1665 2290 1716 2326 ait,

29 2339 93 2362 Geo-3
114 2334 239 2367 θέλοντος
256 2334 314 2363 τόδε
335 2336 495 2372 ποιήσομεν,

896 2335 1060 2375 Siquidem,
1079 2344 1137 2365 non
1153 2334 1266 2365 idcirco
1293 2334 1402 2364 dicitur
1424 2333 1509 2374 quasi
1525 2343 1583 2364 non
1598 2334 1720 2364 omnino

27 2378 106 2410 Deus
122 2379 311 2420 permitteret
327 2388 334 2411 :
352 2388 472 2420 semper
483 2378 562 2410 euim
571 2377 714 2418 permittit
729 2379 810 2410 Deus
822 2378 902 2410 bona
917 2388 951 2410 ac
966 2380 1096 2420 perfecta
1116 2390 1122 2411 :
1139 2379 1190 2410 sed
1207 2379 1284 2419 quod
1301 2378 1386 2409 nobis
1402 2378 1493 2408 moris
1507 2377 1545 2408 sit
1558 2378 1596 2408 ita
1612 2379 1693 2418 loqui
1709 2386 1717 2409 :

17 2423 89 2454 -Deo
104 2423 227 2455 volente
241 2423 282 2455 ita
295 2424 446 2455 faciemus.

72 2481 85 2496 α
104 2468 248 2498 Ἀδύνατον
284 2470 333 2509 γὰρ
354 2470 414 2501 τοὺς
436 2467 504 2501 ἅπαξ
533 2468 720 2507 φωτισθέντας,
757 2479 856 2507 γευσα-

32 2513 126 2550 μένους
151 2523 180 2541 τε
215 2513 265 2546 τῆς
292 2512 390 2552 δωρεᾶς
419 2516 468 2546 τῆς
498 2513 660 2551 ἐπουρανίου,
697 2513 740 2540 καὶ
774 2512 857 2550 μετό-

33 2569 97 2597 χους
128 2558 288 2597 γενηθέντας
318 2558 469 2594 Πνεύματος
492 2557 577 2596 ἁγίου,
607 2557 651 2584 καὶ
672 2555 753 2584 καλὸν
768 2567 863 2595 γευσα-

34 2602 126 2639 μένους
144 2605 210 2630 Θεοῦ
224 2602 309 2640 ῥῆμα,
325 2600 445 2639 δυνάμεις
460 2611 489 2629 τε
513 2599 656 2638 μέλλοντος
681 2601 786 2639 αἰῶνος,
816 2601 862 2628 καὶ

34 2647 249 2687 παραπεσόντας,
266 2647 345 2674 πάλιν
361 2645 534 2680 ἀνακαινίζειν
555 2645 592 2676 εἱς
607 2645 759 2682 μετάνοιαν,
776 2645 859 2672 ἀνασ-

36 2695 192 2731 ταυροῦντας
209 2691 315 2724 ἑαυτοῖς
331 2692 375 2719 τὸν
392 2691 451 2718 Υἱὸν
466 2693 512 2718 τοῦ
523 2689 598 2729 Θεοῦ,
615 2690 658 2717 καὶ
680 2688 861 2728 παραδειγμα-

18 2735 25 2744 ’
38 2737 166 2772 τίζοντας.

79 2792 90 2808 ι
106 2780 251 2809 Ἀδύνατον
267 2781 326 2820 γάρ.
347 2792 361 2808 n
379 2779 433 2808 Οὔκ
448 2779 510 2807 εἷπε
527 2778 671 2817 Δυσχερὲς,
684 2776 743 2806 ἀλλ’
755 2776 864 2806 Ἀδύνα-

42 2836 93 2857 τον,
113 2839 124 2853 ιι
157 2826 335 2863 Γευσαμένως
358 2836 385 2854 τε
409 2826 457 2857 τῆς
485 2823 594 2863 δωρεᾶς.
625 2833 643 2852 ι
666 2824 719 2856 Τῆς
745 2822 862 2862 ἀφέσεως

942 2467 1004 2506 Vll,
1031 2470 1099 2500 4-6.
1112 2469 1190 2500 Nam
1203 2468 1270 2508 ﬁeri
1300 2477 1359 2499 non
1373 2471 1481 2508 potest,
1498 2471 1544 2507 ut,
1560 2467 1613 2506 qui
1628 2469 1724 2498 semel

901 2513 1014 2551 fuerint
1027 2514 1206 2553 illuminari,
1219 2514 1472 2553 gustaverintque
1486 2513 1598 2542 donum
1611 2512 1725 2543 (adeste

902 2563 928 2589 et
940 2559 1102 2599 participes
1117 2558 1324 2598 fuctigfuerinl
1340 2558 1473 2597 Spiritus
1488 2558 1597 2595 sancti,
1617 2561 1725 2596 gusta-

902 2604 1058 2642 verintque
1083 2603 1193 2634 bonum
1209 2603 1267 2633 Dei
1281 2602 1415 2638 verbum,
1432 2610 1467 2632 ac
1479 2602 1607 2633 virtutes
1621 2603 1725 2640 futuri

901 2647 1015 2685 saeculi,
1045 2650 1072 2678 si
1098 2646 1310 2688 prolabuntur,
1340 2647 1438 2677 denuo
1467 2650 1650 2677 renoventur
1671 2655 1726 2686 per

900 2694 1107 2730 parnitenliam
1125 2702 1131 2721 :
1154 2700 1278 2722 rursum
1296 2691 1503 2730 cruciﬁgentes
1527 2690 1727 2730 sibimetipsis

900 2736 1017 2767 Filium
1033 2737 1088 2768 Dei
1103 2741 1131 2767 et
1144 2737 1276 2767 ostentui
1290 2739 1478 2775 exponentes.

946 2793 958 2807 α
979 2779 1163 2821 [inpossibile
1179 2780 1259 2811 enim
1275 2784 1349 2811 est.»
1360 2780 1425 2811 Non
1437 2779 1510 2810 dixit
1519 2777 1725 2819 DifIicile,sed,

904 2823 1101 2865 Impossibile.
1120 2823 1382 2865 «bustaverintque
1391 2823 1514 2854 donum.
1528 2835 1539 2851 ›
1558 2822 1724 2853 Remissio-
