1936 3080
196 128 254 164 335

197 244 253 274 hoc
269 244 378 275 donum
395 245 515 275 caeleste
531 248 586 275 est.
608 255 619 271 ι
639 245 674 275 Et
690 244 849 284 participes
868 244 935 274 facti
950 244 1015 274 fue-

191 287 388 329 rintSpiritus
401 288 505 319 sancti.
523 301 536 316 »
554 287 611 318 Per
624 297 763 318 manuum
781 288 1014 328 impositionem,

193 333 269 364 sicut
279 333 351 364 dixit
365 332 512 372 superius.
534 343 545 359 α
570 331 819 372 Gustaverintque
836 332 946 363 bonum
961 332 1015 362 Dei

192 377 324 408 verbum.
346 390 358 404 ι
377 376 547 407 Doctrinam
564 377 601 407 de
617 376 741 408 Christo
765 389 778 404 «
798 377 839 408 Ac
856 381 1015 418 potestates

191 421 282 452 futuri
308 421 419 452 szeculi.
439 433 452 448 ι)
469 420 554 456 Quod
571 430 674 452 omnes
694 421 838 452 rationem
855 421 1015 452 reddemus

190 475 292 496 eorum
305 474 371 505 qum
383 464 495 504 egimus
509 474 516 496 :
529 465 667 505 quodque
680 469 739 496 tum
756 466 933 506 supplicium
952 469 1013 496 tum

189 509 308 549 requies
323 509 388 539 sine
403 509 460 540 ﬁne
475 509 601 541 durabit.
619 509 692 540 Nam
716 510 776 540 haec
790 515 858 540 sunt
872 514 1012 550 potestas,

191 558 220 584 et
233 553 262 584 in
273 554 320 584 his
329 557 372 584 est
383 558 510 593 potestas
520 554 611 585 futuri
623 554 734 585 saeculi.
748 557 805 586 Aut
815 554 1012 586 arrhabonem

193 598 283 629 futuri
299 598 410 636 saeculi,
428 598 485 628 hoc
493 602 549 635 est,
564 599 652 630 ﬁdem
665 599 694 628 in
706 599 867 630 Christum.
883 616 923 621 —
940 609 953 626 ‹
971 599 1013 629 Ac

191 646 354 683 potestates
368 642 458 673 futuri
475 643 587 674 smculi.
607 655 618 670 ο
640 644 701 674 Hoc
717 647 771 680 est,
789 643 838 683 qui
854 643 1012 673 didicerint

190 696 255 727 quae
269 686 363 726 possit
391 686 521 716 futurum
549 687 688 718 saeculum
709 697 715 716 :
733 697 749 716 a
764 688 913 717 communi
932 688 1011 718 enim

188 731 342 762 intellectu
361 731 559 770 supplendum
576 735 629 768 est,
648 731 845 771 Gustaverint,
862 732 940 772 quod
957 736 1013 762 tro-

188 776 254 816 pice
288 775 432 815 accipitur
460 779 489 805 et
517 775 675 815 signiﬁcat,
708 775 761 812 Qui
778 776 946 813 didicerint,
963 776 1011 816 qui

189 819 325 850 instructi
343 819 463 850 fuerint.
481 819 563 855 Quod
580 823 676 849 autem
703 824 797 859 potest
815 819 942 850 futurum
961 829 1010 850 se-
1023 836 1042 861 Β

189 864 286 894 culum
299 863 314 892 ‘2
325 867 354 893 et
368 872 433 903 qua:
459 867 504 893 est
521 864 584 902 ejus
596 863 756 894 necessitas
771 868 800 894 et
814 874 888 904 opus
899 863 914 893 ?
928 864 1010 900 Quod

187 907 218 938 in
236 917 270 939 eo
281 908 396 938 invenit
405 908 531 947 quisque
540 908 671 938 omnium
684 917 748 948 qua:
759 908 828 938 fecit
838 908 1009 938 retributio-

188 962 257 983 nem
275 962 282 983 :
301 952 377 991 quod
394 952 422 982 in
440 962 474 982 eo
496 952 584 982 ﬁnem
600 962 618 982 ι]
632 952 773 983 ιηιιοὺεοι
788 962 884 992 neque
895 953 1010 992 suppli-

190 997 268 1027 cium
286 1006 382 1037 neque
394 996 531 1032 felicitas,
550 997 626 1036 quod
649 1001 717 1027 tunc
731 997 822 1036 magis
838 997 1008 1027 manifesta-

189 1040 269 1071 bitur
282 1041 360 1081 quod
391 1040 464 1071 nihil
486 1041 618 1080 judicem
636 1041 732 1078 lateat,
750 1042 1010 1082 ejusquejustitia,

190 1086 342 1126 multaque
369 1085 437 1116 alia.
468 1085 528 1116 Eos
551 1095 622 1124 ergo
649 1086 699 1126 qui
728 1086 791 1116 hmo
815 1095 882 1117 cum
898 1086 1012 1118 caeteris

189 1130 372 1160 enumeratis
386 1129 478 1160 rebus
493 1129 674 1167 didicerunt,
691 1130 794 1171 inquit,
816 1130 925 1161 deinde
942 1140 1010 1170 pro-

188 1175 260 1214 lapsi
291 1178 371 1214 sunt,
401 1173 586 1214 impossibile
615 1179 670 1214 est,
697 1178 753 1205 etc.
791 1175 854 1206 «Et
881 1175 1011 1214 prolapsi

187 1223 265 1250 sunt.
283 1231 296 1247 ιι
315 1219 369 1255 Qui
387 1219 485 1249 omnia
500 1219 562 1249 haec
576 1219 809 1259 perdideruntet
825 1220 1008 1257 exciderunt,

187 1267 218 1294 ut
227 1263 324 1294 denuo
334 1272 422 1294 renov
429 1267 516 1294 entur
523 1272 576 1303 per
582 1263 801 1303 pcenitentiam?
808 1264 1009 1304 hocimpossi-

188 1307 246 1338 bile
279 1313 334 1339 est.
368 1308 443 1343 Quid
477 1308 582 1347 igitur!
610 1307 760 1347 abjecitne
786 1309 1011 1348 paenitentiam?

187 1352 273 1383 Absit
303 1352 553 1392 quemadmodum
584 1352 672 1383 habet
693 1352 776 1383 divus
804 1353 872 1383 357
886 1353 1010 1393 Cyrillus

187 1400 271 1426 sexto
285 1396 436 1427 volumine
451 1397 589 1426 secunda:
607 1396 698 1436 partis
713 1396 828 1428 Latriae
845 1401 962 1438 quaeest
978 1398 1010 1428 in

186 1441 297 1480 spiritu
312 1445 339 1471 et
354 1441 480 1471 veritate
494 1451 500 1470 :
519 1440 570 1470 sed
593 1441 797 1480 pmnitentiam
823 1451 887 1481 quae
898 1446 941 1472 est
957 1451 1010 1482 per

187 1484 379 1524 baptismum.
395 1485 518 1524 Oportet
535 1484 614 1514 enim
625 1485 750 1524 primum
764 1486 933 1525 prmcedere
945 1495 1007 1526 pw-

189 1518 344 1559 nitentiam
360 1538 394 1559 ac
408 1518 661 1559 renuntiationem
678 1518 830 1569 pravarum
847 1518 1007 1570 actionbm,
1020 1518 1039 1543 Ο

187 1578 217 1604 et
232 1574 271 1604 ita
288 1573 440 1613 baptizari.
458 1573 539 1603 Illam
563 1574 661 1613 itaque
678 1575 879 1613 paenitentiam
894 1575 932 1605 ait
947 1584 1011 1614 quae

190 1618 219 1648 in
239 1617 415 1657 baptismate
445 1621 489 1648 est
509 1628 515 1648 :
543 1618 622 1649 unde
638 1623 666 1649 et
681 1620 815 1649 renovari
831 1620 914 1656 dixit,
931 1619 1010 1660 quod

186 1663 340 1703 proprium
367 1667 412 1693 est
437 1662 631 1702 baptismatis,
665 1667 704 1699 et,
731 1664 856 1693 Rursum
889 1665 1009 1695 cruciﬁ-

184 1711 298 1747 gentes,
316 1707 395 1747 quod
411 1710 440 1737 et
455 1707 510 1737 hoc
523 1707 673 1747 proprium
686 1712 730 1737 est
746 1707 942 1747 baptismatis.
953 1709 1010 1745 Qui

184 1752 263 1782 enim
282 1751 476 1791 baptizantur,
492 1761 551 1782 una
567 1761 634 1782 cum
647 1751 771 1782 Domino
784 1753 1008 1792 cruciﬁguntur.

752 132 956 164 (ECUMENII
981 129 1129 163 TRIGCE
1147 131 1316 164 EPISCOPI

189 199 236 230 nis
251 204 443 240 peccatorum
459 209 524 241 qum
553 200 585 230 ﬁt
610 199 640 230 in
655 199 844 240 baptismate.
862 199 999 239 Siquidem

1088 201 1109 225 iv
1123 198 1270 237 ἁμαρτιῶν,
1291 200 1340 232 τῆς
1355 198 1383 226 ἐν
1403 199 1442 236 τῷ
1462 198 1624 236 βαπτίσματι
1642 207 1650 214 ⁸

1825 127 1889 161 336

1677 198 1743 232 οὔπη
1757 198 1810 237 γὰρ
1825 196 1885 226 δω-

1057 243 1104 281 ρεα
1128 242 1291 282 ἐπουράνιος,
1324 254 1336 272 ο
1365 243 1415 271 Καὶ
1448 243 1579 282 μετόχους
1608 242 1765 282 γενηθέντας
1796 242 1884 270 [Iv-n5-

1058 297 1139 324 ματος
1156 287 1238 326 ἁγίου.
1262 297 1277 316 ι
1309 290 1348 325 Τῇ
1374 287 1487 315 Amos“:
1508 288 1561 315 τῶν
1589 291 1702 327 χειρῶν,
1723 287 1812 318 καθὼς
1829 286 1884 314 ἅνω

1056 331 1131 370 φησί,
1158 342 1169 359 α
1195 331 1243 360 Καὶ
1264 331 1345 359 καλὸν
1373 331 1548 370 γευσαμένους
1576 335 1642 360 Θεοῦ
1669 331 1753 370 ῥῆμα.
1778 342 1793 358 ι
1826 330 1883 363 Τὴν

1056 376 1115 414 περὶ
1129 379 1174 403 νοῦ
1189 379 1300 414 Χριστοῦ
1314 374 1492 405 διδασκαλίαν.
1512 387 1525 402 ιι
1556 376 1684 414 Δυνάμεις
1706 387 1734 404 τε
1762 374 1883 413 μέλλον-

1055 429 1099 450 τος
1114 421 1219 451 αίῶνος.
1237 414 1302 448 UOtt.
1317 419 1414 451 παντες
1429 418 1548 458 δώσομεν
1567 419 1654 459 λόγων
1676 423 1728 448 τῶν
1743 418 1883 457 βεϐιωμέ-

1055 475 1117 503 νων,
1134 465 1177 492 καὶ
1192 463 1232 492 ὅτι
1249 464 1264 497 ἦ
1278 475 1307 492 τε
1321 464 1433 496 κόλασις
1447 466 1492 492 καὶ
1505 466 1522 498 ἡ
1534 465 1678 496 ἀνάπαυσις
1691 464 1882 497 ὰτελεύττιτος.

1055 512 1142 537 Ταῦτα
1156 510 1205 548 γὰρ
1227 509 1270 537 καὶ
1294 508 1320 536 ἐν
1341 509 1442 540 τούτοις
1478 510 1495 543 ἡ
1523 508 1630 546 δύναμις
1659 514 1705 538 τοῦ
1732 507 1880 546 μέλλοντος

1072 554 1078 564 v
1089 555 1099 559 η
1230 553 1242 563 r'
1289 555 1312 570 -ι
1379 553 1399 564 ι(
1443 557 1453 561 -
1551 558 1562 563 η
1669 554 1674 564 1
1692 565 1706 570 _
1783 554 1813 562 ~-

1055 564 1158 585 αιωνος.
1192 557 1268 582 lio-tt
1295 564 1334 582 ιον
1355 553 1492 592 ἀρραϐωνσι
1519 565 1566 583 του
1592 553 1736 591 μελλοεμος
1767 563 1878 592 αιωνος,

1053 598 1181 635 τουτέστι,
1198 599 1246 631 τὴν
1269 599 1305 630 εἰς
1321 599 1430 638 Χριστὸν
1446 599 1544 628 πίστιν.
1576 615 1613 621 -
1643 610 1656 626 α
1689 599 1820 635 Δυνάμεις
1852 608 1881 625 τε

1053 641 1195 679 μέλλοντος
1212 644 1315 674 αἰῶνος,
1336 654 1347 670 ν
1373 642 1480 681 [qur]
1510 643 1581 671 Ἀντὶ
1604 647 1661 678 τοῦ,
1685 644 1700 670 ἃ
1728 641 1836 670 δύναται
1865 643 1879 669 ὁ

1053 686 1156 723 μέλλων
1182 688 1244 715 αἰὼν
1268 687 1440 724 ἐκμαθόντας.
1464 689 1498 716 Τὸ
1528 689 1577 727 γὰρ
1605 687 1793 727 γευσαμένους,
1824 686 1877 714 ἀπὸ

1052 735 1152 770 κοινοῦ,
1175 731 1238 771 ὅπερ
1253 735 1384 770 τροπικῶς
1406 731 1545 768 εἴληπται,
1569 739 1715 770 σημαῖνον,
1744 733 1786 768 τὸ,
1821 733 1877 758 Μα-

1053 775 1156 812 θόντας,
1173 776 1386 814 κατηχηθεντας.
1410 777 1439 804 Τί
1461 775 1487 804 δὲ
1509 775 1616 804 δύναται
1647 777 1660 804 ὁ
1675 775 1780 814 μέλλων
1798 776 1875 812 αἰὼν,

1052 820 1096 847 καὶ
1111 820 1135 847 τί
1148 820 1218 848 ἐστιν
1234 820 1310 849 αὐτοῦ
1338 822 1354 854 ἠ
1383 821 1459 860 χρεία
1487 821 1530 849 καὶ
1559 823 1590 848 τὸ
1619 820 1718 860 ἕργον;
1752 815 1818 849 ”Οτι
1849 819 1875 846 ἐν

1053 865 1122 901 αὐτῴ
1143 865 1252 897 ἕκαστος
1274 867 1310 892 ὧν
1333 865 1424 903 ἔπραξε
1446 865 1494 899 τήν
1530 864 1644 902 ἀμοιϐὴν
1673 866 1796 905 εὑρίσκει,
1835 865 1876 892 ὄτι

1051 911 1098 937 οὐκ
1112 909 1170 949 ἔχει
1184 909 1259 941 τέλος
1281 909 1338 937 οὔτε
1353 911 1370 944 ἡ
1385 910 1498 949 τιμωρία
1517 911 1534 944 ἡ
1550 910 1576 938 ἐν
1598 913 1682 947 αὐτῷ,
1699 910 1756 938 οὔτε
1783 910 1802 943 ἡ
1827 909 1876 937 εὖ-

1051 952 1182 990 δαιμονία,
1206 953 1246 981 ὅτι
1261 954 1319 982 τότε
1337 953 1436 991 μᾶλλον
1465 954 1494 982 τό
1515 965 1544 982 τε
1572 954 1704 988 ἀλάθητον
1724 958 1770 982 τοῦ
1783 957 1876 993 κριτοῦ

1052 998 1140 1026 καὶτὸ
1154 997 1252 1026 δίκαιον
1267 999 1490 1038 smmum”
1510 999 1554 1026 καὶ
1582 998 1668 1027 πολλὰ
1689 999 1776 1038 ἕτερα.
1807 998 1877 1029 Τοὺς

1053 1042 1096 1070 οὖν
1111 1043 1178 1079 μετὰ
1198 1045 1250 1070 τῶν
1266 1042 1352 1070 ἄλλων
1374 1043 1417 1071 καὶ
1431 1047 1513 1072 ταῦτα
1527 1043 1671 1080 μαθόντας,
1691 1043 1781 1083 φησὶν,
1813 1043 1878 1070 εἶτα

1053 1087 1264 1126 παραπεσόντας,
1294 1085 1428 1123 ἀδύνατον,
1451 1088 1495 1114 καὶ
1516 1086 1589 1120 ἑξῆς.
1629 1098 1640 1115 I
1672 1088 1720 1116 Καὶ
1748 1097 1878 1126 παραπε-

1053 1142 1156 1164 σοντας.
1177 1143 1189 1159 n
1208 1126 1334 1159 ι’Λειτςιντα
1349 1136 1430 1160 ταῦτα
1457 1130 1639 1164 ἀπολέσαντας
1667 1133 1711 1160 καὶ
1740 1131 1874 1159 ἐκπεσόν-

1051 1186 1099 1207 τας
1121 1175 1200 1204 πάλιν
1215 1175 1387 1211 ἀνακαινίζειν
1401 1176 1437 1207 εἷς
1460 1176 1611 1213 μετάνοιαν,
1641 1175 1766 1204 ἀδύνατον
1781 1179 1876 1206 τοῦτο.

1052 1221 1082 1248 Τί
1096 1220 1139 1248 οὖν
1155 1230 1163 1260 ς
1179 1219 1283 1252 ἐξέϐαλε
1297 1220 1346 1254 τὴν
1361 1220 1524 1260 μετάνοιαν,
1555 1221 1602 1254 Μὴ
1628 1221 1747 1261 γένοιτο,
1776 1220 1874 1260 (οὕτως

1052 1265 1065 1292 ὁ
1081 1264 1106 1292 ὲν
1121 1264 1194 1303 ἁγίος
1217 1263 1343 1303 Κύριλλος
1371 1264 1397 1292 ἐν
1426 1263 1519 1302 βιϐλίῳ
1539 1264 1609 1301 ἕκτῳ
1636 1268 1685 1298 τῆς
1713 1265 1742 1303 β.
1769 1265 1817 1298 τῆς
1847 1264 1875 1292 ἒν

1051 1309 1165 1346 πδύματι
1187 1309 1230 1336 καὶ
1248 1307 1357 1344 ἀληθείᾳ
1376 1307 1509 1348 λατρείας)
1535 1308 1603 1337 ἀλλὰ
1631 1310 1679 1343 τὴν
1708 1309 1750 1338 διὰ
1778 1310 1874 1338 ϐαπτί-

1053 1364 1152 1390 σματος
1167 1354 1318 1391 μετάνοιαν.
1338 1358 1385 1381 Δεῖ
1399 1354 1448 1392 γὰρ
1474 1356 1579 1392 πρῶτον
1605 1355 1756 1392 ἡγήσασθαι
1785 1354 1874 1392 μετά-

1052 1408 1124 1425 νοιαν
1138 1399 1182 1425 καὶ
1196 1397 1320 1430 ἆπόταξιν
1333 1401 1385 1425 τῶν
1406 1401 1529 1436 πονηρῶν
1556 1398 1686 1437 πράξεων,
1716 1399 1760 1426 καὶ
1788 1397 1874 1430 οὕτως

1051 1442 1240 1479 βαπτισθῆναι,
1269 1440 1387 1475 Ἐχείνην
1403 1441 1446 1469 οὖν
1475 1443 1551 1482 φησὶ,
1574 1442 1622 1475 τὴν
1651 1442 1678 1469 ἐν
1707 1446 1745 1479 τῷ
1773 1443 1874 1480 βαπτί-

1052 1496 1132 1523 σματι
1155 1486 1306 1524 μετάνοιαν,
1331 1485 1388 1514 ὅθεν
1409 1487 1452 1514 καὶ
1473 1486 1560 1523 εἶπεν,
1589 1486 1776 1523 Ἀνακαινιζειν
1807 1486 1875 1526 ὅπερ

1053 1529 1119 1558 ἴδιον
1133 1531 1323 1571 βαπτίσματος,
1339 1532 1382 1559 καὶ
1396 1530 1644 1571 Ἀνασταυροῦντας,
1661 1531 1725 1570 ὅπερ
1739 1533 1875 1560 καὶτοῦτο

1051 1575 1230 1613 βαπτίσματος
1243 1574 1321 1606 ἴδιον.
1345 1577 1373 1604 Οἱ
1388 1576 1437 1614 γὰρ
1453 1576 1650 1613 βαπτιζόμενοι,
1668 1579 1874 1615 συσταυροῦνται

1051 1623 1089 1656 τῴ
1110 1620 1203 1658 Κυρίῳ,
1225 1616 1252 1648 Ὀ
1275 1620 1318 1648 οὖν
1331 1619 1413 1648 πάλιν
1427 1619 1468 1647 διὰ
1482 1620 1663 1658 βαπτίσματος
1685 1620 1804 1660 δευτέρω
1819 1632 1873 1658 με·

1051 1670 1156 1693 τανοετν
1170 1663 1262 1702 θέλων,
1272 1664 1427 1703 ἐνασταυροῖ
1438 1665 1482 1692 τὸν
1499 1665 1608 1703 Χριστὸν
1621 1667 1660 1701 τῷ
1668 1667 1873 1705 συσταυροῦσθαι

1051 1710 1131 1745 αὐτῷ.

182 1796 236 1832 Qui
253 1796 344 1836 igitur
357 1805 474 1826 rursum
491 1796 552 1826 vult
568 1805 619 1836 per
634 1796 758 1828 alterum
776 1796 920 1837 baptisma
936 1800 1090 1838 poenitere,
1107 1797 1256 1828 Christum
1273 1806 1391 1828 rursum
1413 1798 1567 1839 cruciﬁgit,
1586 1808 1621 1830 eo
1636 1799 1715 1840 quod
1729 1808 1788 1830 una
1802 1808 1872 1830 cum

180 1841 244 1882 ipso
260 1841 458 1881 cruciﬁgatur.

224 1886 370 1919 «Rursum
380 1885 587 1925 cruciﬁgentes
594 1885 788 1926 sibimetipsis
797 1886 903 1917 Filium
917 1888 999 1919 Deia

182 1930 257 1967 Quid
275 1935 319 1962 est
348 1941 353 1960 :
371 1929 499 1961 Rursum
521 1930 728 1969 cruciﬁgentes
743 1930 936 1971 sibimetipsis
951 1933 1001 1963 Fi-

181 1975 253 2006 lium
270 1975 323 2006 Dei
341 1979 371 2005 et
386 1974 514 2005 ostentui
534 1979 715 2014 exponentes
726 1975 740 2004 ?
751 1975 794 2005 Ab
807 1975 919 2015 integro
927 1977 1001 2008 sibi-

182 2020 317 2060 metipsis
324 2019 531 2056 cruciﬁgentes
538 2023 566 2049 et
574 2018 893 2058 pudefacientesQuod
902 2026 1002 2052 autem

181 2064 318 2095 dicittale
331 2063 482 2104 quippiam
495 2068 539 2094 est
552 2072 557 2094 :
572 2064 670 2095 Semel
683 2064 843 2095 cruciﬁxus
862 2069 905 2095 est
917 2066 1004 2097 Chri-

180 2113 255 2146 stus,
273 2113 301 2139 et
316 2118 370 2138 nos
393 2108 486 2139 semel
510 2117 567 2138 una
591 2117 657 2139 cum
674 2108 738 2148 ipso
756 2109 888 2140 cruciﬁxi
903 2119 1004 2141 sumus

181 2163 234 2193 per
262 2153 429 2193 baptisma:
459 2152 508 2193 qui
536 2162 604 2192 ergo
634 2153 773 2192 opinatur
797 2154 921 2184 alterum
939 2164 1004 2187 esse

181 2197 337 2238 baplisma,
355 2201 497 2237 quantum
513 2197 543 2227 in
559 2197 624 2237 ipso
641 2201 698 2234 est,
715 2197 751 2228 ab
767 2198 883 2237 integro
901 2199 1004 2230 Domi-

180 2252 250 2273 num
261 2242 416 2281 cruciﬁgit.
435 2242 510 2278 Quid
534 2242 612 2273 enim
625 2242 704 2272 aliud
717 2242 786 2273 facit
799 2243 848 2283 qui
871 2244 1004 2275 secundo

179 2286 339 2318 arbitratur
368 2296 421 2326 per
450 2287 597 2326 baptisma
621 2295 688 2318 cum
706 2296 742 2317 eo
757 2287 889 2327 cruciﬁgi
904 2297 1000 2328 posse,

179 2341 269 2371 quam
285 2331 362 2372 quod
378 2332 476 2370 ipsum
490 2340 607 2371 quoque
624 2331 771 2362 existimat
785 2331 919 2362 secundo
935 2341 1005 2363 cru-

178 2376 256 2415 ciﬁgi
270 2385 323 2416 per
334 2385 369 2406 ea
380 2385 444 2416 quae
455 2375 549 2406 facit?
565 2374 702 2407 Secundo
717 2380 815 2406 autem
831 2377 1004 2416 cruciﬁgere

178 2421 325 2453 Christum
351 2424 495 2461 quantum
508 2420 538 2450 in
551 2429 586 2451 eo
605 2424 659 2457 est,
677 2420 751 2450 nihil
767 2421 845 2451 aliud
858 2426 901 2451 est
916 2431 1002 2461 quam

177 2465 308 2496 ostentui
318 2474 467 2506 exponere
480 2465 576 2504 ipsum
589 2469 618 2495 et
630 2464 806 2505 pudefacere
817 2466 1002 2505 ipsum.Nam

181 2515 336 2551 postquam
362 2510 456 2540 semel
483 2509 639 2540 cruciﬁxus
656 2514 708 2540 est.
728 2510 903 2540 immortalis
919 2510 1004 2540 dein-

176 2564 246 2595 ceps
261 2555 384 2586 aﬂ'ectus
398 2559 444 2585 est
457 2563 462 2585 :
475 2554 523 2594 qui
535 2563 604 2586 vero
622 2563 738 2585 rursum
755 2554 1003 2593 cruciﬁgit,men-

176 2600 292 2631 dacium
324 2599 393 2630 facit
421 2599 531 2639 ipsum,
561 2599 638 2639 quod
668 2599 811 2639 pudorem
838 2599 893 2639 ipsi
909 2600 1004 2630 adfert

176 2650 314 2686 tanquam
331 2643 454 2675 mentito
485 2643 562 2684 quod
582 2644 675 2674 semel
692 2648 802 2674 tantum
820 2648 998 2674 moreretur.

175 2690 246 2721 Alio
272 2689 369 2720 modo.
389 2688 463 2724 Quid
481 2693 545 2719 est:
564 2687 692 2719 Rursum
711 2688 942 2728 cruciﬁgentes?
956 2689 1000 2720 Ad

175 2734 339 2766 secundum
369 2733 592 2764 cruciﬁxionem
608 2736 635 2763 et
652 2733 814 2764 secundam
833 2733 999 2773 passionem

175 2780 271 2821 ipsum
286 2783 425 2810 vocantes
444 2789 449 2810 :
469 2777 617 2818 siquidem
636 2778 701 2808 talis
720 2778 893 2818 paenitentia
904 2781 932 2808 et
946 2787 1000 2818 pe-

1015 2133 1036 2158 υ

1088 1899 1100 1916 ι
1126 1887 1364 1927 Ἀνασταυροῦντας
1394 1889 1499 1920 ἑαυτοῖς
1527 1890 1572 1918 τὸν
1595 1890 1653 1918 Υίὸν
1681 1889 1728 1918 τοῦ
1749 1890 1826 1920 Θεοῦ.
1856 1902 1869 1916 ιι

1044 1934 1073 1961 Τί
1108 1932 1190 1973 ἐστιν,
1221 1931 1461 1971 Ἀνασταυροὺντας
1503 1934 1610 1973 ἑαυτοῖς
1640 1934 1685 1962 τὸν
1721 1935 1780 1962 ι’ἱὸν
1822 1940 1874 1964 τοῦ

1044 1981 1108 2006 Θεοῦ
1123 1978 1165 2006 καὶ
1180 1971 1461 2017 παραδειγματίζοντας
1477 1987 1486 2018 ;
1516 1971 1650 2017 "Amen,
1687 1979 1761 2018 φησὶ,
1785 1989 1874 2008 σταυ-

1046 2027 1153 2061 ροῦντας
1194 2023 1298 2055 ἑαυτοῖς
1321 2023 1375 2063 οιαὶ
1402 2023 1636 2063 καταισχύνοντας.
1678 2028 1698 2052 0
1731 2022 1758 2051 δὲ
1794 2022 1872 2063 λέγει

1044 2067 1162 2096 τοιοῦτόν
1190 2066 1258 2094 ἐστιν
1277 2076 1285 2084 ⁸
1319 2062 1410 2099 υΑττοιξ
1439 2067 1589 2106 ἐσταυρώθη
1618 2069 1632 2096 ὁ
1669 2071 1791 2107 Χριστὸς,
1823 2062 1873 2098 iui

1045 2111 1126 2148 ἡμεῖς
1161 2111 1229 2143 ἅπαξ
1264 2111 1336 2148 αὖτῷ
1369 2113 1591 2151 συσταυρωθῶμεν
1619 2111 1660 2140 διὰ
1681 2116 1728 2141 τοὺ
1767 2113 1870 2151 βαπτί-

1045 2166 1158 2193 σματος,
1195 2151 1224 2184 ⁴Ο
1259 2155 1354 2196 τοίνυν,
1384 2157 1474 2196 φησὶν,
1499 2157 1618 2194 οἰόμενος
1647 2156 1718 2186 εἶναι
1748 2156 1871 2198 δεύτερον

1045 2200 1189 2238 βάπτισμα,
1207 2199 1267 2228 ὅσον
1288 2201 1319 2228 τὸ
1342 2201 1402 2229 κατ’
1430 2201 1521 2241 αὐτὸν,
1550 2200 1646 2230 ἄνωθεν
1674 2209 1785 2242 ascopa!
1818 2205 1869 2232 τὸν

1047 2244 1149 2284 Κύριον.
1175 2246 1204 2274 Τί
1225 2245 1274 2284 γὰρ
1302 2244 1390 2284 ἕτερον
1417 2251 1492 2274 ποιεῖ
1526 2246 1540 2273 ὁ
1570 2245 1688 2286 δεύτερον
1717 2246 1789 2284 αὐτῷ
1825 2247 1871 2278 διὰ

1043 2292 1090 2316 τοῦ
1105 2289 1287 2327 βαπτίσματος
1316 2291 1517 2329 συσταυροισθαι
1545 2290 1670 2330 νομίζων,
1706 2291 1725 2325 ἢ
1753 2291 1793 2320 ὅτι
1823 2295 1870 2322 καὶ

1046 2333 1124 2362 αὐτὸν
1144 2334 1251 2372 ἡγεῖται
1273 2333 1390 2373 δεύτερον
1423 2334 1610 2374 ἐσταυρῶσθαι,
1640 2334 1674 2363 δι’
1700 2337 1738 2364 ὧν
1765 2344 1869 2378 ποιοῖς

1049 2379 1075 2406 τὸ
1103 2377 1130 2406 δὲ
1165 2377 1283 2418 δεύτερον
1309 2390 1444 2418 σταυρουν,
1482 2380 1546 2418 φησὶ
1586 2380 1633 2408 τὸν
1672 2382 1794 2419 Χριστὸν,
1838 2377 1873 2412 τὸ

1046 2422 1105 2451 ὅσον
1119 2424 1183 2456 ἧκεν
1213 2424 1248 2455 εἷς
1277 2423 1366 2460 αὑτὸν,
1397 2423 1469 2453 οὐδὲν
1490 2423 1577 2464 ἕτερόν
1605 2425 1675 2454 ἐστιν
1695 2426 1713 2460 ἢ
1739 2427 1872 2466 παραδει-

1047 2468 1171 2506 γματίσαι
1201 2469 1278 2496 αὐτὸν
1306 2469 1349 2496 καὶ
1373 2469 1557 2509 καθαισχύναι.
1591 2465 1682 2503 “Arni
1712 2472 1761 2510 γὰρ
1782 2482 1869 2501 σταυ-

1046 2513 1148 2552 ρωθείς,
1184 2512 1311 2544 ἀθάνατός
1347 2513 1401 2540 ἐστι
1434 2513 1538 2545 λοιπόν,
1572 2509 1600 2542 Ὀ
1628 2513 1655 2542 δὲ
1683 2515 1867 2558 ἀνασταυρῶν,

1045 2555 1138 2593 ψεῦδος
1168 2561 1244 2585 τοῦτο
1274 2564 1356 2594 ποιεῖ,
1387 2558 1450 2597 ὅπερ
1480 2559 1609 2598 αἰσχύνην
1638 2559 1709 2597 αὒτῷ
1730 2555 1804 2600 φέρει
1829 2555 1869 2595 ὡς

1044 2601 1202 2639 ψευσαμένῳ
1222 2603 1252 2630 τὸ
1267 2601 1334 2634 ἅπαξ
1349 2602 1493 2631 ἀποθανεῖν
1508 2604 1600 2641 μόνον.
1620 2598 1742 2637 ’Ἄλλωςξ

1044 2646 1073 2674 Τί
1114 2646 1183 2674 ἐστιν
1234 2646 1464 2687 ἀναστοροῦντας,
1516 2648 1558 2676 ἐπὶ
1610 2648 1730 2689 δευτέραν
1783 2653 1867 2680 σταύ-

1043 2701 1123 2729 ρωσιν
1138 2691 1181 2718 καὶ
1197 2690 1314 2729 δεύτερον
1342 2692 1422 2722 πάθος
1453 2691 1601 2725 χαλοῦνσας
1629 2694 1717 2731 αὺτὸν,
1742 2694 1820 2735 εἴπερ
1848 2698 1866 2731 ἡ

1042 2735 1151 2768 τοιαύτη
1181 2736 1317 2773 μετάνοια,
1347 2736 1391 2764 καὶ
1420 2736 1450 2764 τὸ
1485 2735 1625 2771 ἀξιωθῆναι
1660 2741 1709 2772 τῆς
1745 2739 1786 2768 διὰ
1821 2742 1869 2770 τοῦ

1042 2780 1223 2817 βαπτίσματος
1252 2780 1379 2819 ἀφέσεως,
1409 2784 1446 2818 τῷ
1475 2785 1579 2820 σταυρῷ
1606 2787 1653 2812 τοῦ
1674 2787 1787 2823 Χριστοῦ
1814 2786 1868 2824 μό-
