  <div class='ocr_page' id='page_1' title='image "/cluster/home/n/w/nwhite01/storage/ocr_20150623/119/njp.32101010943965/503.png"; bbox 0 0 1936 3080; ppageno 0'>
   <div class='ocr_carea' id='block_1_1' title="bbox 187 152 241 185">
    <p class='ocr_par' dir='ltr' id='par_1_1' title="bbox 187 152 241 185">
     <span class='ocr_line' id='line_1_1' title="bbox 187 152 241 185; baseline 0.037 -2"><span class='ocrx_word' id='word_1_1' title='bbox 187 152 241 185; x_wconf 82' lang='grc'><em>331</em></span> 
     </span>
    </p>
   </div>
   <div class='ocr_carea' id='block_1_2' title="bbox 228 221 1040 264">
    <p class='ocr_par' dir='ltr' id='par_1_2' title="bbox 228 221 1040 264">
     <span class='ocr_line' id='line_1_2' title="bbox 228 221 1040 264; baseline -0.004 -9"><span class='ocrx_word' id='word_1_2' title='bbox 228 223 276 261; x_wconf 88' lang='lat' dir='ltr'><em>VI,</em></span> <span class='ocrx_word' id='word_1_3' title='bbox 295 224 352 255; x_wconf 77' lang='lat'><em>1-5.</em></span> <span class='ocrx_word' id='word_1_4' title='bbox 371 223 562 264; x_wconf 78' lang='lat' dir='ltr'><em>Quapropter</em></span> <span class='ocrx_word' id='word_1_5' title='bbox 590 223 698 254; x_wconf 77' lang='lat' dir='ltr'><em>amisso</em></span> <span class='ocrx_word' id='word_1_6' title='bbox 723 231 862 254; x_wconf 80' lang='lat' dir='ltr'><em>sermone</em></span> <span class='ocrx_word' id='word_1_7' title='bbox 873 223 957 254; x_wconf 76' lang='lat' dir='ltr'><em>initii</em></span> <span class='ocrx_word' id='word_1_8' title='bbox 971 221 1040 253; x_wconf 75' lang='lat' dir='ltr'><em>adit</em></span> 
     </span>
    </p>
   </div>
   <div class='ocr_carea' id='block_1_3' title="bbox 190 267 1013 308">
    <p class='ocr_par' dir='ltr' id='par_1_3' title="bbox 190 267 1013 308">
     <span class='ocr_line' id='line_1_3' title="bbox 190 267 1013 308; baseline -0.001 -9"><span class='ocrx_word' id='word_1_9' title='bbox 190 269 355 305; x_wconf 76' lang='lat' dir='ltr'><em>Christum,</em></span> <span class='ocrx_word' id='word_1_10' title='bbox 368 268 407 299; x_wconf 82' lang='lat' dir='ltr'><em>ad</em></span> <span class='ocrx_word' id='word_1_11' title='bbox 419 267 632 308; x_wconf 73' lang='lat' dir='ltr'><em>perfectionem</em></span> <span class='ocrx_word' id='word_1_12' title='bbox 644 268 788 306; x_wconf 75' lang='lat' dir='ltr'><em>feramur</em></span> <span class='ocrx_word' id='word_1_13' title='bbox 799 276 806 298; x_wconf 90' lang='lat'>:</span> <span class='ocrx_word' id='word_1_14' title='bbox 818 276 878 298; x_wconf 79' lang='lat' dir='ltr'><em>non</em></span> <span class='ocrx_word' id='word_1_15' title='bbox 890 276 1013 298; x_wconf 82' lang='lat' dir='ltr'><strong><em>rursum</em></strong></span> 
     </span>
    </p>
   </div>
   <div class='ocr_carea' id='block_1_4' title="bbox 182 311 1014 353">
    <p class='ocr_par' dir='ltr' id='par_1_4' title="bbox 182 311 1014 353">
     <span class='ocr_line' id='line_1_4' title="bbox 182 311 1014 353; baseline -0.004 -9"><span class='ocrx_word' id='word_1_16' title='bbox 182 313 335 353; x_wconf 79' lang='lat' dir='ltr'><em>jacientes</em></span> <span class='ocrx_word' id='word_1_17' title='bbox 362 313 594 351; x_wconf 77' lang='lat' dir='ltr'><em>fundamentum</em></span> <span class='ocrx_word' id='word_1_18' title='bbox 619 313 802 351; x_wconf 67' lang='lat' dir='ltr'><em>paenitentiae</em></span> <span class='ocrx_word' id='word_1_19' title='bbox 823 311 859 342; x_wconf 89' lang='lat' dir='ltr'><em>ab</em></span> <span class='ocrx_word' id='word_1_20' title='bbox 875 311 1014 351; x_wconf 79' lang='lat' dir='ltr'><em>operibus</em></span> 
     </span>
    </p>
   </div>
   <div class='ocr_carea' id='block_1_5' title="bbox 186 357 1014 396">
    <p class='ocr_par' dir='ltr' id='par_1_5' title="bbox 186 357 1014 396">
     <span class='ocr_line' id='line_1_5' title="bbox 186 357 1014 396; baseline -0.002 -8"><span class='ocrx_word' id='word_1_21' title='bbox 186 358 316 389; x_wconf 76' lang='lat' dir='ltr'><em>mortuis</em></span> <span class='ocrx_word' id='word_1_22' title='bbox 331 361 358 388; x_wconf 85' lang='lat' dir='ltr'><em>et</em></span> <span class='ocrx_word' id='word_1_23' title='bbox 372 357 442 396; x_wconf 74' lang='lat' dir='ltr'><em>ﬁdei</em></span> <span class='ocrx_word' id='word_1_24' title='bbox 457 359 490 386; x_wconf 78' lang='lat' dir='ltr'><em>in</em></span> <span class='ocrx_word' id='word_1_25' title='bbox 506 357 611 394; x_wconf 87' lang='lat' dir='ltr'><em>Deum,</em></span> <span class='ocrx_word' id='word_1_26' title='bbox 626 357 850 396; x_wconf 79' lang='lat' dir='ltr'><em>buptismatum,</em></span> <span class='ocrx_word' id='word_1_27' title='bbox 867 357 1014 387; x_wconf 66' lang='lat' dir='ltr'><em>doctrinm</em></span> 
     </span>
    </p>
   </div>
   <div class='ocr_carea' id='block_1_6' title="bbox 187 401 1013 440">
    <p class='ocr_par' dir='ltr' id='par_1_6' title="bbox 187 401 1013 440">
     <span class='ocr_line' id='line_1_6' title="bbox 187 401 1013 440; baseline -0.004 -6"><span class='ocrx_word' id='word_1_28' title='bbox 187 411 224 434; x_wconf 82' lang='lat' dir='ltr'><em>ac</em></span> <span class='ocrx_word' id='word_1_29' title='bbox 239 410 387 433; x_wconf 83' lang='lat' dir='ltr'><em>manuum</em></span> <span class='ocrx_word' id='word_1_30' title='bbox 401 401 603 440; x_wconf 65' lang='lat' dir='ltr'><em>imposuimus</em></span> <span class='ocrx_word' id='word_1_31' title='bbox 613 404 639 431; x_wconf 85' lang='lat' dir='ltr'><em>et</em></span> <span class='ocrx_word' id='word_1_32' title='bbox 651 402 1013 432; x_wconf 73' lang='lat' dir='ltr'><em>resurrectionismortuo—</em></span> 
     </span>
    </p>
   </div>
   <div class='ocr_carea' id='block_1_7' title="bbox 187 445 1008 486">
    <p class='ocr_par' dir='ltr' id='par_1_7' title="bbox 187 445 1008 486">
     <span class='ocr_line' id='line_1_7' title="bbox 187 445 1008 486; baseline -0.004 -8"><span class='ocrx_word' id='word_1_33' title='bbox 187 455 256 478; x_wconf 82' lang='lat' dir='ltr'><em>rum</em></span> <span class='ocrx_word' id='word_1_34' title='bbox 271 446 425 486; x_wconf 78' lang='lat' dir='ltr'><em>acjudicit</em></span> <span class='ocrx_word' id='word_1_35' title='bbox 441 446 556 476; x_wconf 78' lang='lat' dir='ltr'><em>aeterni.</em></span> <span class='ocrx_word' id='word_1_36' title='bbox 573 446 672 484; x_wconf 83' lang='lat' dir='ltr'><em>Atque</em></span> <span class='ocrx_word' id='word_1_37' title='bbox 687 446 720 475; x_wconf 79' lang='lat' dir='ltr'><em>id</em></span> <span class='ocrx_word' id='word_1_38' title='bbox 734 446 883 484; x_wconf 79' lang='lat' dir='ltr'><em>faciemus</em></span> <span class='ocrx_word' id='word_1_39' title='bbox 896 448 923 475; x_wconf 86' lang='lat' dir='ltr'><em>si</em></span> <span class='ocrx_word' id='word_1_40' title='bbox 938 445 1008 485; x_wconf 73' lang='lat' dir='ltr'><em>qui-</em></span> 
     </span>
    </p>
   </div>
   <div class='ocr_carea' id='block_1_8' title="bbox 186 490 547 530">
    <p class='ocr_par' dir='ltr' id='par_1_8' title="bbox 186 490 547 530">
     <span class='ocr_line' id='line_1_8' title="bbox 186 490 547 530; baseline -0.003 -9"><span class='ocrx_word' id='word_1_41' title='bbox 186 491 255 522; x_wconf 85' lang='lat' dir='ltr'><em>dem</em></span> <span class='ocrx_word' id='word_1_42' title='bbox 266 490 442 530; x_wconf 75' lang='lat' dir='ltr'><em>permi&#39;serit</em></span> <span class='ocrx_word' id='word_1_43' title='bbox 459 490 547 520; x_wconf 82' lang='lat' dir='ltr'><em>Deus.</em></span> 
     </span>
    </p>
   </div>
   <div class='ocr_carea' id='block_1_9' title="bbox 227 534 1008 574">
    <p class='ocr_par' dir='ltr' id='par_1_9' title="bbox 227 534 1008 574">
     <span class='ocr_line' id='line_1_9' title="bbox 227 534 1008 574; baseline -0.003 -8"><span class='ocrx_word' id='word_1_44' title='bbox 227 535 301 566; x_wconf 82' lang='lat' dir='ltr'><em>Cum</em></span> <span class='ocrx_word' id='word_1_45' title='bbox 316 535 346 565; x_wconf 92' lang='lat' dir='ltr'><em>in</em></span> <span class='ocrx_word' id='word_1_46' title='bbox 362 534 564 574; x_wconf 86' lang='lat' dir='ltr'><em>superioribus</em></span> <span class='ocrx_word' id='word_1_47' title='bbox 575 538 707 564; x_wconf 84' lang='lat' dir='ltr'><em>vocasset</em></span> <span class='ocrx_word' id='word_1_48' title='bbox 722 534 837 564; x_wconf 84' lang='lat' dir='ltr'><em>initium</em></span> <span class='ocrx_word' id='word_1_49' title='bbox 853 542 1008 565; x_wconf 88' lang='lat' dir='ltr'><em>sermones</em></span> 
     </span>
    </p>
   </div>
   <div class='ocr_carea' id='block_1_10' title="bbox 189 579 1007 619">
    <p class='ocr_par' dir='ltr' id='par_1_10' title="bbox 189 579 1007 619">
     <span class='ocr_line' id='line_1_10' title="bbox 189 579 1007 619; baseline -0.002 -9"><span class='ocrx_word' id='word_1_50' title='bbox 189 580 227 610; x_wconf 89' lang='lat' dir='ltr'><em>de</em></span> <span class='ocrx_word' id='word_1_51' title='bbox 241 579 348 611; x_wconf 83' lang='lat' dir='ltr'><em>Christi</em></span> <span class='ocrx_word' id='word_1_52' title='bbox 365 579 559 616; x_wconf 72' lang='lat' dir='ltr'><em>humanitate,</em></span> <span class='ocrx_word' id='word_1_53' title='bbox 581 579 792 618; x_wconf 82' lang='lat' dir='ltr'><em>perfectionem</em></span> <span class='ocrx_word' id='word_1_54' title='bbox 808 587 876 609; x_wconf 89' lang='lat' dir='ltr'><em>vero</em></span> <span class='ocrx_word' id='word_1_55' title='bbox 893 588 943 609; x_wconf 85' lang='lat' dir='ltr'><em>eos</em></span> <span class='ocrx_word' id='word_1_56' title='bbox 958 579 1007 619; x_wconf 88' lang='lat' dir='ltr'><em>qui</em></span> 
     </span>
    </p>
   </div>
   <div class='ocr_carea' id='block_1_11' title="bbox 185 623 1008 664">
    <p class='ocr_par' dir='ltr' id='par_1_11' title="bbox 185 623 1008 664">
     <span class='ocr_line' id='line_1_11' title="bbox 185 623 1008 664; baseline 0 -11"><span class='ocrx_word' id='word_1_57' title='bbox 185 623 223 654; x_wconf 90' lang='lat' dir='ltr'><em>de</em></span> <span class='ocrx_word' id='word_1_58' title='bbox 239 623 390 654; x_wconf 83' lang='lat' dir='ltr'><em>divinitate</em></span> <span class='ocrx_word' id='word_1_59' title='bbox 419 628 529 660; x_wconf 87' lang='lat' dir='ltr'><em>essent,</em></span> <span class='ocrx_word' id='word_1_60' title='bbox 560 633 597 653; x_wconf 88' lang='lat' dir='ltr'><em>ne</em></span> <span class='ocrx_word' id='word_1_61' title='bbox 624 623 654 653; x_wconf 92' lang='lat' dir='ltr'><em>hi</em></span> <span class='ocrx_word' id='word_1_62' title='bbox 670 623 858 664; x_wconf 85' lang='lat' dir='ltr'><em>impatienter</em></span> <span class='ocrx_word' id='word_1_63' title='bbox 872 623 1008 654; x_wconf 87' lang='lat' dir='ltr'><em>dolerent</em></span> 
     </span>
    </p>
   </div>
   <div class='ocr_carea' id='block_1_12' title="bbox 186 667 1006 709">
    <p class='ocr_par' dir='ltr' id='par_1_12' title="bbox 186 667 1006 709">
     <span class='ocr_line' id='line_1_12' title="bbox 186 667 1006 709; baseline 0 -11"><span class='ocrx_word' id='word_1_64' title='bbox 186 669 270 709; x_wconf 86' lang='lat' dir='ltr'><em>quasi</em></span> <span class='ocrx_word' id='word_1_65' title='bbox 285 668 397 707; x_wconf 83' lang='lat' dir='ltr'><em>indigni</em></span> <span class='ocrx_word' id='word_1_66' title='bbox 416 667 640 708; x_wconf 86' lang='lat' dir='ltr'><em>perfectioribus</em></span> <span class='ocrx_word' id='word_1_67' title='bbox 655 668 853 705; x_wconf 84' lang='lat' dir='ltr'><em>sermonibus,</em></span> <span class='ocrx_word' id='word_1_68' title='bbox 870 668 1006 707; x_wconf 80' lang='lat' dir='ltr'><em>aggredi—</em></span> 
     </span>
    </p>
   </div>
   <div class='ocr_carea' id='block_1_13' title="bbox 186 712 1006 753">
    <p class='ocr_par' dir='ltr' id='par_1_13' title="bbox 186 712 1006 753">
     <span class='ocr_line' id='line_1_13' title="bbox 186 712 1006 753; baseline 0 -10"><span class='ocrx_word' id='word_1_69' title='bbox 186 716 235 744; x_wconf 87' lang='lat' dir='ltr'><em>tur</em></span> <span class='ocrx_word' id='word_1_70' title='bbox 253 713 341 744; x_wconf 86' lang='lat' dir='ltr'><em>etiam</em></span> <span class='ocrx_word' id='word_1_71' title='bbox 357 713 454 752; x_wconf 90' lang='lat' dir='ltr'><em>eloqui</em></span> <span class='ocrx_word' id='word_1_72' title='bbox 472 712 830 753; x_wconf 83' lang='lat' dir='ltr'><em>perfectiores.Eloquitur</em></span> <span class='ocrx_word' id='word_1_73' title='bbox 841 718 937 743; x_wconf 85' lang='lat' dir='ltr'><em>autem</em></span> <span class='ocrx_word' id='word_1_74' title='bbox 948 721 1006 744; x_wconf 90' lang='lat' dir='ltr'><em>non</em></span> 
     </span>
    </p>
   </div>
   <div class='ocr_carea' id='block_1_14' title="bbox 187 757 1005 798">
    <p class='ocr_par' dir='ltr' id='par_1_14' title="bbox 187 757 1005 798">
     <span class='ocr_line' id='line_1_14' title="bbox 187 757 1005 798; baseline -0.001 -10"><span class='ocrx_word' id='word_1_75' title='bbox 187 766 223 788; x_wconf 90' lang='lat' dir='ltr'><em>eo</em></span> <span class='ocrx_word' id='word_1_76' title='bbox 235 757 323 788; x_wconf 88' lang='lat' dir='ltr'><em>modo</em></span> <span class='ocrx_word' id='word_1_77' title='bbox 341 767 398 798; x_wconf 90' lang='lat' dir='ltr'><em>quo</em></span> <span class='ocrx_word' id='word_1_78' title='bbox 414 757 495 797; x_wconf 84' lang='lat' dir='ltr'><em>prius</em></span> <span class='ocrx_word' id='word_1_79' title='bbox 510 757 622 788; x_wconf 77' lang='lat' dir='ltr'><em>vocavit</em></span> <span class='ocrx_word' id='word_1_80' title='bbox 637 757 782 796; x_wconf 86' lang='lat' dir='ltr'><em>perfectos</em></span> <span class='ocrx_word' id='word_1_81' title='bbox 801 767 808 787; x_wconf 85' lang='lat'><strong><em>:</em></strong></span> <span class='ocrx_word' id='word_1_82' title='bbox 822 767 916 798; x_wconf 86' lang='lat' dir='ltr'><em>neque</em></span> <span class='ocrx_word' id='word_1_83' title='bbox 927 758 1005 788; x_wconf 88' lang='lat' dir='ltr'><em>enim</em></span> 
     </span>
    </p>
   </div>
   <div class='ocr_carea' id='block_1_15' title="bbox 189 801 1008 842">
    <p class='ocr_par' dir='ltr' id='par_1_15' title="bbox 189 801 1008 842">
     <span class='ocr_line' id='line_1_15' title="bbox 189 801 1008 842; baseline 0 -9"><span class='ocrx_word' id='word_1_84' title='bbox 189 802 293 833; x_wconf 86' lang='lat' dir='ltr'><em>audire</em></span> <span class='ocrx_word' id='word_1_85' title='bbox 309 805 453 842; x_wconf 82' lang='lat' dir='ltr'><em>poterant,</em></span> <span class='ocrx_word' id='word_1_86' title='bbox 470 802 521 832; x_wconf 88' lang='lat' dir='ltr'><em>sed</em></span> <span class='ocrx_word' id='word_1_87' title='bbox 546 801 602 832; x_wconf 88' lang='lat' dir='ltr'><em>alio</em></span> <span class='ocrx_word' id='word_1_88' title='bbox 628 802 715 832; x_wconf 91' lang='lat' dir='ltr'><em>modo</em></span> <span class='ocrx_word' id='word_1_89' title='bbox 731 806 825 832; x_wconf 88' lang='lat' dir='ltr'><em>astute</em></span> <span class='ocrx_word' id='word_1_90' title='bbox 836 802 1008 842; x_wconf 80' lang='lat' dir='ltr'><em>aggreditur</em></span> 
     </span>
    </p>
   </div>
   <div class='ocr_carea' id='block_1_16' title="bbox 185 846 1004 886">
    <p class='ocr_par' dir='ltr' id='par_1_16' title="bbox 185 846 1004 886">
     <span class='ocr_line' id='line_1_16' title="bbox 185 846 1004 886; baseline -0.002 -8"><span class='ocrx_word' id='word_1_91' title='bbox 185 856 367 883; x_wconf 85' lang='lat' dir='ltr'><em>sermonem,</em></span> <span class='ocrx_word' id='word_1_92' title='bbox 383 855 490 877; x_wconf 85' lang='lat' dir='ltr'><em>vocans</em></span> <span class='ocrx_word' id='word_1_93' title='bbox 506 846 627 886; x_wconf 88' lang='lat' dir='ltr'><em>quidem</em></span> <span class='ocrx_word' id='word_1_94' title='bbox 644 846 821 886; x_wconf 82' lang='lat' dir='ltr'><em>principium</em></span> <span class='ocrx_word' id='word_1_95' title='bbox 850 846 1004 886; x_wconf 88' lang='lat' dir='ltr'><em>baptisma,</em></span> 
     </span>
    </p>
   </div>
   <div class='ocr_carea' id='block_1_17' title="bbox 754 154 1313 189">
    <p class='ocr_par' dir='ltr' id='par_1_17' title="bbox 754 154 1313 189">
     <span class='ocr_line' id='line_1_17' title="bbox 754 154 1313 189; baseline 0.004 -2"><span class='ocrx_word' id='word_1_96' title='bbox 754 155 959 188; x_wconf 75' lang='lat' dir='ltr'><em>(ECUMENII</em></span> <span class='ocrx_word' id='word_1_97' title='bbox 981 154 1128 187; x_wconf 69' lang='lat' dir='ltr'><em>TRICCE</em></span> <span class='ocrx_word' id='word_1_98' title='bbox 1146 156 1313 189; x_wconf 84' lang='lat' dir='ltr'><em>EPISCOPI</em></span> 
     </span>
    </p>
   </div>
   <div class='ocr_carea' id='block_1_18' title="bbox 1819 151 1883 187">
    <p class='ocr_par' dir='ltr' id='par_1_18' title="bbox 1819 151 1883 187">
     <span class='ocr_line' id='line_1_18' title="bbox 1819 151 1883 187; baseline -0.063 0"><span class='ocrx_word' id='word_1_99' title='bbox 1819 151 1883 187; x_wconf 78' lang='lat'><em>332</em></span> 
     </span>
    </p>
   </div>
   <div class='ocr_carea' id='block_1_19' title="bbox 1095 222 1878 265">
    <p class='ocr_par' dir='ltr' id='par_1_19' title="bbox 1095 222 1878 265">
     <span class='ocr_line' id='line_1_19' title="bbox 1095 222 1878 265; baseline -0.001 -15"><span class='ocrx_word' id='word_1_100' title='bbox 1095 233 1106 250; x_wconf 82' lang='grc' dir='ltr'><em>α</em></span> <span class='ocrx_word' id='word_1_101' title='bbox 1126 224 1172 251; x_wconf 80' lang='grc' dir='ltr'>Διὸ</span> <span class='ocrx_word' id='word_1_102' title='bbox 1195 223 1301 263; x_wconf 75' lang='grc' dir='ltr'><em>ἀφέντες</em></span> <span class='ocrx_word' id='word_1_103' title='bbox 1323 225 1368 252; x_wconf 75' lang='grc' dir='ltr'>τὸν</span> <span class='ocrx_word' id='word_1_104' title='bbox 1390 227 1439 258; x_wconf 82' lang='grc' dir='ltr'>τῆς</span> <span class='ocrx_word' id='word_1_105' title='bbox 1468 225 1557 265; x_wconf 78' lang='grc' dir='ltr'>ἀρχῆς</span> <span class='ocrx_word' id='word_1_106' title='bbox 1584 228 1631 253; x_wconf 85' lang='grc' dir='ltr'><em>τοῦ</em></span> <span class='ocrx_word' id='word_1_107' title='bbox 1659 227 1771 263; x_wconf 72' lang='grc' dir='ltr'>Χριστοῦ</span> <span class='ocrx_word' id='word_1_108' title='bbox 1783 222 1878 260; x_wconf 86' lang='grc' dir='ltr'>λόγον,</span> 
     </span>
    </p>
   </div>
   <div class='ocr_carea' id='block_1_20' title="bbox 1055 266 1878 309">
    <p class='ocr_par' dir='ltr' id='par_1_20' title="bbox 1055 266 1878 309">
     <span class='ocr_line' id='line_1_20' title="bbox 1055 266 1878 309; baseline -0.001 -15"><span class='ocrx_word' id='word_1_109' title='bbox 1055 266 1097 294; x_wconf 79' lang='grc' dir='ltr'><em>ἐπὶ</em></span> <span class='ocrx_word' id='word_1_110' title='bbox 1125 267 1174 301; x_wconf 74' lang='grc' dir='ltr'>τὴν</span> <span class='ocrx_word' id='word_1_111' title='bbox 1209 268 1363 302; x_wconf 80' lang='grc' dir='ltr'><em>τελειότητα</em></span> <span class='ocrx_word' id='word_1_112' title='bbox 1399 269 1547 309; x_wconf 77' lang='grc' dir='ltr'><em>φερώμεθα,</em></span> <span class='ocrx_word' id='word_1_113' title='bbox 1581 270 1620 307; x_wconf 82' lang='grc' dir='ltr'>μὴ</span> <span class='ocrx_word' id='word_1_114' title='bbox 1651 268 1730 297; x_wconf 79' lang='grc' dir='ltr'>πάλιν</span> <span class='ocrx_word' id='word_1_115' title='bbox 1754 266 1878 304; x_wconf 77' lang='grc' dir='ltr'><em>θεμέλιον</em></span> 
     </span>
    </p>
   </div>
   <div class='ocr_carea' id='block_1_21' title="bbox 1053 310 1878 351">
    <p class='ocr_par' dir='ltr' id='par_1_21' title="bbox 1053 310 1878 351">
     <span class='ocr_line' id='line_1_21' title="bbox 1053 310 1878 351; baseline 0 -13"><span class='ocrx_word' id='word_1_116' title='bbox 1053 310 1280 349; x_wconf 81' lang='grc' dir='ltr'>καταϐαλλόμενοι</span> <span class='ocrx_word' id='word_1_117' title='bbox 1321 314 1472 350; x_wconf 79' lang='grc' dir='ltr'><em>μετανοίας,</em></span> <span class='ocrx_word' id='word_1_118' title='bbox 1525 314 1577 342; x_wconf 81' lang='grc' dir='ltr'>ἀπὸ</span> <span class='ocrx_word' id='word_1_119' title='bbox 1630 316 1728 351; x_wconf 80' lang='grc' dir='ltr'>νεκρῶν</span> <span class='ocrx_word' id='word_1_120' title='bbox 1777 311 1878 350; x_wconf 75' lang='grc' dir='ltr'>ἔργων,</span> 
     </span>
    </p>
   </div>
   <div class='ocr_carea' id='block_1_22' title="bbox 1054 355 1877 397">
    <p class='ocr_par' dir='ltr' id='par_1_22' title="bbox 1054 355 1877 397">
     <span class='ocr_line' id='line_1_22' title="bbox 1054 355 1877 397; baseline -0.001 -14"><span class='ocrx_word' id='word_1_121' title='bbox 1054 356 1095 383; x_wconf 84' lang='grc' dir='ltr'>καὶ</span> <span class='ocrx_word' id='word_1_122' title='bbox 1124 357 1235 388; x_wconf 77' lang='grc' dir='ltr'>πίστεως</span> <span class='ocrx_word' id='word_1_123' title='bbox 1263 357 1305 385; x_wconf 80' lang='grc' dir='ltr'>ἐπὶ</span> <span class='ocrx_word' id='word_1_124' title='bbox 1341 358 1417 397; x_wconf 79' lang='grc' dir='ltr'>Θεὸν,</span> <span class='ocrx_word' id='word_1_125' title='bbox 1462 359 1629 396; x_wconf 70' lang='grc' dir='ltr'><em>βαπτισμῶν,</em></span> <span class='ocrx_word' id='word_1_126' title='bbox 1660 356 1781 396; x_wconf 66' lang='grc' dir='ltr'>διδαχῆς,</span> <span class='ocrx_word' id='word_1_127' title='bbox 1811 355 1877 383; x_wconf 79' lang='grc' dir='ltr'>ἐπι-</span> 
     </span>
    </p>
   </div>
   <div class='ocr_carea' id='block_1_23' title="bbox 1052 399 1879 441">
    <p class='ocr_par' dir='ltr' id='par_1_23' title="bbox 1052 399 1879 441">
     <span class='ocr_line' id='line_1_23' title="bbox 1052 399 1879 441; baseline 0 -14"><span class='ocrx_word' id='word_1_128' title='bbox 1052 399 1147 432; x_wconf 75' lang='grc' dir='ltr'>θέσεώς</span> <span class='ocrx_word' id='word_1_129' title='bbox 1189 411 1217 428; x_wconf 82' lang='grc' dir='ltr'><em>τε</em></span> <span class='ocrx_word' id='word_1_130' title='bbox 1250 405 1360 441; x_wconf 79' lang='grc' dir='ltr'>χειρῶν,</span> <span class='ocrx_word' id='word_1_131' title='bbox 1403 402 1570 433; x_wconf 74' lang='grc' dir='ltr'>ὰναστάσεώς</span> <span class='ocrx_word' id='word_1_132' title='bbox 1612 413 1640 429; x_wconf 91' lang='grc' dir='ltr'><em>τε</em></span> <span class='ocrx_word' id='word_1_133' title='bbox 1676 404 1784 440; x_wconf 82' lang='grc' dir='ltr'>νεκρῶν,</span> <span class='ocrx_word' id='word_1_134' title='bbox 1831 400 1879 427; x_wconf 79' lang='grc' dir='ltr'><em>καὶ</em></span> 
     </span>
    </p>
   </div>
   <div class='ocr_carea' id='block_1_24' title="bbox 1051 444 1878 484">
    <p class='ocr_par' dir='ltr' id='par_1_24' title="bbox 1051 444 1878 484">
     <span class='ocr_line' id='line_1_24' title="bbox 1051 444 1878 484; baseline 0 -13"><span class='ocrx_word' id='word_1_135' title='bbox 1051 445 1176 483; x_wconf 81' lang='grc' dir='ltr'>κρίματος</span> <span class='ocrx_word' id='word_1_136' title='bbox 1191 446 1304 477; x_wconf 81' lang='grc' dir='ltr'>αἰωνίου,</span> <span class='ocrx_word' id='word_1_137' title='bbox 1319 446 1367 475; x_wconf 83' lang='grc' dir='ltr'><em>Καὶ</em></span> <span class='ocrx_word' id='word_1_138' title='bbox 1381 450 1457 474; x_wconf 74' lang='grc' dir='ltr'>τοῦτο</span> <span class='ocrx_word' id='word_1_139' title='bbox 1465 447 1622 484; x_wconf 76' lang='grc' dir='ltr'>ποιήσομεν,</span> <span class='ocrx_word' id='word_1_140' title='bbox 1636 446 1730 484; x_wconf 77' lang='grc' dir='ltr'>ἐάνπερ</span> <span class='ocrx_word' id='word_1_141' title='bbox 1741 444 1878 483; x_wconf 78' lang='grc' dir='ltr'>ἐπιτρέπει</span> 
     </span>
    </p>
   </div>
   <div class='ocr_carea' id='block_1_25' title="bbox 1051 489 1194 521">
    <p class='ocr_par' dir='ltr' id='par_1_25' title="bbox 1051 489 1194 521">
     <span class='ocr_line' id='line_1_25' title="bbox 1051 489 1194 521; baseline 0.014 -5"><span class='ocrx_word' id='word_1_142' title='bbox 1051 490 1064 516; x_wconf 81' lang='grc' dir='ltr'>ὁ</span> <span class='ocrx_word' id='word_1_143' title='bbox 1087 489 1162 521; x_wconf 78' lang='grc' dir='ltr'>θεός.</span> <span class='ocrx_word' id='word_1_144' title='bbox 1183 500 1194 518; x_wconf 73' lang='grc' dir='ltr'>ι</span> 
     </span>
    </p>
   </div>
   <div class='ocr_carea' id='block_1_26' title="bbox 1092 528 1877 575">
    <p class='ocr_par' dir='ltr' id='par_1_26' title="bbox 1092 528 1877 575">
     <span class='ocr_line' id='line_1_26' title="bbox 1092 528 1877 575; baseline 0 -14"><span class='ocrx_word' id='word_1_145' title='bbox 1092 528 1169 561; x_wconf 81' lang='grc' dir='ltr'><em>”Ανω</em></span> <span class='ocrx_word' id='word_1_146' title='bbox 1198 535 1278 562; x_wconf 78' lang='grc' dir='ltr'>εἰπὼν</span> <span class='ocrx_word' id='word_1_147' title='bbox 1306 535 1395 574; x_wconf 75' lang='grc' dir='ltr'>ἀρχὴν</span> <span class='ocrx_word' id='word_1_148' title='bbox 1423 535 1482 568; x_wconf 77' lang='grc' dir='ltr'>τοὺς</span> <span class='ocrx_word' id='word_1_149' title='bbox 1518 535 1575 575; x_wconf 86' lang='grc' dir='ltr'>περὶ</span> <span class='ocrx_word' id='word_1_150' title='bbox 1597 535 1799 574; x_wconf 64' lang='grc' dir='ltr'>ἂνθρωπόττιτος</span> <span class='ocrx_word' id='word_1_151' title='bbox 1827 537 1877 561; x_wconf 71' lang='grc' dir='ltr'><em>τοῦ</em></span> 
     </span>
    </p>
   </div>
   <div class='ocr_carea' id='block_1_27' title="bbox 1051 577 1876 618">
    <p class='ocr_par' dir='ltr' id='par_1_27' title="bbox 1051 577 1876 618">
     <span class='ocr_line' id='line_1_27' title="bbox 1051 577 1876 618; baseline 0.002 -14"><span class='ocrx_word' id='word_1_152' title='bbox 1051 577 1142 616; x_wconf 77' lang='grc' dir='ltr'>Κυρίου</span> <span class='ocrx_word' id='word_1_153' title='bbox 1167 577 1272 616; x_wconf 74' lang='grc' dir='ltr'>λόγους,</span> <span class='ocrx_word' id='word_1_154' title='bbox 1307 578 1463 612; x_wconf 79' lang='grc' dir='ltr'>τελειότητα</span> <span class='ocrx_word' id='word_1_155' title='bbox 1490 578 1516 606; x_wconf 80' lang='grc' dir='ltr'>δὲ</span> <span class='ocrx_word' id='word_1_156' title='bbox 1559 580 1619 611; x_wconf 80' lang='grc' dir='ltr'>τοὺς</span> <span class='ocrx_word' id='word_1_157' title='bbox 1646 579 1705 618; x_wconf 81' lang='grc' dir='ltr'>περὶ</span> <span class='ocrx_word' id='word_1_158' title='bbox 1732 578 1876 612; x_wconf 79' lang='grc' dir='ltr'>θεότητος,</span> 
     </span>
    </p>
   </div>
   <div class='ocr_carea' id='block_1_28' title="bbox 1048 621 1876 661">
    <p class='ocr_par' dir='ltr' id='par_1_28' title="bbox 1048 621 1876 661">
     <span class='ocr_line' id='line_1_28' title="bbox 1048 621 1876 661; baseline 0.004 -14"><span class='ocrx_word' id='word_1_159' title='bbox 1048 621 1093 648; x_wconf 60' lang='grc' dir='ltr'>ἵνα</span> <span class='ocrx_word' id='word_1_160' title='bbox 1109 622 1146 658; x_wconf 75' lang='grc' dir='ltr'>μὴ</span> <span class='ocrx_word' id='word_1_161' title='bbox 1161 621 1328 659; x_wconf 82' lang='grc' dir='ltr'>ἆδημονῶσιν</span> <span class='ocrx_word' id='word_1_162' title='bbox 1343 625 1424 660; x_wconf 70' lang='grc' dir='ltr'>οὗτοι,</span> <span class='ocrx_word' id='word_1_163' title='bbox 1456 624 1492 656; x_wconf 79' lang='grc' dir='ltr'><em>ὡς</em></span> <span class='ocrx_word' id='word_1_164' title='bbox 1517 624 1555 661; x_wconf 75' lang='grc' dir='ltr'><em>μὴ</em></span> <span class='ocrx_word' id='word_1_165' title='bbox 1570 623 1717 661; x_wconf 63' lang='grc' dir='ltr'>ἀξιούμενοι</span> <span class='ocrx_word' id='word_1_166' title='bbox 1747 625 1800 650; x_wconf 79' lang='grc' dir='ltr'>τῶν</span> <span class='ocrx_word' id='word_1_167' title='bbox 1825 633 1876 650; x_wconf 86' lang='grc' dir='ltr'>τε-</span> 
     </span>
    </p>
   </div>
   <div class='ocr_carea' id='block_1_29' title="bbox 1048 664 1878 707">
    <p class='ocr_par' dir='ltr' id='par_1_29' title="bbox 1048 664 1878 707">
     <span class='ocr_line' id='line_1_29' title="bbox 1048 664 1878 707; baseline 0.002 -15"><span class='ocrx_word' id='word_1_168' title='bbox 1048 664 1185 705; x_wconf 80' lang='grc' dir='ltr'>λειοτὲρων</span> <span class='ocrx_word' id='word_1_169' title='bbox 1210 666 1306 705; x_wconf 77' lang='grc' dir='ltr'>λόγων,</span> <span class='ocrx_word' id='word_1_170' title='bbox 1330 667 1416 706; x_wconf 77' lang='grc' dir='ltr'>λέγειν</span> <span class='ocrx_word' id='word_1_171' title='bbox 1438 669 1497 701; x_wconf 79' lang='grc' dir='ltr'>τοὺς</span> <span class='ocrx_word' id='word_1_172' title='bbox 1517 667 1633 700; x_wconf 61' lang='grc' dir='ltr'>τελείους</span> <span class='ocrx_word' id='word_1_173' title='bbox 1662 671 1799 707; x_wconf 82' lang='grc' dir='ltr'>πειρᾶται.</span> <span class='ocrx_word' id='word_1_174' title='bbox 1825 667 1878 694; x_wconf 77' lang='grc' dir='ltr'><em>Λέ-</em></span> 
     </span>
    </p>
   </div>
   <div class='ocr_carea' id='block_1_30' title="bbox 1049 710 1877 751">
    <p class='ocr_par' dir='ltr' id='par_1_30' title="bbox 1049 710 1877 751">
     <span class='ocr_line' id='line_1_30' title="bbox 1049 710 1877 751; baseline 0.002 -14"><span class='ocrx_word' id='word_1_175' title='bbox 1049 721 1089 749; x_wconf 82' lang='grc' dir='ltr'><em>γει</em></span> <span class='ocrx_word' id='word_1_176' title='bbox 1111 710 1150 750; x_wconf 77' lang='grc' dir='ltr'>δὲ,</span> <span class='ocrx_word' id='word_1_177' title='bbox 1173 711 1223 750; x_wconf 64' lang='grc' dir='ltr'><em>οὔχ</em></span> <span class='ocrx_word' id='word_1_178' title='bbox 1245 713 1281 743; x_wconf 81' lang='grc' dir='ltr'><em>ὡς</em></span> <span class='ocrx_word' id='word_1_179' title='bbox 1297 712 1350 740; x_wconf 75' lang='grc' dir='ltr'>ἅνω</span> <span class='ocrx_word' id='word_1_180' title='bbox 1365 712 1479 744; x_wconf 72' lang='grc' dir='ltr'>τελείους</span> <span class='ocrx_word' id='word_1_181' title='bbox 1494 713 1629 749; x_wconf 68' lang='grc' dir='ltr'>ἕκαλεσεν,</span> <span class='ocrx_word' id='word_1_182' title='bbox 1659 713 1697 748; x_wconf 74' lang='grc' dir='ltr'><em>(οὗ</em></span> <span class='ocrx_word' id='word_1_183' title='bbox 1710 713 1760 750; x_wconf 75' lang='grc' dir='ltr'><em>γὰρ</em></span> <span class='ocrx_word' id='word_1_184' title='bbox 1774 712 1877 751; x_wconf 77' lang='grc' dir='ltr'>ἴσχυον</span> 
     </span>
    </p>
   </div>
   <div class='ocr_carea' id='block_1_31' title="bbox 1047 755 1876 796">
    <p class='ocr_par' dir='ltr' id='par_1_31' title="bbox 1047 755 1876 796">
     <span class='ocr_line' id='line_1_31' title="bbox 1047 755 1876 796; baseline 0.018 -14"><span class='ocrx_word' id='word_1_185' title='bbox 1047 755 1170 793; x_wconf 72' lang='grc' dir='ltr'>ἀκοῦσαι)</span> <span class='ocrx_word' id='word_1_186' title='bbox 1186 766 1194 774; x_wconf 92' lang='grc'><strong>·</strong></span> <span class='ocrx_word' id='word_1_187' title='bbox 1231 755 1290 784; x_wconf 79' lang='grc' dir='ltr'>ἀλλ’</span> <span class='ocrx_word' id='word_1_188' title='bbox 1314 757 1409 796; x_wconf 76' lang='grc' dir='ltr'>ἑτέρως</span> <span class='ocrx_word' id='word_1_189' title='bbox 1435 757 1567 794; x_wconf 70' lang='grc' dir='ltr'>μεθοδεῦει</span> <span class='ocrx_word' id='word_1_190' title='bbox 1589 759 1633 786; x_wconf 66' lang='grc' dir='ltr'><em>τὸν</em></span> <span class='ocrx_word' id='word_1_191' title='bbox 1669 757 1760 796; x_wconf 77' lang='grc' dir='ltr'>λόγον,</span> <span class='ocrx_word' id='word_1_192' title='bbox 1783 757 1876 796; x_wconf 64' lang='grc' dir='ltr'>ἀρχὴν</span> 
     </span>
    </p>
   </div>
   <div class='ocr_carea' id='block_1_32' title="bbox 1048 800 1875 841">
    <p class='ocr_par' dir='ltr' id='par_1_32' title="bbox 1048 800 1875 841">
     <span class='ocr_line' id='line_1_32' title="bbox 1048 800 1875 841; baseline 0.002 -15"><span class='ocrx_word' id='word_1_193' title='bbox 1048 800 1093 836; x_wconf 75' lang='grc' dir='ltr'>μὲν</span> <span class='ocrx_word' id='word_1_194' title='bbox 1109 800 1138 827; x_wconf 69' lang='grc' dir='ltr'><em>τὸ</em></span> <span class='ocrx_word' id='word_1_195' title='bbox 1154 801 1291 838; x_wconf 67' lang='grc' dir='ltr'>βάπτισμα</span> <span class='ocrx_word' id='word_1_196' title='bbox 1304 801 1407 841; x_wconf 83' lang='grc' dir='ltr'>καλῶν,</span> <span class='ocrx_word' id='word_1_197' title='bbox 1424 803 1467 830; x_wconf 86' lang='grc' dir='ltr'><em>καὶ</em></span> <span class='ocrx_word' id='word_1_198' title='bbox 1483 802 1532 835; x_wconf 72' lang='grc' dir='ltr'>τὴν</span> <span class='ocrx_word' id='word_1_199' title='bbox 1547 803 1573 830; x_wconf 81' lang='grc' dir='ltr'>ἐν</span> <span class='ocrx_word' id='word_1_200' title='bbox 1590 804 1660 838; x_wconf 71' lang='grc' dir='ltr'>αὒτῷ</span> <span class='ocrx_word' id='word_1_201' title='bbox 1690 802 1743 829; x_wconf 76' lang='grc' dir='ltr'>τῶν</span> <span class='ocrx_word' id='word_1_202' title='bbox 1771 804 1875 840; x_wconf 78' lang='grc' dir='ltr'>χειρῶν</span> 
     </span>
    </p>
   </div>
   <div class='ocr_carea' id='block_1_33' title="bbox 1048 844 1876 886">
    <p class='ocr_par' dir='ltr' id='par_1_33' title="bbox 1048 844 1876 886">
     <span class='ocr_line' id='line_1_33' title="bbox 1048 844 1876 886; baseline 0.002 -15"><span class='ocrx_word' id='word_1_203' title='bbox 1048 844 1163 872; x_wconf 62' lang='grc' dir='ltr'>ἐπίθεσιν</span> <span class='ocrx_word' id='word_1_204' title='bbox 1178 846 1221 872; x_wconf 86' lang='grc' dir='ltr'><em>καὶ</em></span> <span class='ocrx_word' id='word_1_205' title='bbox 1237 845 1368 885; x_wconf 69' lang='grc' dir='ltr'>σφραγῖδα</span> <span class='ocrx_word' id='word_1_206' title='bbox 1385 854 1391 860; x_wconf 93' lang='grc'><strong>·</strong></span> <span class='ocrx_word' id='word_1_207' title='bbox 1422 846 1576 880; x_wconf 80' lang='grc' dir='ltr'>τελειότητα</span> <span class='ocrx_word' id='word_1_208' title='bbox 1605 846 1643 886; x_wconf 63' lang='grc' dir='ltr'>δὲ,</span> <span class='ocrx_word' id='word_1_209' title='bbox 1675 847 1724 879; x_wconf 77' lang='grc' dir='ltr'><em>τὴν</em></span> <span class='ocrx_word' id='word_1_210' title='bbox 1737 845 1770 873; x_wconf 75' lang='grc' dir='ltr'>δι’</span> <span class='ocrx_word' id='word_1_211' title='bbox 1788 846 1876 885; x_wconf 71' lang='grc' dir='ltr'>ἔργων</span> 
     </span>
    </p>
   </div>
   <div class='ocr_carea' id='block_1_34' title="bbox 185 888 1008 931">
    <p class='ocr_par' dir='ltr' id='par_1_34' title="bbox 185 890 1008 931">
     <span class='ocr_line' id='line_1_34' title="bbox 185 890 1008 931; baseline -0.002 -9"><span class='ocrx_word' id='word_1_212' title='bbox 185 892 286 922; x_wconf 65' lang='lat' dir='ltr'><em>554a</em></span> <span class='ocrx_word' id='word_1_213' title='bbox 303 900 442 922; x_wconf 90' lang='lat' dir='ltr'><em>manuum</em></span> <span class='ocrx_word' id='word_1_214' title='bbox 460 890 680 930; x_wconf 87' lang='lat' dir='ltr'><em>impositionem</em></span> <span class='ocrx_word' id='word_1_215' title='bbox 691 900 724 920; x_wconf 89' lang='lat' dir='ltr'><em>ac</em></span> <span class='ocrx_word' id='word_1_216' title='bbox 736 890 930 929; x_wconf 73' lang='lat' dir='ltr'><em>signaculum,</em></span> <span class='ocrx_word' id='word_1_217' title='bbox 943 900 1008 931; x_wconf 60' lang='lat' dir='ltr'><em>quae</em></span> 
     </span>
    </p>
   </div>
   <div class='ocr_carea' id='block_1_35' title="bbox 1093 888 1875 931">
    <p class='ocr_par' dir='ltr' id='par_1_35' title="bbox 1096 890 1875 931">
     <span class='ocr_line' id='line_1_35' title="bbox 1096 890 1875 931; baseline 0.001 -15"><span class='ocrx_word' id='word_1_218' title='bbox 1096 890 1213 928; x_wconf 75' lang='grc' dir='ltr'>οσοφίαν.</span> <span class='ocrx_word' id='word_1_219' title='bbox 1238 891 1411 928; x_wconf 81' lang='grc' dir='ltr'>Παρακατιὼν</span> <span class='ocrx_word' id='word_1_220' title='bbox 1435 890 1461 918; x_wconf 75' lang='grc' dir='ltr'>δὲ</span> <span class='ocrx_word' id='word_1_221' title='bbox 1491 891 1649 931; x_wconf 78' lang='grc' dir='ltr'>σαφέστερον</span> <span class='ocrx_word' id='word_1_222' title='bbox 1683 890 1754 928; x_wconf 76' lang='grc' dir='ltr'>λέγει</span> <span class='ocrx_word' id='word_1_223' title='bbox 1786 891 1826 922; x_wconf 72' lang='grc' dir='ltr'><em>τίς</em></span> <span class='ocrx_word' id='word_1_224' title='bbox 1858 891 1875 923; x_wconf 75' lang='grc' dir='ltr'>ᾗ</span> 
     </span>
    </p>
   </div>
   <div class='ocr_carea' id='block_1_36' title="bbox 184 935 1007 975">
    <p class='ocr_par' dir='ltr' id='par_1_36' title="bbox 184 935 1007 975">
     <span class='ocr_line' id='line_1_36' title="bbox 184 935 1007 975; baseline -0.002 -9"><span class='ocrx_word' id='word_1_225' title='bbox 184 937 265 967; x_wconf 85' lang='lat' dir='ltr'><em>ineo</em></span> <span class='ocrx_word' id='word_1_226' title='bbox 293 940 385 966; x_wconf 89' lang='lat' dir='ltr'><em>sunt:</em></span> <span class='ocrx_word' id='word_1_227' title='bbox 416 935 627 975; x_wconf 82' lang='lat' dir='ltr'><em>perfectionem</em></span> <span class='ocrx_word' id='word_1_228' title='bbox 653 944 734 974; x_wconf 85' lang='lat' dir='ltr'><em>vero,</em></span> <span class='ocrx_word' id='word_1_229' title='bbox 762 935 924 966; x_wconf 79' lang='lat' dir='ltr'><em>doctrinam</em></span> <span class='ocrx_word' id='word_1_230' title='bbox 954 945 1007 975; x_wconf 83' lang='lat' dir='ltr'><em>per</em></span> 
     </span>
    </p>
   </div>
   <div class='ocr_carea' id='block_1_37' title="bbox 184 979 1007 1021">
    <p class='ocr_par' dir='ltr' id='par_1_37' title="bbox 184 979 1007 1021">
     <span class='ocr_line' id='line_1_37' title="bbox 184 979 1007 1021; baseline -0.002 -10"><span class='ocrx_word' id='word_1_231' title='bbox 184 989 285 1021; x_wconf 86' lang='lat' dir='ltr'><em>opera.</em></span> <span class='ocrx_word' id='word_1_232' title='bbox 301 981 332 1010; x_wconf 87' lang='lat' dir='ltr'><em>In</em></span> <span class='ocrx_word' id='word_1_233' title='bbox 345 989 501 1020; x_wconf 82' lang='lat' dir='ltr'><em>progressu</em></span> <span class='ocrx_word' id='word_1_234' title='bbox 517 984 614 1010; x_wconf 81' lang='lat' dir='ltr'><em>autem</em></span> <span class='ocrx_word' id='word_1_235' title='bbox 645 979 828 1009; x_wconf 79' lang='lat' dir='ltr'><em>manifestius</em></span> <span class='ocrx_word' id='word_1_236' title='bbox 843 980 914 1010; x_wconf 87' lang='lat' dir='ltr'><em>dicit</em></span> <span class='ocrx_word' id='word_1_237' title='bbox 929 980 1007 1019; x_wconf 88' lang='lat' dir='ltr'><em>quod</em></span> 
     </span>
    </p>
   </div>
   <div class='ocr_carea' id='block_1_38' title="bbox 186 1024 1009 1064">
    <p class='ocr_par' dir='ltr' id='par_1_38' title="bbox 186 1024 1009 1064">
     <span class='ocr_line' id='line_1_38' title="bbox 186 1024 1009 1064; baseline -0.001 -8"><span class='ocrx_word' id='word_1_238' title='bbox 186 1024 225 1056; x_wconf 87' lang='lat' dir='ltr'><em>sit</em></span> <span class='ocrx_word' id='word_1_239' title='bbox 240 1025 355 1055; x_wconf 88' lang='lat' dir='ltr'><em>initium</em></span> <span class='ocrx_word' id='word_1_240' title='bbox 371 1024 402 1054; x_wconf 89' lang='lat' dir='ltr'><em>in</em></span> <span class='ocrx_word' id='word_1_241' title='bbox 417 1024 462 1055; x_wconf 90' lang='lat' dir='ltr'><em>his</em></span> <span class='ocrx_word' id='word_1_242' title='bbox 492 1024 541 1064; x_wconf 90' lang='lat' dir='ltr'><em>qui</em></span> <span class='ocrx_word' id='word_1_243' title='bbox 558 1024 646 1055; x_wconf 89' lang='lat' dir='ltr'><em>modo</em></span> <span class='ocrx_word' id='word_1_244' title='bbox 667 1024 802 1064; x_wconf 82' lang='lat' dir='ltr'><em>credunt,</em></span> <span class='ocrx_word' id='word_1_245' title='bbox 821 1029 849 1055; x_wconf 89' lang='lat' dir='ltr'><em>et</em></span> <span class='ocrx_word' id='word_1_246' title='bbox 863 1034 928 1064; x_wconf 70' lang='lat' dir='ltr'><em>qua:</em></span> <span class='ocrx_word' id='word_1_247' title='bbox 944 1034 1009 1064; x_wconf 88' lang='lat' dir='ltr'><em>per-</em></span> 
     </span>
    </p>
   </div>
   <div class='ocr_carea' id='block_1_39' title="bbox 185 1068 1010 1109">
    <p class='ocr_par' dir='ltr' id='par_1_39' title="bbox 185 1068 1010 1109">
     <span class='ocr_line' id='line_1_39' title="bbox 185 1068 1010 1109; baseline 0 -10"><span class='ocrx_word' id='word_1_248' title='bbox 185 1068 469 1100; x_wconf 87' lang='lat' dir='ltr'><em>fectio.Consecutio</em></span> <span class='ocrx_word' id='word_1_249' title='bbox 476 1068 669 1099; x_wconf 83' lang='lat' dir='ltr'><em>ordinationis</em></span> <span class='ocrx_word' id='word_1_250' title='bbox 678 1068 1010 1109; x_wconf 49' lang='lat' dir='ltr'><em>&quot;match-Quapropter</em></span> 
     </span>
    </p>
   </div>
   <div class='ocr_carea' id='block_1_40' title="bbox 186 1112 1006 1152">
    <p class='ocr_par' dir='ltr' id='par_1_40' title="bbox 186 1112 1006 1152">
     <span class='ocr_line' id='line_1_40' title="bbox 186 1112 1006 1152; baseline -0.001 -8"><span class='ocrx_word' id='word_1_251' title='bbox 186 1114 296 1144; x_wconf 91' lang='lat' dir='ltr'><em>omisso</em></span> <span class='ocrx_word' id='word_1_252' title='bbox 314 1122 452 1144; x_wconf 89' lang='lat' dir='ltr'><em>sermone</em></span> <span class='ocrx_word' id='word_1_253' title='bbox 464 1113 525 1144; x_wconf 88' lang='lat' dir='ltr'><em>sive</em></span> <span class='ocrx_word' id='word_1_254' title='bbox 537 1113 675 1152; x_wconf 84' lang='lat' dir='ltr'><em>dogmate</em></span> <span class='ocrx_word' id='word_1_255' title='bbox 685 1113 750 1143; x_wconf 88' lang='lat' dir='ltr'><em>initi</em></span> <span class='ocrx_word' id='word_1_256' title='bbox 761 1113 795 1144; x_wconf 86' lang='lat' dir='ltr'><em>ad</em></span> <span class='ocrx_word' id='word_1_257' title='bbox 808 1112 955 1144; x_wconf 89' lang='lat' dir='ltr'><em>Chrlstum</em></span> <span class='ocrx_word' id='word_1_258' title='bbox 972 1114 1006 1143; x_wconf 90' lang='lat' dir='ltr'><em>ad</em></span> 
     </span>
    </p>
   </div>
   <div class='ocr_carea' id='block_1_41' title="bbox 185 1157 1007 1198">
    <p class='ocr_par' dir='ltr' id='par_1_41' title="bbox 185 1157 1007 1198">
     <span class='ocr_line' id='line_1_41' title="bbox 185 1157 1007 1198; baseline -0.001 -10"><span class='ocrx_word' id='word_1_259' title='bbox 185 1157 400 1198; x_wconf 82' lang='lat' dir='ltr'><em>perfectionem</em></span> <span class='ocrx_word' id='word_1_260' title='bbox 427 1159 573 1198; x_wconf 76' lang='lat' dir='ltr'><em>feramur;</em></span> <span class='ocrx_word' id='word_1_261' title='bbox 591 1161 679 1198; x_wconf 86' lang='lat' dir='ltr'><em>atque</em></span> <span class='ocrx_word' id='word_1_262' title='bbox 695 1157 723 1188; x_wconf 90' lang='lat' dir='ltr'><em>id</em></span> <span class='ocrx_word' id='word_1_263' title='bbox 740 1158 882 1188; x_wconf 87' lang='lat' dir='ltr'><em>faciemus</em></span> <span class='ocrx_word' id='word_1_264' title='bbox 897 1157 922 1188; x_wconf 88' lang='lat' dir='ltr'><em>si</em></span> <span class='ocrx_word' id='word_1_265' title='bbox 939 1158 1007 1197; x_wconf 92' lang='lat' dir='ltr'><em>qui-</em></span> 
     </span>
    </p>
   </div>
   <div class='ocr_carea' id='block_1_42' title="bbox 188 1202 1008 1242">
    <p class='ocr_par' dir='ltr' id='par_1_42' title="bbox 188 1202 1008 1242">
     <span class='ocr_line' id='line_1_42' title="bbox 188 1202 1008 1242; baseline -0.001 -9"><span class='ocrx_word' id='word_1_266' title='bbox 188 1203 254 1233; x_wconf 88' lang='lat' dir='ltr'><em>dem</em></span> <span class='ocrx_word' id='word_1_267' title='bbox 271 1203 441 1242; x_wconf 86' lang='lat' dir='ltr'><em>promiseril</em></span> <span class='ocrx_word' id='word_1_268' title='bbox 453 1202 780 1233; x_wconf 66' lang='lat' dir='ltr'><em>Deus—«Sermonem</em></span> <span class='ocrx_word' id='word_1_269' title='bbox 792 1202 867 1232; x_wconf 89' lang='lat' dir='ltr'><em>initii</em></span> <span class='ocrx_word' id='word_1_270' title='bbox 881 1203 915 1232; x_wconf 88' lang='lat' dir='ltr'><em>ad</em></span> <span class='ocrx_word' id='word_1_271' title='bbox 927 1203 1008 1233; x_wconf 84' lang='lat' dir='ltr'><em>Chri-</em></span> 
     </span>
    </p>
   </div>
   <div class='ocr_carea' id='block_1_43' title="bbox 183 1246 1006 1284">
    <p class='ocr_par' dir='ltr' id='par_1_43' title="bbox 183 1246 1006 1284">
     <span class='ocr_line' id='line_1_43' title="bbox 183 1246 1006 1284; baseline 0 -6"><span class='ocrx_word' id='word_1_272' title='bbox 183 1251 275 1278; x_wconf 89' lang='lat' dir='ltr'><em>stum.</em></span> <span class='ocrx_word' id='word_1_273' title='bbox 297 1260 306 1274; x_wconf 83' lang='grc' dir='ltr'><em>ι</em></span> <span class='ocrx_word' id='word_1_274' title='bbox 326 1246 419 1283; x_wconf 89' lang='lat' dir='ltr'><em>Quem</em></span> <span class='ocrx_word' id='word_1_275' title='bbox 436 1256 605 1277; x_wconf 73' lang='lat' dir='ltr'><em>sermonem</em></span> <span class='ocrx_word' id='word_1_276' title='bbox 618 1247 633 1275; x_wconf 66' lang='lat'><em>‘2</em></span> <span class='ocrx_word' id='word_1_277' title='bbox 657 1246 830 1278; x_wconf 89' lang='lat' dir='ltr'><em>Sermonem</em></span> <span class='ocrx_word' id='word_1_278' title='bbox 853 1247 1006 1284; x_wconf 61' lang='lat' dir='ltr'><em>doctrinae,</em></span> 
     </span>
    </p>
   </div>
   <div class='ocr_carea' id='block_1_44' title="bbox 181 1291 1006 1332">
    <p class='ocr_par' dir='ltr' id='par_1_44' title="bbox 181 1291 1006 1332">
     <span class='ocr_line' id='line_1_44' title="bbox 181 1291 1006 1332; baseline -0.001 -10"><span class='ocrx_word' id='word_1_279' title='bbox 181 1292 259 1332; x_wconf 89' lang='lat' dir='ltr'><em>quod</em></span> <span class='ocrx_word' id='word_1_280' title='bbox 277 1296 413 1332; x_wconf 87' lang='lat' dir='ltr'><em>oporteat</em></span> <span class='ocrx_word' id='word_1_281' title='bbox 428 1291 652 1322; x_wconf 83' lang='lat' dir='ltr'><em>fundamentum</em></span> <span class='ocrx_word' id='word_1_282' title='bbox 667 1292 768 1330; x_wconf 86' lang='lat' dir='ltr'><em>jacere</em></span> <span class='ocrx_word' id='word_1_283' title='bbox 780 1292 959 1331; x_wconf 67' lang='lat' dir='ltr'><em>paenitentiae</em></span> <span class='ocrx_word' id='word_1_284' title='bbox 969 1291 1006 1321; x_wconf 90' lang='lat' dir='ltr'><em>ab</em></span> 
     </span>
    </p>
   </div>
   <div class='ocr_carea' id='block_1_45' title="bbox 182 1335 1005 1376">
    <p class='ocr_par' dir='ltr' id='par_1_45' title="bbox 182 1335 1005 1376">
     <span class='ocr_line' id='line_1_45' title="bbox 182 1335 1005 1376; baseline -0.001 -9"><span class='ocrx_word' id='word_1_285' title='bbox 182 1337 325 1376; x_wconf 89' lang='lat' dir='ltr'><em>operibus</em></span> <span class='ocrx_word' id='word_1_286' title='bbox 338 1336 479 1366; x_wconf 88' lang='lat' dir='ltr'><em>mortuis:</em></span> <span class='ocrx_word' id='word_1_287' title='bbox 493 1345 661 1366; x_wconf 85' lang='lat' dir='ltr'><em>sermonem</em></span> <span class='ocrx_word' id='word_1_288' title='bbox 673 1336 815 1366; x_wconf 70' lang='lat' dir='ltr'><em>doctrina:</em></span> <span class='ocrx_word' id='word_1_289' title='bbox 825 1335 902 1376; x_wconf 89' lang='lat' dir='ltr'><em>quod</em></span> <span class='ocrx_word' id='word_1_290' title='bbox 915 1345 1005 1375; x_wconf 90' lang='lat' dir='ltr'><em>opor-</em></span> 
     </span>
    </p>
   </div>
   <div class='ocr_carea' id='block_1_46' title="bbox 179 1380 1007 1420">
    <p class='ocr_par' dir='ltr' id='par_1_46' title="bbox 179 1380 1007 1420">
     <span class='ocr_line' id='line_1_46' title="bbox 179 1380 1007 1420; baseline 0 -10"><span class='ocrx_word' id='word_1_291' title='bbox 179 1381 368 1411; x_wconf 82' lang='lat' dir='ltr'><em>teatcredere</em></span> <span class='ocrx_word' id='word_1_292' title='bbox 376 1380 680 1410; x_wconf 81' lang='lat' dir='ltr'><em>inDeumzsermonem</em></span> <span class='ocrx_word' id='word_1_293' title='bbox 688 1380 912 1420; x_wconf 86' lang='lat' dir='ltr'><em>doctrinaequod</em></span> <span class='ocrx_word' id='word_1_294' title='bbox 923 1389 1007 1420; x_wconf 89' lang='lat' dir='ltr'><em>opor-</em></span> 
     </span>
    </p>
   </div>
   <div class='ocr_carea' id='block_1_47' title="bbox 181 1424 1004 1465">
    <p class='ocr_par' dir='ltr' id='par_1_47' title="bbox 181 1424 1004 1465">
     <span class='ocr_line' id='line_1_47' title="bbox 181 1424 1004 1465; baseline -0.001 -10"><span class='ocrx_word' id='word_1_295' title='bbox 181 1429 240 1456; x_wconf 85' lang='lat' dir='ltr'><em>teat</em></span> <span class='ocrx_word' id='word_1_296' title='bbox 249 1425 572 1465; x_wconf 81' lang='lat' dir='ltr'><em>baptizarizsermonem</em></span> <span class='ocrx_word' id='word_1_297' title='bbox 581 1425 725 1455; x_wconf 64' lang='lat' dir='ltr'><em>doctrina}</em></span> <span class='ocrx_word' id='word_1_298' title='bbox 731 1425 807 1464; x_wconf 90' lang='lat' dir='ltr'><em>quod</em></span> <span class='ocrx_word' id='word_1_299' title='bbox 816 1429 947 1464; x_wconf 82' lang='lat' dir='ltr'><em>oporteat</em></span> <span class='ocrx_word' id='word_1_300' title='bbox 957 1424 1004 1454; x_wconf 88' lang='lat' dir='ltr'><em>di-</em></span> 
     </span>
    </p>
   </div>
   <div class='ocr_carea' id='block_1_48' title="bbox 183 1469 1007 1510">
    <p class='ocr_par' dir='ltr' id='par_1_48' title="bbox 183 1469 1007 1510">
     <span class='ocr_line' id='line_1_48' title="bbox 183 1469 1007 1510; baseline -0.002 -10"><span class='ocrx_word' id='word_1_301' title='bbox 183 1478 276 1509; x_wconf 80' lang='lat' dir='ltr'><em>gnum</em></span> <span class='ocrx_word' id='word_1_302' title='bbox 292 1479 323 1500; x_wconf 88' lang='lat' dir='ltr'><em>se</em></span> <span class='ocrx_word' id='word_1_303' title='bbox 335 1479 439 1509; x_wconf 77' lang='lat' dir='ltr'><em>gerere</em></span> <span class='ocrx_word' id='word_1_304' title='bbox 451 1469 559 1510; x_wconf 89' lang='lat' dir='ltr'><em>Spiritu</em></span> <span class='ocrx_word' id='word_1_305' title='bbox 568 1473 854 1500; x_wconf 87' lang='lat' dir='ltr'><em>sancto:sermonem</em></span> <span class='ocrx_word' id='word_1_306' title='bbox 865 1469 1007 1499; x_wconf 61' lang='lat' dir='ltr'><em>doctrinae</em></span> 
     </span>
    </p>
   </div>
   <div class='ocr_carea' id='block_1_49' title="bbox 181 1513 1036 1558">
    <p class='ocr_par' dir='ltr' id='par_1_49' title="bbox 181 1513 1036 1558">
     <span class='ocr_line' id='line_1_49' title="bbox 181 1513 1036 1558; baseline 0 -14"><span class='ocrx_word' id='word_1_307' title='bbox 181 1514 258 1554; x_wconf 93' lang='lat' dir='ltr'><em>quod</em></span> <span class='ocrx_word' id='word_1_308' title='bbox 269 1514 365 1545; x_wconf 89' lang='lat' dir='ltr'><em>futura</em></span> <span class='ocrx_word' id='word_1_309' title='bbox 378 1513 604 1544; x_wconf 90' lang='lat' dir='ltr'><em>sitresurrectio</em></span> <span class='ocrx_word' id='word_1_310' title='bbox 615 1522 649 1543; x_wconf 88' lang='lat' dir='ltr'><em>ac</em></span> <span class='ocrx_word' id='word_1_311' title='bbox 663 1513 808 1553; x_wconf 87' lang='lat' dir='ltr'><em>judicium</em></span> <span class='ocrx_word' id='word_1_312' title='bbox 826 1514 1007 1544; x_wconf 86' lang='lat' dir='ltr'><em>Acommuni</em></span> <span class='ocrx_word' id='word_1_313' title='bbox 1017 1535 1036 1558; x_wconf 61' lang='grc' dir='ltr'>α</span> 
     </span>
    </p>
   </div>
   <div class='ocr_carea' id='block_1_50' title="bbox 185 1558 1004 1597">
    <p class='ocr_par' dir='ltr' id='par_1_50' title="bbox 185 1558 1004 1597">
     <span class='ocr_line' id='line_1_50' title="bbox 185 1558 1004 1597; baseline -0.001 -8"><span class='ocrx_word' id='word_1_314' title='bbox 185 1559 264 1589; x_wconf 89' lang='lat' dir='ltr'><em>enim</em></span> <span class='ocrx_word' id='word_1_315' title='bbox 292 1559 445 1589; x_wconf 88' lang='lat' dir='ltr'><em>intellectu</em></span> <span class='ocrx_word' id='word_1_316' title='bbox 461 1562 620 1589; x_wconf 88' lang='lat' dir='ltr'><em>sumuntur</em></span> <span class='ocrx_word' id='word_1_317' title='bbox 634 1559 669 1588; x_wconf 90' lang='lat' dir='ltr'><em>ad</em></span> <span class='ocrx_word' id='word_1_318' title='bbox 686 1558 801 1597; x_wconf 81' lang='lat' dir='ltr'><em>singula</em></span> <span class='ocrx_word' id='word_1_319' title='bbox 811 1562 839 1588; x_wconf 90' lang='lat' dir='ltr'><em>et</em></span> <span class='ocrx_word' id='word_1_320' title='bbox 854 1560 958 1588; x_wconf 87' lang='lat' dir='ltr'><em>Sermo</em></span> <span class='ocrx_word' id='word_1_321' title='bbox 972 1560 1004 1588; x_wconf 81' lang='lat' dir='ltr'><em>et</em></span> 
     </span>
    </p>
   </div>
   <div class='ocr_carea' id='block_1_51' title="bbox 182 1602 1003 1643">
    <p class='ocr_par' dir='ltr' id='par_1_51' title="bbox 182 1602 1003 1643">
     <span class='ocr_line' id='line_1_51' title="bbox 182 1602 1003 1643; baseline -0.001 -9"><span class='ocrx_word' id='word_1_322' title='bbox 182 1603 332 1634; x_wconf 89' lang='lat' dir='ltr'><em>Doctrina.</em></span> <span class='ocrx_word' id='word_1_323' title='bbox 349 1621 389 1625; x_wconf 98' lang='lat'>—</span> <span class='ocrx_word' id='word_1_324' title='bbox 409 1603 454 1634; x_wconf 78' lang='lat' dir='ltr'><em>Ad</em></span> <span class='ocrx_word' id='word_1_325' title='bbox 471 1602 696 1643; x_wconf 85' lang='lat' dir='ltr'><em>perfectionem.</em></span> <span class='ocrx_word' id='word_1_326' title='bbox 714 1615 725 1630; x_wconf 80' lang='grc' dir='ltr'><strong>υ</strong></span> <span class='ocrx_word' id='word_1_327' title='bbox 744 1602 816 1633; x_wconf 87' lang='lat' dir='ltr'><em>Cum</em></span> <span class='ocrx_word' id='word_1_328' title='bbox 834 1602 956 1633; x_wconf 80' lang='lat' dir='ltr'><em>dixisset</em></span> <span class='ocrx_word' id='word_1_329' title='bbox 971 1613 1003 1633; x_wconf 89' lang='lat' dir='ltr'><em>se</em></span> 
     </span>
    </p>
   </div>
   <div class='ocr_carea' id='block_1_52' title="bbox 178 1646 1001 1688">
    <p class='ocr_par' dir='ltr' id='par_1_52' title="bbox 178 1646 1001 1688">
     <span class='ocr_line' id='line_1_52' title="bbox 178 1646 1001 1688; baseline 0 -10"><span class='ocrx_word' id='word_1_330' title='bbox 178 1648 348 1688; x_wconf 81' lang='lat' dir='ltr'><em>relinquere</em></span> <span class='ocrx_word' id='word_1_331' title='bbox 363 1648 577 1679; x_wconf 83' lang='lat' dir='ltr'><em>elementarem</em></span> <span class='ocrx_word' id='word_1_332' title='bbox 593 1648 630 1678; x_wconf 82' lang='lat' dir='ltr'><em>de</em></span> <span class='ocrx_word' id='word_1_333' title='bbox 645 1646 762 1678; x_wconf 84' lang='lat' dir='ltr'><em>Christo</em></span> <span class='ocrx_word' id='word_1_334' title='bbox 778 1656 958 1683; x_wconf 88' lang='lat' dir='ltr'><em>sermonem,</em></span> <span class='ocrx_word' id='word_1_335' title='bbox 973 1653 1001 1678; x_wconf 88' lang='lat' dir='ltr'><em>et</em></span> 
     </span>
    </p>
   </div>
   <div class='ocr_carea' id='block_1_53' title="bbox 181 1691 999 1732">
    <p class='ocr_par' dir='ltr' id='par_1_53' title="bbox 181 1691 999 1732">
     <span class='ocr_line' id='line_1_53' title="bbox 181 1691 999 1732; baseline 0 -10"><span class='ocrx_word' id='word_1_336' title='bbox 181 1693 231 1732; x_wconf 88' lang='lat' dir='ltr'><em>qui</em></span> <span class='ocrx_word' id='word_1_337' title='bbox 247 1693 324 1723; x_wconf 89' lang='lat' dir='ltr'><em>initii</em></span> <span class='ocrx_word' id='word_1_338' title='bbox 340 1693 475 1723; x_wconf 81' lang='lat' dir='ltr'><em>ordinem</em></span> <span class='ocrx_word' id='word_1_339' title='bbox 491 1692 632 1728; x_wconf 86' lang='lat' dir='ltr'><em>continet,</em></span> <span class='ocrx_word' id='word_1_340' title='bbox 649 1691 778 1732; x_wconf 84' lang='lat' dir='ltr'><em>ferrique</em></span> <span class='ocrx_word' id='word_1_341' title='bbox 792 1692 827 1722; x_wconf 90' lang='lat' dir='ltr'><em>ad</em></span> <span class='ocrx_word' id='word_1_342' title='bbox 841 1692 999 1731; x_wconf 89' lang='lat' dir='ltr'><em>perfectio—</em></span> 
     </span>
    </p>
   </div>
   <div class='ocr_carea' id='block_1_54' title="bbox 178 1736 998 1777">
    <p class='ocr_par' dir='ltr' id='par_1_54' title="bbox 178 1736 998 1777">
     <span class='ocr_line' id='line_1_54' title="bbox 178 1736 998 1777; baseline -0.001 -10"><span class='ocrx_word' id='word_1_343' title='bbox 178 1746 323 1774; x_wconf 89' lang='lat' dir='ltr'><em>nem,non</em></span> <span class='ocrx_word' id='word_1_344' title='bbox 335 1737 511 1777; x_wconf 90' lang='lat' dir='ltr'><em>simpliciter</em></span> <span class='ocrx_word' id='word_1_345' title='bbox 521 1746 554 1767; x_wconf 91' lang='lat' dir='ltr'><em>ac</em></span> <span class='ocrx_word' id='word_1_346' title='bbox 563 1736 682 1777; x_wconf 89' lang='lat' dir='ltr'><em>proprie</em></span> <span class='ocrx_word' id='word_1_347' title='bbox 693 1736 764 1766; x_wconf 79' lang='lat' dir='ltr'><em>dicit</em></span> <span class='ocrx_word' id='word_1_348' title='bbox 776 1736 998 1776; x_wconf 76' lang='lat' dir='ltr'><em>perfectionem,</em></span> 
     </span>
    </p>
   </div>
   <div class='ocr_carea' id='block_1_55' title="bbox 177 1781 999 1812">
    <p class='ocr_par' dir='ltr' id='par_1_55' title="bbox 177 1781 999 1812">
     <span class='ocr_line' id='line_1_55' title="bbox 177 1781 999 1812; baseline -0.002 0"><span class='ocrx_word' id='word_1_349' title='bbox 177 1781 229 1812; x_wconf 91' lang='lat' dir='ltr'><em>sed</em></span> <span class='ocrx_word' id='word_1_350' title='bbox 240 1781 329 1812; x_wconf 85' lang='lat' dir='ltr'><em>veluti</em></span> <span class='ocrx_word' id='word_1_351' title='bbox 342 1782 470 1812; x_wconf 86' lang='lat' dir='ltr'><em>mediam</em></span> <span class='ocrx_word' id='word_1_352' title='bbox 484 1782 561 1811; x_wconf 89' lang='lat' dir='ltr'><em>inter</em></span> <span class='ocrx_word' id='word_1_353' title='bbox 574 1781 747 1811; x_wconf 85' lang='lat' dir='ltr'><em>crassiorem</em></span> <span class='ocrx_word' id='word_1_354' title='bbox 763 1781 999 1811; x_wconf 76' lang='lat' dir='ltr'><em>informationem</em></span> 
     </span>
    </p>
   </div>
   <div class='ocr_carea' id='block_1_56' title="bbox 178 1825 1001 1866">
    <p class='ocr_par' dir='ltr' id='par_1_56' title="bbox 178 1825 1001 1866">
     <span class='ocr_line' id='line_1_56' title="bbox 178 1825 1001 1866; baseline -0.001 -10"><span class='ocrx_word' id='word_1_355' title='bbox 178 1826 364 1866; x_wconf 90' lang='lat' dir='ltr'><em>eloquiorum</em></span> <span class='ocrx_word' id='word_1_356' title='bbox 382 1826 434 1856; x_wconf 85' lang='lat' dir='ltr'><em>Dei</em></span> <span class='ocrx_word' id='word_1_357' title='bbox 451 1830 479 1856; x_wconf 89' lang='lat' dir='ltr'><em>et</em></span> <span class='ocrx_word' id='word_1_358' title='bbox 491 1835 660 1866; x_wconf 75' lang='lat' dir='ltr'><em>Supremam</em></span> <span class='ocrx_word' id='word_1_359' title='bbox 678 1825 1001 1865; x_wconf 70' lang='lat' dir='ltr'><em>perfectionem.Siqui-</em></span> 
     </span>
    </p>
   </div>
   <div class='ocr_carea' id='block_1_57' title="bbox 176 1869 1000 1910">
    <p class='ocr_par' dir='ltr' id='par_1_57' title="bbox 176 1869 1000 1910">
     <span class='ocr_line' id='line_1_57' title="bbox 176 1869 1000 1910; baseline -0.002 -9"><span class='ocrx_word' id='word_1_360' title='bbox 176 1870 244 1901; x_wconf 91' lang='lat' dir='ltr'><em>dem</em></span> <span class='ocrx_word' id='word_1_361' title='bbox 258 1870 406 1901; x_wconf 83' lang='lat' dir='ltr'><em>elementa</em></span> <span class='ocrx_word' id='word_1_362' title='bbox 422 1870 496 1900; x_wconf 90' lang='lat' dir='ltr'><em>initii</em></span> <span class='ocrx_word' id='word_1_363' title='bbox 517 1870 700 1910; x_wconf 90' lang='lat' dir='ltr'><em>eloquiorum</em></span> <span class='ocrx_word' id='word_1_364' title='bbox 712 1869 764 1900; x_wconf 91' lang='lat' dir='ltr'><em>Dei</em></span> <span class='ocrx_word' id='word_1_365' title='bbox 774 1873 842 1899; x_wconf 87' lang='lat' dir='ltr'><em>sunt</em></span> <span class='ocrx_word' id='word_1_366' title='bbox 853 1869 1000 1899; x_wconf 88' lang='lat' dir='ltr'><em>abrenun-</em></span> 
     </span>
    </p>
   </div>
   <div class='ocr_carea' id='block_1_58' title="bbox 174 1913 998 1954">
    <p class='ocr_par' dir='ltr' id='par_1_58' title="bbox 174 1913 998 1954">
     <span class='ocr_line' id='line_1_58' title="bbox 174 1913 998 1954; baseline -0.002 -9"><span class='ocrx_word' id='word_1_367' title='bbox 174 1915 250 1946; x_wconf 81' lang='lat' dir='ltr'><em>tiare</em></span> <span class='ocrx_word' id='word_1_368' title='bbox 266 1916 381 1946; x_wconf 65' lang='lat' dir='ltr'><em>Satanaa</em></span> <span class='ocrx_word' id='word_1_369' title='bbox 392 1914 589 1954; x_wconf 88' lang='lat' dir='ltr'><em>omnibusque</em></span> <span class='ocrx_word' id='word_1_370' title='bbox 601 1914 665 1953; x_wconf 89' lang='lat' dir='ltr'><em>ejus</em></span> <span class='ocrx_word' id='word_1_371' title='bbox 676 1913 958 1953; x_wconf 86' lang='lat' dir='ltr'><em>operibus,credere</em></span> <span class='ocrx_word' id='word_1_372' title='bbox 969 1913 998 1943; x_wconf 90' lang='lat' dir='ltr'><em>in</em></span> 
     </span>
    </p>
   </div>
   <div class='ocr_carea' id='block_1_59' title="bbox 173 1958 999 2000">
    <p class='ocr_par' dir='ltr' id='par_1_59' title="bbox 173 1958 999 2000">
     <span class='ocr_line' id='line_1_59' title="bbox 173 1958 999 2000; baseline -0.002 -10"><span class='ocrx_word' id='word_1_373' title='bbox 173 1959 437 2000; x_wconf 88' lang='lat' dir='ltr'><em>Deum,baptizari,</em></span> <span class='ocrx_word' id='word_1_374' title='bbox 448 1959 585 1999; x_wconf 84' lang='lat' dir='ltr'><em>accipere</em></span> <span class='ocrx_word' id='word_1_375' title='bbox 602 1958 745 1998; x_wconf 88' lang='lat' dir='ltr'><em>Spiritum</em></span> <span class='ocrx_word' id='word_1_376' title='bbox 759 1962 904 1995; x_wconf 90' lang='lat' dir='ltr'><em>sanctum,</em></span> <span class='ocrx_word' id='word_1_377' title='bbox 921 1958 999 1989; x_wconf 84' lang='lat' dir='ltr'><em>scire</em></span> 
     </span>
    </p>
   </div>
   <div class='ocr_carea' id='block_1_60' title="bbox 173 2002 999 2042">
    <p class='ocr_par' dir='ltr' id='par_1_60' title="bbox 173 2002 999 2042">
     <span class='ocr_line' id='line_1_60' title="bbox 173 2002 999 2042; baseline -0.002 -8"><span class='ocrx_word' id='word_1_378' title='bbox 173 2003 611 2034; x_wconf 86' lang='lat' dir='ltr'><em>mortuorumresurrectionem</em></span> <span class='ocrx_word' id='word_1_379' title='bbox 618 2002 788 2042; x_wconf 78' lang='lat' dir='ltr'><em>,accretlere</em></span> <span class='ocrx_word' id='word_1_380' title='bbox 796 2003 925 2032; x_wconf 89' lang='lat' dir='ltr'><em>futurum</em></span> <span class='ocrx_word' id='word_1_381' title='bbox 934 2011 999 2032; x_wconf 89' lang='lat' dir='ltr'><em>esse</em></span> 
     </span>
    </p>
   </div>
   <div class='ocr_carea' id='block_1_61' title="bbox 171 2046 998 2088">
    <p class='ocr_par' dir='ltr' id='par_1_61' title="bbox 171 2046 998 2088">
     <span class='ocr_line' id='line_1_61' title="bbox 171 2046 998 2088; baseline -0.002 -10"><span class='ocrx_word' id='word_1_382' title='bbox 171 2048 319 2088; x_wconf 88' lang='lat' dir='ltr'><em>judicium</em></span> <span class='ocrx_word' id='word_1_383' title='bbox 327 2047 406 2079; x_wconf 58' lang='lat' dir='ltr'><em>.Hazc</em></span> <span class='ocrx_word' id='word_1_384' title='bbox 415 2047 534 2087; x_wconf 88' lang='lat' dir='ltr'><em>quidem</em></span> <span class='ocrx_word' id='word_1_385' title='bbox 543 2047 615 2078; x_wconf 64' lang='lat' dir='ltr'><em>elen&#39;</em></span> <span class='ocrx_word' id='word_1_386' title='bbox 624 2046 847 2077; x_wconf 82' lang='lat' dir='ltr'><em>entasuntinitii</em></span> <span class='ocrx_word' id='word_1_387' title='bbox 863 2047 998 2086; x_wconf 85' lang='lat' dir='ltr'><em>eloquio-</em></span> 
     </span>
    </p>
   </div>
   <div class='ocr_carea' id='block_1_62' title="bbox 172 2091 999 2132">
    <p class='ocr_par' dir='ltr' id='par_1_62' title="bbox 172 2091 999 2132">
     <span class='ocr_line' id='line_1_62' title="bbox 172 2091 999 2132; baseline -0.004 -9"><span class='ocrx_word' id='word_1_388' title='bbox 172 2092 406 2123; x_wconf 86' lang='lat' dir='ltr'><em>rumDei.Porro</em></span> <span class='ocrx_word' id='word_1_389' title='bbox 415 2091 843 2131; x_wconf 85' lang='lat' dir='ltr'><em>elementaeloquioruchiet</em></span> <span class='ocrx_word' id='word_1_390' title='bbox 853 2101 910 2120; x_wconf 84' lang='lat' dir='ltr'><em>non</em></span> <span class='ocrx_word' id='word_1_391' title='bbox 923 2091 999 2132; x_wconf 64' lang='lat' dir='ltr'><em>initii</em></span> 
     </span>
    </p>
   </div>
   <div class='ocr_carea' id='block_1_63' title="bbox 172 2135 1001 2177">
    <p class='ocr_par' dir='ltr' id='par_1_63' title="bbox 172 2135 1001 2177">
     <span class='ocr_line' id='line_1_63' title="bbox 172 2135 1001 2177; baseline -0.005 -9"><span class='ocrx_word' id='word_1_392' title='bbox 172 2137 358 2177; x_wconf 88' lang='lat' dir='ltr'><em>eloquiorum</em></span> <span class='ocrx_word' id='word_1_393' title='bbox 372 2136 424 2167; x_wconf 90' lang='lat' dir='ltr'><em>Dei</em></span> <span class='ocrx_word' id='word_1_394' title='bbox 433 2141 510 2174; x_wconf 86' lang='lat' dir='ltr'><em>sunt,</em></span> <span class='ocrx_word' id='word_1_395' title='bbox 521 2136 597 2166; x_wconf 88' lang='lat' dir='ltr'><em>scire</em></span> <span class='ocrx_word' id='word_1_396' title='bbox 605 2135 682 2176; x_wconf 86' lang='lat' dir='ltr'><em>quod</em></span> <span class='ocrx_word' id='word_1_397' title='bbox 692 2145 744 2175; x_wconf 89' lang='lat' dir='ltr'><em>pro</em></span> <span class='ocrx_word' id='word_1_398' title='bbox 755 2135 839 2166; x_wconf 86' lang='lat' dir='ltr'><em>nobis</em></span> <span class='ocrx_word' id='word_1_399' title='bbox 849 2144 951 2175; x_wconf 84' lang='lat' dir='ltr'><em>passus</em></span> <span class='ocrx_word' id='word_1_400' title='bbox 963 2135 1001 2172; x_wconf 59' lang='lat' dir='ltr'><em>sit</em></span> 
     </span>
    </p>
   </div>
   <div class='ocr_carea' id='block_1_64' title="bbox 1049 933 1873 973">
    <p class='ocr_par' dir='ltr' id='par_1_64' title="bbox 1049 933 1873 973">
     <span class='ocr_line' id='line_1_64' title="bbox 1049 933 1873 973; baseline 0.002 -13"><span class='ocrx_word' id='word_1_401' title='bbox 1049 933 1120 972; x_wconf 70' lang='grc' dir='ltr'>ἁρχὴ</span> <span class='ocrx_word' id='word_1_402' title='bbox 1137 935 1178 961; x_wconf 68' lang='grc' dir='ltr'>ἐπὶ</span> <span class='ocrx_word' id='word_1_403' title='bbox 1193 938 1244 962; x_wconf 83' lang='grc' dir='ltr'>τῶν</span> <span class='ocrx_word' id='word_1_404' title='bbox 1260 933 1316 973; x_wconf 77' lang='grc' dir='ltr'>ἄρτι</span> <span class='ocrx_word' id='word_1_405' title='bbox 1332 937 1519 972; x_wconf 75' lang='grc' dir='ltr'>πιστευόντων,</span> <span class='ocrx_word' id='word_1_406' title='bbox 1549 937 1592 964; x_wconf 83' lang='grc' dir='ltr'><em>καὶ</em></span> <span class='ocrx_word' id='word_1_407' title='bbox 1621 936 1660 966; x_wconf 84' lang='grc' dir='ltr'><em>τίς</em></span> <span class='ocrx_word' id='word_1_408' title='bbox 1681 936 1699 969; x_wconf 82' lang='grc' dir='ltr'><strong>ἡ</strong></span> <span class='ocrx_word' id='word_1_409' title='bbox 1721 934 1873 968; x_wconf 77' lang='grc' dir='ltr'>τελειότης.</span> 
     </span>
    </p>
   </div>
   <div class='ocr_carea' id='block_1_65' title="bbox 1050 977 1876 1019">
    <p class='ocr_par' dir='ltr' id='par_1_65' title="bbox 1050 977 1876 1019">
     <span class='ocr_line' id='line_1_65' title="bbox 1050 977 1876 1019; baseline 0.002 -15"><span class='ocrx_word' id='word_1_410' title='bbox 1050 978 1084 1004; x_wconf 67' lang='grc' dir='ltr'><em>Τὸ</em></span> <span class='ocrx_word' id='word_1_411' title='bbox 1100 977 1241 1006; x_wconf 79' lang='grc' dir='ltr'>ἀκόλουθον</span> <span class='ocrx_word' id='word_1_412' title='bbox 1263 980 1310 1012; x_wconf 73' lang='grc' dir='ltr'>τῆς</span> <span class='ocrx_word' id='word_1_413' title='bbox 1328 979 1483 1012; x_wconf 73' lang='grc' dir='ltr'>συντάξεως,</span> <span class='ocrx_word' id='word_1_414' title='bbox 1503 996 1539 1002; x_wconf 88' lang='lat'><em>—-</em></span> <span class='ocrx_word' id='word_1_415' title='bbox 1567 977 1669 1019; x_wconf 76' lang='grc' dir='ltr'>[ΦΩΤ.]</span> <span class='ocrx_word' id='word_1_416' title='bbox 1700 980 1746 1006; x_wconf 78' lang='grc' dir='ltr'><em>Διὸ</em></span> <span class='ocrx_word' id='word_1_417' title='bbox 1762 979 1876 1018; x_wconf 62' lang='grc' dir='ltr'>ἀφέντες</span> 
     </span>
    </p>
   </div>
   <div class='ocr_carea' id='block_1_66' title="bbox 1050 1022 1876 1063">
    <p class='ocr_par' dir='ltr' id='par_1_66' title="bbox 1050 1022 1876 1063">
     <span class='ocr_line' id='line_1_66' title="bbox 1050 1022 1876 1063; baseline 0.004 -15"><span class='ocrx_word' id='word_1_418' title='bbox 1050 1022 1094 1049; x_wconf 66' lang='grc' dir='ltr'><em>τὸν</em></span> <span class='ocrx_word' id='word_1_419' title='bbox 1116 1025 1164 1054; x_wconf 75' lang='grc' dir='ltr'>τῆς</span> <span class='ocrx_word' id='word_1_420' title='bbox 1182 1023 1268 1062; x_wconf 70' lang='grc' dir='ltr'>ἀρχῆς</span> <span class='ocrx_word' id='word_1_421' title='bbox 1282 1026 1328 1051; x_wconf 83' lang='grc' dir='ltr'><em>τοῦ</em></span> <span class='ocrx_word' id='word_1_422' title='bbox 1343 1027 1454 1062; x_wconf 78' lang='grc' dir='ltr'>Χριστοῦ</span> <span class='ocrx_word' id='word_1_423' title='bbox 1469 1024 1619 1063; x_wconf 71' lang='grc' dir='ltr'>δογμάτων,</span> <span class='ocrx_word' id='word_1_424' title='bbox 1635 1024 1678 1051; x_wconf 72' lang='grc' dir='ltr'><em>ὶπὶ</em></span> <span class='ocrx_word' id='word_1_425' title='bbox 1706 1024 1755 1056; x_wconf 82' lang='grc' dir='ltr'><em>τὴν</em></span> <span class='ocrx_word' id='word_1_426' title='bbox 1770 1023 1876 1051; x_wconf 75' lang='grc' dir='ltr'>τελειό-</span> 
     </span>
    </p>
   </div>
   <div class='ocr_carea' id='block_1_67' title="bbox 1049 1067 1874 1106">
    <p class='ocr_par' dir='ltr' id='par_1_67' title="bbox 1049 1067 1874 1106">
     <span class='ocr_line' id='line_1_67' title="bbox 1049 1067 1874 1106; baseline 0.004 -14"><span class='ocrx_word' id='word_1_427' title='bbox 1049 1077 1117 1098; x_wconf 80' lang='grc' dir='ltr'>τητα</span> <span class='ocrx_word' id='word_1_428' title='bbox 1139 1067 1286 1106; x_wconf 73' lang='grc' dir='ltr'>φερώμεθα.</span> <span class='ocrx_word' id='word_1_429' title='bbox 1312 1069 1360 1096; x_wconf 80' lang='grc' dir='ltr'>Καὶ</span> <span class='ocrx_word' id='word_1_430' title='bbox 1391 1071 1468 1096; x_wconf 79' lang='grc' dir='ltr'>τοῦτο</span> <span class='ocrx_word' id='word_1_431' title='bbox 1496 1069 1654 1106; x_wconf 73' lang='grc' dir='ltr'>ποιήσομεν,</span> <span class='ocrx_word' id='word_1_432' title='bbox 1686 1067 1781 1106; x_wconf 77' lang='grc' dir='ltr'>ἐνάπερ</span> <span class='ocrx_word' id='word_1_433' title='bbox 1810 1068 1874 1096; x_wconf 72' lang='grc' dir='ltr'>ἑπι-</span> 
     </span>
    </p>
   </div>
   <div class='ocr_carea' id='block_1_68' title="bbox 1049 1110 1873 1152">
    <p class='ocr_par' dir='ltr' id='par_1_68' title="bbox 1049 1110 1873 1152">
     <span class='ocr_line' id='line_1_68' title="bbox 1049 1110 1873 1152; baseline 0.004 -15"><span class='ocrx_word' id='word_1_434' title='bbox 1049 1110 1132 1148; x_wconf 71' lang='grc' dir='ltr'>τρέπῃ</span> <span class='ocrx_word' id='word_1_435' title='bbox 1147 1112 1160 1138; x_wconf 80' lang='grc' dir='ltr'><strong>ὁ</strong></span> <span class='ocrx_word' id='word_1_436' title='bbox 1177 1112 1253 1143; x_wconf 72' lang='grc' dir='ltr'>Θετῖς.</span> <span class='ocrx_word' id='word_1_437' title='bbox 1269 1128 1306 1134; x_wconf 91' lang='grc'><strong><em>-</em></strong></span> <span class='ocrx_word' id='word_1_438' title='bbox 1324 1112 1402 1151; x_wconf 83' lang='grc' dir='ltr'><em>[ΤΟΥ</em></span> <span class='ocrx_word' id='word_1_439' title='bbox 1418 1111 1551 1152; x_wconf 75' lang='grc' dir='ltr'><em>ΑΥΤΟΓ.]</em></span> <span class='ocrx_word' id='word_1_440' title='bbox 1570 1124 1584 1139; x_wconf 70' lang='grc' dir='ltr'><em>α</em></span> <span class='ocrx_word' id='word_1_441' title='bbox 1609 1116 1660 1141; x_wconf 82' lang='grc' dir='ltr'>Τοῦ</span> <span class='ocrx_word' id='word_1_442' title='bbox 1689 1116 1801 1152; x_wconf 61' lang='grc' dir='ltr'>Χριστοῦ</span> <span class='ocrx_word' id='word_1_443' title='bbox 1824 1112 1873 1140; x_wconf 81' lang='grc' dir='ltr'><em>λό-</em></span> 
     </span>
    </p>
   </div>
   <div class='ocr_carea' id='block_1_69' title="bbox 1051 1155 1874 1197">
    <p class='ocr_par' dir='ltr' id='par_1_69' title="bbox 1051 1155 1874 1197">
     <span class='ocr_line' id='line_1_69' title="bbox 1051 1155 1874 1197; baseline 0.004 -16"><span class='ocrx_word' id='word_1_444' title='bbox 1051 1165 1107 1192; x_wconf 79' lang='grc' dir='ltr'>γον.</span> <span class='ocrx_word' id='word_1_445' title='bbox 1128 1166 1139 1182; x_wconf 77' lang='lat' dir='ltr'><em>n</em></span> <span class='ocrx_word' id='word_1_446' title='bbox 1158 1156 1241 1183; x_wconf 87' lang='grc' dir='ltr'>Ποῖον</span> <span class='ocrx_word' id='word_1_447' title='bbox 1256 1155 1335 1195; x_wconf 76' lang='grc' dir='ltr'>λόγον</span> <span class='ocrx_word' id='word_1_448' title='bbox 1351 1166 1358 1195; x_wconf 81' lang='grc'>;</span> <span class='ocrx_word' id='word_1_449' title='bbox 1383 1158 1434 1185; x_wconf 84' lang='grc' dir='ltr'><em>Τὸν</em></span> <span class='ocrx_word' id='word_1_450' title='bbox 1449 1157 1527 1195; x_wconf 79' lang='grc' dir='ltr'>λόγον</span> <span class='ocrx_word' id='word_1_451' title='bbox 1543 1160 1591 1190; x_wconf 74' lang='grc' dir='ltr'>τῆς</span> <span class='ocrx_word' id='word_1_452' title='bbox 1614 1156 1736 1197; x_wconf 74' lang='grc' dir='ltr'>διδαχῆς,</span> <span class='ocrx_word' id='word_1_453' title='bbox 1753 1161 1801 1185; x_wconf 77' lang='grc' dir='ltr'><em>τοῦ</em></span> <span class='ocrx_word' id='word_1_454' title='bbox 1817 1156 1874 1185; x_wconf 77' lang='grc' dir='ltr'>δεῖν</span> 
     </span>
    </p>
   </div>
   <div class='ocr_carea' id='block_1_70' title="bbox 1049 1198 1871 1240">
    <p class='ocr_par' dir='ltr' id='par_1_70' title="bbox 1049 1198 1871 1240">
     <span class='ocr_line' id='line_1_70' title="bbox 1049 1198 1871 1240; baseline 0.005 -15"><span class='ocrx_word' id='word_1_455' title='bbox 1049 1198 1222 1227; x_wconf 80' lang='grc' dir='ltr'>καταϐάλλειν</span> <span class='ocrx_word' id='word_1_456' title='bbox 1243 1200 1365 1237; x_wconf 75' lang='grc' dir='ltr'>θεμέλιον</span> <span class='ocrx_word' id='word_1_457' title='bbox 1393 1202 1533 1238; x_wconf 83' lang='grc' dir='ltr'>μετανοίας</span> <span class='ocrx_word' id='word_1_458' title='bbox 1562 1202 1615 1229; x_wconf 82' lang='grc' dir='ltr'>ἀπὸ</span> <span class='ocrx_word' id='word_1_459' title='bbox 1636 1205 1734 1240; x_wconf 79' lang='grc' dir='ltr'>νεκρῶν</span> <span class='ocrx_word' id='word_1_460' title='bbox 1762 1201 1848 1240; x_wconf 79' lang='grc' dir='ltr'>ἔργων</span> <span class='ocrx_word' id='word_1_461' title='bbox 1865 1209 1871 1215; x_wconf 79' lang='grc'><strong><em>⁸</em></strong></span> 
     </span>
    </p>
   </div>
   <div class='ocr_carea' id='block_1_71' title="bbox 1048 1242 1872 1284">
    <p class='ocr_par' dir='ltr' id='par_1_71' title="bbox 1048 1242 1872 1284">
     <span class='ocr_line' id='line_1_71' title="bbox 1048 1242 1872 1284; baseline 0.006 -15"><span class='ocrx_word' id='word_1_462' title='bbox 1048 1243 1093 1269; x_wconf 73' lang='grc' dir='ltr'><em>τὸν</em></span> <span class='ocrx_word' id='word_1_463' title='bbox 1107 1242 1186 1282; x_wconf 79' lang='grc' dir='ltr'>λόγον</span> <span class='ocrx_word' id='word_1_464' title='bbox 1201 1246 1249 1277; x_wconf 78' lang='grc' dir='ltr'>τῆς</span> <span class='ocrx_word' id='word_1_465' title='bbox 1265 1243 1389 1284; x_wconf 75' lang='grc' dir='ltr'><em>διδαχῆς,</em></span> <span class='ocrx_word' id='word_1_466' title='bbox 1418 1249 1464 1274; x_wconf 79' lang='grc' dir='ltr'><em>τοῦ</em></span> <span class='ocrx_word' id='word_1_467' title='bbox 1485 1245 1541 1273; x_wconf 80' lang='grc' dir='ltr'>δεῖν</span> <span class='ocrx_word' id='word_1_468' title='bbox 1569 1246 1703 1274; x_wconf 75' lang='grc' dir='ltr'>πιστεύειν</span> <span class='ocrx_word' id='word_1_469' title='bbox 1722 1245 1765 1274; x_wconf 79' lang='grc' dir='ltr'>ἐπὶ</span> <span class='ocrx_word' id='word_1_470' title='bbox 1781 1246 1849 1274; x_wconf 78' lang='grc' dir='ltr'>Θεόν</span> <span class='ocrx_word' id='word_1_471' title='bbox 1865 1256 1872 1264; x_wconf 92' lang='grc'><strong>·</strong></span> 
     </span>
    </p>
   </div>
   <div class='ocr_carea' id='block_1_72' title="bbox 1049 1287 1873 1329">
    <p class='ocr_par' dir='ltr' id='par_1_72' title="bbox 1049 1287 1873 1329">
     <span class='ocr_line' id='line_1_72' title="bbox 1049 1287 1873 1329; baseline 0.005 -15"><span class='ocrx_word' id='word_1_472' title='bbox 1049 1288 1093 1314; x_wconf 71' lang='grc' dir='ltr'>τὸν</span> <span class='ocrx_word' id='word_1_473' title='bbox 1114 1287 1193 1326; x_wconf 80' lang='grc' dir='ltr'>λόγον</span> <span class='ocrx_word' id='word_1_474' title='bbox 1214 1291 1263 1321; x_wconf 78' lang='grc' dir='ltr'>τῆς</span> <span class='ocrx_word' id='word_1_475' title='bbox 1285 1287 1412 1328; x_wconf 72' lang='grc' dir='ltr'>διδαχῆς,</span> <span class='ocrx_word' id='word_1_476' title='bbox 1441 1293 1486 1318; x_wconf 87' lang='grc' dir='ltr'><em>τοῦ</em></span> <span class='ocrx_word' id='word_1_477' title='bbox 1511 1290 1567 1318; x_wconf 81' lang='grc' dir='ltr'>δεῖν</span> <span class='ocrx_word' id='word_1_478' title='bbox 1588 1291 1764 1329; x_wconf 70' lang='grc' dir='ltr'>βαπτισθῆναι</span> <span class='ocrx_word' id='word_1_479' title='bbox 1779 1307 1792 1313; x_wconf 83' lang='lat'><strong>-</strong></span> <span class='ocrx_word' id='word_1_480' title='bbox 1827 1292 1873 1318; x_wconf 77' lang='grc' dir='ltr'><em>τὸν</em></span> 
     </span>
    </p>
   </div>
   <div class='ocr_carea' id='block_1_73' title="bbox 1048 1332 1872 1374">
    <p class='ocr_par' dir='ltr' id='par_1_73' title="bbox 1048 1332 1872 1374">
     <span class='ocr_line' id='line_1_73' title="bbox 1048 1332 1872 1374; baseline 0.005 -14"><span class='ocrx_word' id='word_1_481' title='bbox 1048 1332 1126 1371; x_wconf 74' lang='grc' dir='ltr'>λόγον</span> <span class='ocrx_word' id='word_1_482' title='bbox 1148 1336 1196 1366; x_wconf 79' lang='grc' dir='ltr'>τῆς</span> <span class='ocrx_word' id='word_1_483' title='bbox 1221 1333 1347 1374; x_wconf 71' lang='grc' dir='ltr'>διδαχῆς,</span> <span class='ocrx_word' id='word_1_484' title='bbox 1383 1335 1427 1363; x_wconf 86' lang='grc' dir='ltr'><em>τοῦ</em></span> <span class='ocrx_word' id='word_1_485' title='bbox 1455 1335 1510 1363; x_wconf 81' lang='grc' dir='ltr'>δεῖν</span> <span class='ocrx_word' id='word_1_486' title='bbox 1540 1335 1684 1368; x_wconf 76' lang='grc' dir='ltr'>ἂξιωθῆναι</span> <span class='ocrx_word' id='word_1_487' title='bbox 1718 1337 1872 1373; x_wconf 78' lang='grc' dir='ltr'>Πνεύματος</span> 
     </span>
    </p>
   </div>
   <div class='ocr_carea' id='block_1_74' title="bbox 1049 1377 1871 1419">
    <p class='ocr_par' dir='ltr' id='par_1_74' title="bbox 1049 1377 1871 1419">
     <span class='ocr_line' id='line_1_74' title="bbox 1049 1377 1871 1419; baseline 0.004 -15"><span class='ocrx_word' id='word_1_488' title='bbox 1049 1377 1122 1415; x_wconf 79' lang='grc' dir='ltr'>ἁγίου</span> <span class='ocrx_word' id='word_1_489' title='bbox 1140 1385 1146 1392; x_wconf 84' lang='grc'><strong><em>⁸</em></strong></span> <span class='ocrx_word' id='word_1_490' title='bbox 1183 1379 1228 1405; x_wconf 80' lang='grc' dir='ltr'>τὸν</span> <span class='ocrx_word' id='word_1_491' title='bbox 1256 1377 1334 1417; x_wconf 84' lang='grc' dir='ltr'>λόγον</span> <span class='ocrx_word' id='word_1_492' title='bbox 1363 1382 1412 1412; x_wconf 79' lang='grc' dir='ltr'>τῆς</span> <span class='ocrx_word' id='word_1_493' title='bbox 1441 1378 1565 1419; x_wconf 74' lang='grc' dir='ltr'>διδαχῆς,</span> <span class='ocrx_word' id='word_1_494' title='bbox 1589 1380 1629 1407; x_wconf 76' lang='grc' dir='ltr'>ὅτι</span> <span class='ocrx_word' id='word_1_495' title='bbox 1657 1380 1814 1416; x_wconf 76' lang='grc' dir='ltr'>ἀνάστασις,</span> <span class='ocrx_word' id='word_1_496' title='bbox 1832 1379 1871 1407; x_wconf 84' lang='grc' dir='ltr'>ὅτι</span> 
     </span>
    </p>
   </div>
   <div class='ocr_carea' id='block_1_75' title="bbox 1049 1420 1872 1463">
    <p class='ocr_par' dir='ltr' id='par_1_75' title="bbox 1049 1420 1872 1463">
     <span class='ocr_line' id='line_1_75' title="bbox 1049 1420 1872 1463; baseline 0.005 -15"><span class='ocrx_word' id='word_1_497' title='bbox 1049 1420 1119 1449; x_wconf 82' lang='grc' dir='ltr'>ἔσται</span> <span class='ocrx_word' id='word_1_498' title='bbox 1135 1425 1229 1461; x_wconf 80' lang='grc' dir='ltr'>κρίσις.</span> <span class='ocrx_word' id='word_1_499' title='bbox 1260 1421 1326 1450; x_wconf 78' lang='grc' dir='ltr'><em>Ἀπὸ</em></span> <span class='ocrx_word' id='word_1_500' title='bbox 1353 1429 1442 1453; x_wconf 79' lang='grc' dir='ltr'>κοινοῦ</span> <span class='ocrx_word' id='word_1_501' title='bbox 1469 1425 1519 1463; x_wconf 76' lang='grc' dir='ltr'><em>γὰρ</em></span> <span class='ocrx_word' id='word_1_502' title='bbox 1540 1425 1608 1452; x_wconf 74' lang='grc' dir='ltr'>κατὰ</span> <span class='ocrx_word' id='word_1_503' title='bbox 1635 1424 1752 1463; x_wconf 77' lang='grc' dir='ltr'>πάντων,</span> <span class='ocrx_word' id='word_1_504' title='bbox 1783 1425 1830 1452; x_wconf 81' lang='grc' dir='ltr'><em>καὶ</em></span> <span class='ocrx_word' id='word_1_505' title='bbox 1859 1426 1872 1452; x_wconf 80' lang='grc' dir='ltr'>ὀ</span> 
     </span>
    </p>
   </div>
   <div class='ocr_carea' id='block_1_76' title="bbox 1048 1465 1872 1509">
    <p class='ocr_par' dir='ltr' id='par_1_76' title="bbox 1048 1465 1872 1509">
     <span class='ocr_line' id='line_1_76' title="bbox 1048 1465 1872 1509; baseline 0.004 -16"><span class='ocrx_word' id='word_1_506' title='bbox 1048 1465 1125 1504; x_wconf 79' lang='grc' dir='ltr'>λόγος</span> <span class='ocrx_word' id='word_1_507' title='bbox 1148 1468 1190 1494; x_wconf 83' lang='grc' dir='ltr'><em>καὶ</em></span> <span class='ocrx_word' id='word_1_508' title='bbox 1214 1468 1231 1501; x_wconf 80' lang='grc' dir='ltr'>ἡ</span> <span class='ocrx_word' id='word_1_509' title='bbox 1252 1466 1361 1508; x_wconf 75' lang='grc' dir='ltr'>διδαχή,</span> <span class='ocrx_word' id='word_1_510' title='bbox 1380 1485 1416 1491; x_wconf 92' lang='grc'><em>--</em></span> <span class='ocrx_word' id='word_1_511' title='bbox 1434 1470 1506 1507; x_wconf 78' lang='grc' dir='ltr'><em>[ΤΟΥ</em></span> <span class='ocrx_word' id='word_1_512' title='bbox 1522 1469 1658 1509; x_wconf 66' lang='grc' dir='ltr'><em>ΑΥΤΟΥ]</em></span> <span class='ocrx_word' id='word_1_513' title='bbox 1691 1481 1704 1496; x_wconf 78' lang='grc' dir='ltr'><strong><em>α</em></strong></span> <span class='ocrx_word' id='word_1_514' title='bbox 1729 1468 1790 1497; x_wconf 83' lang='grc' dir='ltr'>Ἐπὶ</span> <span class='ocrx_word' id='word_1_515' title='bbox 1823 1470 1872 1502; x_wconf 74' lang='grc' dir='ltr'>τὴν</span> 
     </span>
    </p>
   </div>
   <div class='ocr_carea' id='block_1_77' title="bbox 1049 1509 1872 1553">
    <p class='ocr_par' dir='ltr' id='par_1_77' title="bbox 1049 1509 1872 1553">
     <span class='ocr_line' id='line_1_77' title="bbox 1049 1509 1872 1553; baseline 0.006 -16"><span class='ocrx_word' id='word_1_516' title='bbox 1049 1509 1213 1544; x_wconf 80' lang='grc' dir='ltr'>τελειότητα,</span> <span class='ocrx_word' id='word_1_517' title='bbox 1233 1522 1245 1540; x_wconf 71' lang='grc' dir='ltr'><em>ν</em></span> <span class='ocrx_word' id='word_1_518' title='bbox 1274 1513 1360 1540; x_wconf 76' lang='grc' dir='ltr'>Εἰπὼν</span> <span class='ocrx_word' id='word_1_519' title='bbox 1381 1513 1477 1553; x_wconf 77' lang='grc' dir='ltr'>ἀφεῖνα</span> <span class='ocrx_word' id='word_1_520' title='bbox 1505 1514 1550 1541; x_wconf 76' lang='grc' dir='ltr'><em>τὸν</em></span> <span class='ocrx_word' id='word_1_521' title='bbox 1571 1515 1629 1553; x_wconf 86' lang='grc' dir='ltr'>περὶ</span> <span class='ocrx_word' id='word_1_522' title='bbox 1658 1517 1769 1553; x_wconf 76' lang='grc' dir='ltr'>Χριστοῦ</span> <span class='ocrx_word' id='word_1_523' title='bbox 1791 1524 1872 1542; x_wconf 87' lang='grc' dir='ltr'>στοι-</span> 
     </span>
    </p>
   </div>
   <div class='ocr_carea' id='block_1_78' title="bbox 1049 1554 1870 1597">
    <p class='ocr_par' dir='ltr' id='par_1_78' title="bbox 1049 1554 1870 1597">
     <span class='ocr_line' id='line_1_78' title="bbox 1049 1554 1870 1597; baseline 0.006 -16"><span class='ocrx_word' id='word_1_524' title='bbox 1049 1554 1153 1593; x_wconf 77' lang='grc' dir='ltr'>χειώδη</span> <span class='ocrx_word' id='word_1_525' title='bbox 1175 1556 1217 1583; x_wconf 83' lang='grc' dir='ltr'><em>καὶ</em></span> <span class='ocrx_word' id='word_1_526' title='bbox 1232 1556 1319 1596; x_wconf 78' lang='grc' dir='ltr'>ἀρχῆς</span> <span class='ocrx_word' id='word_1_527' title='bbox 1335 1557 1466 1597; x_wconf 69' lang='grc' dir='ltr'>ὖπέχοντα</span> <span class='ocrx_word' id='word_1_528' title='bbox 1481 1557 1552 1590; x_wconf 76' lang='grc' dir='ltr'>τάξιν</span> <span class='ocrx_word' id='word_1_529' title='bbox 1577 1558 1657 1597; x_wconf 83' lang='grc' dir='ltr'>λόγον</span> <span class='ocrx_word' id='word_1_530' title='bbox 1678 1559 1721 1586; x_wconf 86' lang='grc' dir='ltr'><em>καὶ</em></span> <span class='ocrx_word' id='word_1_531' title='bbox 1749 1558 1793 1586; x_wconf 79' lang='grc' dir='ltr'>ἐπὶ</span> <span class='ocrx_word' id='word_1_532' title='bbox 1823 1559 1870 1591; x_wconf 79' lang='grc' dir='ltr'>τὴν</span> 
     </span>
    </p>
   </div>
   <div class='ocr_carea' id='block_1_79' title="bbox 1045 1598 1870 1642">
    <p class='ocr_par' dir='ltr' id='par_1_79' title="bbox 1045 1598 1870 1642">
     <span class='ocr_line' id='line_1_79' title="bbox 1045 1598 1870 1642; baseline 0.007 -17"><span class='ocrx_word' id='word_1_533' title='bbox 1045 1598 1198 1632; x_wconf 76' lang='grc' dir='ltr'>τελειότητα</span> <span class='ocrx_word' id='word_1_534' title='bbox 1226 1601 1358 1640; x_wconf 73' lang='grc' dir='ltr'>φέρεσθαι,</span> <span class='ocrx_word' id='word_1_535' title='bbox 1389 1604 1440 1641; x_wconf 68' lang='grc' dir='ltr'>οὐχ</span> <span class='ocrx_word' id='word_1_536' title='bbox 1476 1601 1566 1635; x_wconf 78' lang='grc' dir='ltr'>ἁπλῶς</span> <span class='ocrx_word' id='word_1_537' title='bbox 1598 1614 1662 1642; x_wconf 80' lang='grc' dir='ltr'>φησι</span> <span class='ocrx_word' id='word_1_538' title='bbox 1699 1603 1747 1635; x_wconf 76' lang='grc' dir='ltr'><em>τὴν</em></span> <span class='ocrx_word' id='word_1_539' title='bbox 1772 1603 1870 1641; x_wconf 77' lang='grc' dir='ltr'>κυρίως</span> 
     </span>
    </p>
   </div>
   <div class='ocr_carea' id='block_1_80' title="bbox 1045 1642 1869 1686">
    <p class='ocr_par' dir='ltr' id='par_1_80' title="bbox 1045 1642 1869 1686">
     <span class='ocr_line' id='line_1_80' title="bbox 1045 1642 1869 1686; baseline 0.005 -16"><span class='ocrx_word' id='word_1_540' title='bbox 1045 1642 1208 1681; x_wconf 78' lang='grc' dir='ltr'>τελειότητα,</span> <span class='ocrx_word' id='word_1_541' title='bbox 1231 1644 1290 1672; x_wconf 73' lang='grc' dir='ltr'>ἀλλ’</span> <span class='ocrx_word' id='word_1_542' title='bbox 1312 1646 1406 1673; x_wconf 72' lang='grc' dir='ltr'>ὡσανεὶ</span> <span class='ocrx_word' id='word_1_543' title='bbox 1420 1646 1469 1679; x_wconf 79' lang='grc' dir='ltr'>τὴν</span> <span class='ocrx_word' id='word_1_544' title='bbox 1484 1646 1580 1683; x_wconf 74' lang='grc' dir='ltr'>μεταξὺ</span> <span class='ocrx_word' id='word_1_545' title='bbox 1595 1649 1643 1680; x_wconf 85' lang='grc' dir='ltr'>τῆς</span> <span class='ocrx_word' id='word_1_546' title='bbox 1666 1646 1869 1686; x_wconf 60' lang='grc' dir='ltr'>στοιχειὼειῦς</span> 
     </span>
    </p>
   </div>
   <div class='ocr_carea' id='block_1_81' title="bbox 1042 1688 1868 1728">
    <p class='ocr_par' dir='ltr' id='par_1_81' title="bbox 1042 1688 1868 1728">
     <span class='ocr_line' id='line_1_81' title="bbox 1042 1688 1868 1728; baseline 0.007 -15"><span class='ocrx_word' id='word_1_547' title='bbox 1042 1697 1069 1714; x_wconf 85' lang='grc' dir='ltr'><em>τε</em></span> <span class='ocrx_word' id='word_1_548' title='bbox 1093 1691 1145 1715; x_wconf 85' lang='grc' dir='ltr'>τῶν</span> <span class='ocrx_word' id='word_1_549' title='bbox 1168 1688 1265 1727; x_wconf 82' lang='grc' dir='ltr'>λογίων</span> <span class='ocrx_word' id='word_1_550' title='bbox 1286 1693 1332 1717; x_wconf 87' lang='grc' dir='ltr'><em>τοῦ</em></span> <span class='ocrx_word' id='word_1_551' title='bbox 1353 1694 1429 1728; x_wconf 75' lang='grc' dir='ltr'>Θεοῦ,</span> <span class='ocrx_word' id='word_1_552' title='bbox 1460 1691 1503 1718; x_wconf 87' lang='grc' dir='ltr'><em>καὶ</em></span> <span class='ocrx_word' id='word_1_553' title='bbox 1534 1691 1630 1728; x_wconf 76' lang='grc' dir='ltr'>μεταξὺ</span> <span class='ocrx_word' id='word_1_554' title='bbox 1658 1694 1707 1724; x_wconf 79' lang='grc' dir='ltr'>τῆς</span> <span class='ocrx_word' id='word_1_555' title='bbox 1737 1692 1868 1720; x_wconf 71' lang='grc' dir='ltr'>ἀνωτάτω</span> 
     </span>
    </p>
   </div>
   <div class='ocr_carea' id='block_1_82' title="bbox 1042 1728 1868 1775">
    <p class='ocr_par' dir='ltr' id='par_1_82' title="bbox 1042 1728 1868 1775">
     <span class='ocr_line' id='line_1_82' title="bbox 1042 1728 1868 1775; baseline 0.007 -17"><span class='ocrx_word' id='word_1_556' title='bbox 1042 1731 1218 1765; x_wconf 82' lang='grc' dir='ltr'>τελειότητος.</span> <span class='ocrx_word' id='word_1_557' title='bbox 1238 1728 1319 1762; x_wconf 52' lang='grc' dir='ltr'>’Ἐστι</span> <span class='ocrx_word' id='word_1_558' title='bbox 1347 1735 1396 1771; x_wconf 71' lang='grc' dir='ltr'>μὲν</span> <span class='ocrx_word' id='word_1_559' title='bbox 1423 1736 1472 1774; x_wconf 79' lang='grc' dir='ltr'>γὰρ</span> <span class='ocrx_word' id='word_1_560' title='bbox 1500 1743 1624 1775; x_wconf 76' lang='grc' dir='ltr'>στοιχεῖα</span> <span class='ocrx_word' id='word_1_561' title='bbox 1653 1735 1741 1775; x_wconf 74' lang='grc' dir='ltr'>ἀρχῆς</span> <span class='ocrx_word' id='word_1_562' title='bbox 1768 1735 1868 1775; x_wconf 74' lang='grc' dir='ltr'>λογίων</span> 
     </span>
    </p>
   </div>
   <div class='ocr_carea' id='block_1_83' title="bbox 1043 1777 1866 1819">
    <p class='ocr_par' dir='ltr' id='par_1_83' title="bbox 1043 1777 1866 1819">
     <span class='ocr_line' id='line_1_83' title="bbox 1043 1777 1866 1819; baseline 0.007 -17"><span class='ocrx_word' id='word_1_563' title='bbox 1043 1780 1117 1811; x_wconf 76' lang='grc' dir='ltr'>Θεοῦ,</span> <span class='ocrx_word' id='word_1_564' title='bbox 1135 1777 1166 1804; x_wconf 81' lang='grc' dir='ltr'><em>τὰ</em></span> <span class='ocrx_word' id='word_1_565' title='bbox 1181 1777 1355 1810; x_wconf 76' lang='grc' dir='ltr'>ἀποτάξασθαι</span> <span class='ocrx_word' id='word_1_566' title='bbox 1371 1781 1409 1816; x_wconf 78' lang='grc' dir='ltr'>τῷ</span> <span class='ocrx_word' id='word_1_567' title='bbox 1435 1783 1538 1815; x_wconf 86' lang='grc' dir='ltr'>Σατανᾷ</span> <span class='ocrx_word' id='word_1_568' title='bbox 1566 1781 1609 1807; x_wconf 84' lang='grc' dir='ltr'><em>καὶ</em></span> <span class='ocrx_word' id='word_1_569' title='bbox 1630 1787 1689 1811; x_wconf 86' lang='grc' dir='ltr'>τοῖς</span> <span class='ocrx_word' id='word_1_570' title='bbox 1712 1780 1800 1819; x_wconf 79' lang='grc' dir='ltr'>ἔργοις</span> <span class='ocrx_word' id='word_1_571' title='bbox 1818 1781 1866 1808; x_wconf 76' lang='grc' dir='ltr'><em>αὖ·</em></span> 
     </span>
    </p>
   </div>
   <div class='ocr_carea' id='block_1_84' title="bbox 1041 1823 1862 1862">
    <p class='ocr_par' dir='ltr' id='par_1_84' title="bbox 1041 1823 1862 1862">
     <span class='ocr_line' id='line_1_84' title="bbox 1041 1823 1862 1862; baseline 0.006 -14"><span class='ocrx_word' id='word_1_572' title='bbox 1041 1825 1096 1856; x_wconf 73' lang='grc' dir='ltr'>τοῦ,</span> <span class='ocrx_word' id='word_1_573' title='bbox 1120 1823 1149 1849; x_wconf 83' lang='grc' dir='ltr'>τὸ</span> <span class='ocrx_word' id='word_1_574' title='bbox 1170 1826 1307 1851; x_wconf 73' lang='grc' dir='ltr'>πιστεῦσαι</span> <span class='ocrx_word' id='word_1_575' title='bbox 1329 1823 1372 1852; x_wconf 83' lang='grc' dir='ltr'>ἐπὶ</span> <span class='ocrx_word' id='word_1_576' title='bbox 1394 1826 1469 1858; x_wconf 80' lang='grc' dir='ltr'>θεὸν,</span> <span class='ocrx_word' id='word_1_577' title='bbox 1499 1826 1530 1852; x_wconf 80' lang='grc' dir='ltr'>τὸ</span> <span class='ocrx_word' id='word_1_578' title='bbox 1559 1825 1742 1862; x_wconf 73' lang='grc' dir='ltr'>βαπτισθῆναι,</span> <span class='ocrx_word' id='word_1_579' title='bbox 1766 1826 1800 1852; x_wconf 76' lang='grc' dir='ltr'>τὸ</span> <span class='ocrx_word' id='word_1_580' title='bbox 1816 1825 1862 1853; x_wconf 87' lang='grc' dir='ltr'>λα-</span> 
     </span>
    </p>
   </div>
   <div class='ocr_carea' id='block_1_85' title="bbox 1040 1863 1866 1909">
    <p class='ocr_par' dir='ltr' id='par_1_85' title="bbox 1040 1863 1866 1909">
     <span class='ocr_line' id='line_1_85' title="bbox 1040 1863 1866 1909; baseline 0.006 -17"><span class='ocrx_word' id='word_1_581' title='bbox 1040 1863 1217 1894; x_wconf 70' lang='grc' dir='ltr'>ϐεἶνΠνεῦιια</span> <span class='ocrx_word' id='word_1_582' title='bbox 1233 1867 1319 1907; x_wconf 71' lang='grc' dir='ltr'>ἅγιον,</span> <span class='ocrx_word' id='word_1_583' title='bbox 1348 1869 1378 1896; x_wconf 79' lang='grc' dir='ltr'>τὸ</span> <span class='ocrx_word' id='word_1_584' title='bbox 1409 1868 1501 1897; x_wconf 74' lang='grc' dir='ltr'>εἰδέναι</span> <span class='ocrx_word' id='word_1_585' title='bbox 1525 1871 1622 1908; x_wconf 80' lang='grc' dir='ltr'>νεκρῶν</span> <span class='ocrx_word' id='word_1_586' title='bbox 1651 1869 1808 1909; x_wconf 70' lang='grc' dir='ltr'>ἀνάστασιν,</span> <span class='ocrx_word' id='word_1_587' title='bbox 1838 1871 1866 1898; x_wconf 77' lang='grc' dir='ltr'>τὸ</span> 
     </span>
    </p>
   </div>
   <div class='ocr_carea' id='block_1_86' title="bbox 1040 1911 1865 1954">
    <p class='ocr_par' dir='ltr' id='par_1_86' title="bbox 1040 1911 1865 1954">
     <span class='ocr_line' id='line_1_86' title="bbox 1040 1911 1865 1954; baseline 0.006 -18"><span class='ocrx_word' id='word_1_588' title='bbox 1040 1911 1170 1938; x_wconf 65' lang='grc' dir='ltr'>πιστεύειν</span> <span class='ocrx_word' id='word_1_589' title='bbox 1191 1911 1230 1939; x_wconf 78' lang='grc' dir='ltr'><em>ὅτι</em></span> <span class='ocrx_word' id='word_1_590' title='bbox 1248 1912 1319 1940; x_wconf 80' lang='grc' dir='ltr'>ἕσται</span> <span class='ocrx_word' id='word_1_591' title='bbox 1334 1914 1429 1952; x_wconf 79' lang='grc' dir='ltr'>κρίσις.</span> <span class='ocrx_word' id='word_1_592' title='bbox 1461 1917 1548 1942; x_wconf 85' lang='grc' dir='ltr'>Ταῦτα</span> <span class='ocrx_word' id='word_1_593' title='bbox 1562 1914 1610 1951; x_wconf 78' lang='grc' dir='ltr'>μὲν</span> <span class='ocrx_word' id='word_1_594' title='bbox 1633 1921 1757 1953; x_wconf 77' lang='grc' dir='ltr'>στοιχεῖα</span> <span class='ocrx_word' id='word_1_595' title='bbox 1774 1914 1865 1954; x_wconf 77' lang='grc' dir='ltr'>ἀρχῆς</span> 
     </span>
    </p>
   </div>
   <div class='ocr_carea' id='block_1_87' title="bbox 1040 1953 1865 1998">
    <p class='ocr_par' dir='ltr' id='par_1_87' title="bbox 1040 1953 1865 1998">
     <span class='ocr_line' id='line_1_87' title="bbox 1040 1953 1865 1998; baseline -0.007 -16"><span class='ocrx_word' id='word_1_596' title='bbox 1040 1953 1135 1992; x_wconf 66' lang='grc' dir='ltr'>λογίων</span> <span class='ocrx_word' id='word_1_597' title='bbox 1152 1959 1228 1987; x_wconf 84' lang='grc' dir='ltr'>Θεου.</span> <span class='ocrx_word' id='word_1_598' title='bbox 1246 1960 1377 1996; x_wconf 82' lang='grc' dir='ltr'>Στοιχεά</span> <span class='ocrx_word' id='word_1_599' title='bbox 1391 1957 1417 1985; x_wconf 79' lang='grc' dir='ltr'>δὲ</span> <span class='ocrx_word' id='word_1_600' title='bbox 1433 1957 1529 1996; x_wconf 76' lang='grc' dir='ltr'>λογίων</span> <span class='ocrx_word' id='word_1_601' title='bbox 1559 1962 1634 1994; x_wconf 66' lang='grc' dir='ltr'>Θεοῦ,</span> <span class='ocrx_word' id='word_1_602' title='bbox 1664 1959 1708 1986; x_wconf 73' lang='grc' dir='ltr'><em>καὶ</em></span> <span class='ocrx_word' id='word_1_603' title='bbox 1737 1960 1783 1987; x_wconf 62' lang='grc' dir='ltr'>οὐχ</span> <span class='ocrx_word' id='word_1_604' title='bbox 1814 1953 1865 1998; x_wconf 52' lang='grc' dir='ltr'><em>ἂρ,</em></span> 
     </span>
    </p>
   </div>
   <div class='ocr_carea' id='block_1_88' title="bbox 1041 1998 1864 2042">
    <p class='ocr_par' dir='ltr' id='par_1_88' title="bbox 1041 1998 1864 2042">
     <span class='ocr_line' id='line_1_88' title="bbox 1041 1998 1864 2042; baseline 0.006 -17"><span class='ocrx_word' id='word_1_605' title='bbox 1041 2001 1095 2037; x_wconf 76' lang='grc' dir='ltr'><em>χῆς</em></span> <span class='ocrx_word' id='word_1_606' title='bbox 1111 1998 1206 2038; x_wconf 83' lang='grc' dir='ltr'>λογίων</span> <span class='ocrx_word' id='word_1_607' title='bbox 1221 2004 1295 2035; x_wconf 85' lang='grc' dir='ltr'>Θεοῦ,</span> <span class='ocrx_word' id='word_1_608' title='bbox 1313 2002 1344 2029; x_wconf 79' lang='grc' dir='ltr'>τὸ</span> <span class='ocrx_word' id='word_1_609' title='bbox 1359 2001 1450 2030; x_wconf 79' lang='grc' dir='ltr'>εἰδέναι</span> <span class='ocrx_word' id='word_1_610' title='bbox 1466 2002 1506 2030; x_wconf 76' lang='grc' dir='ltr'><em>ὅτι</em></span> <span class='ocrx_word' id='word_1_611' title='bbox 1528 2002 1621 2031; x_wconf 70' lang='grc' dir='ltr'>ἔπαθεν</span> <span class='ocrx_word' id='word_1_612' title='bbox 1650 2002 1713 2042; x_wconf 73' lang='grc' dir='ltr'>ὑπὲρ</span> <span class='ocrx_word' id='word_1_613' title='bbox 1741 2003 1822 2040; x_wconf 79' lang='grc' dir='ltr'>ἡμῶν</span> <span class='ocrx_word' id='word_1_614' title='bbox 1851 2005 1864 2030; x_wconf 85' lang='grc' dir='ltr'>ὀ</span> 
     </span>
    </p>
   </div>
   <div class='ocr_carea' id='block_1_89' title="bbox 1042 2043 1862 2086">
    <p class='ocr_par' dir='ltr' id='par_1_89' title="bbox 1042 2043 1862 2086">
     <span class='ocr_line' id='line_1_89' title="bbox 1042 2043 1862 2086; baseline 0.007 -17"><span class='ocrx_word' id='word_1_615' title='bbox 1042 2044 1163 2080; x_wconf 72' lang='grc' dir='ltr'>Χριστὸς,</span> <span class='ocrx_word' id='word_1_616' title='bbox 1181 2043 1220 2071; x_wconf 71' lang='grc' dir='ltr'><em>ὅτι</em></span> <span class='ocrx_word' id='word_1_617' title='bbox 1236 2044 1345 2072; x_wconf 66' lang='grc' dir='ltr'>ἀνέλαϐε</span> <span class='ocrx_word' id='word_1_618' title='bbox 1361 2047 1406 2079; x_wconf 78' lang='grc' dir='ltr'><em>τὰς</em></span> <span class='ocrx_word' id='word_1_619' title='bbox 1436 2047 1563 2086; x_wconf 79' lang='grc' dir='ltr'>ἁμαρτίας</span> <span class='ocrx_word' id='word_1_620' title='bbox 1591 2048 1679 2086; x_wconf 56' lang='grc' dir='ltr'>ἡμῶν.</span> <span class='ocrx_word' id='word_1_621' title='bbox 1707 2046 1746 2074; x_wconf 82' lang='grc' dir='ltr'><em>ὅτι</em></span> <span class='ocrx_word' id='word_1_622' title='bbox 1769 2059 1862 2081; x_wconf 84' lang='grc' dir='ltr'>σωτη-</span> 
     </span>
    </p>
   </div>
   <div class='ocr_carea' id='block_1_90' title="bbox 1042 2087 1862 2131">
    <p class='ocr_par' dir='ltr' id='par_1_90' title="bbox 1042 2087 1862 2131">
     <span class='ocr_line' id='line_1_90' title="bbox 1042 2087 1862 2131; baseline 0.006 -18"><span class='ocrx_word' id='word_1_623' title='bbox 1042 2087 1096 2125; x_wconf 80' lang='grc' dir='ltr'>ρίαν</span> <span class='ocrx_word' id='word_1_624' title='bbox 1119 2088 1186 2124; x_wconf 74' lang='grc' dir='ltr'>ἡμῖν</span> <span class='ocrx_word' id='word_1_625' title='bbox 1215 2089 1365 2127; x_wconf 68' lang='grc' dir='ltr'>εἰργάσατο,</span> <span class='ocrx_word' id='word_1_626' title='bbox 1395 2090 1434 2118; x_wconf 81' lang='grc' dir='ltr'><em>ὅτι</em></span> <span class='ocrx_word' id='word_1_627' title='bbox 1470 2091 1608 2131; x_wconf 69' lang='grc' dir='ltr'>ἀρχιερεὺς</span> <span class='ocrx_word' id='word_1_628' title='bbox 1635 2092 1712 2128; x_wconf 80' lang='grc' dir='ltr'>ἡμῶν</span> <span class='ocrx_word' id='word_1_629' title='bbox 1741 2091 1862 2130; x_wconf 61' lang='grc' dir='ltr'>γέγονεν,</span> 
     </span>
    </p>
   </div>
   <div class='ocr_carea' id='block_1_91' title="bbox 1042 2131 1861 2175">
    <p class='ocr_par' dir='ltr' id='par_1_91' title="bbox 1042 2131 1861 2175">
     <span class='ocr_line' id='line_1_91' title="bbox 1042 2131 1861 2175; baseline 0.009 -17"><span class='ocrx_word' id='word_1_630' title='bbox 1042 2131 1081 2158; x_wconf 80' lang='grc' dir='ltr'><em>ὅτι</em></span> <span class='ocrx_word' id='word_1_631' title='bbox 1098 2132 1189 2160; x_wconf 72' lang='grc' dir='ltr'>ἑαυτὸν</span> <span class='ocrx_word' id='word_1_632' title='bbox 1210 2134 1388 2173; x_wconf 64' lang='grc' dir='ltr'>προσήνεγκεν</span> <span class='ocrx_word' id='word_1_633' title='bbox 1407 2136 1471 2175; x_wconf 75' lang='grc' dir='ltr'>ὑπὲρ</span> <span class='ocrx_word' id='word_1_634' title='bbox 1498 2136 1586 2173; x_wconf 74' lang='grc' dir='ltr'>ἡμῶν,</span> <span class='ocrx_word' id='word_1_635' title='bbox 1609 2136 1653 2163; x_wconf 81' lang='grc' dir='ltr'><em>καὶ</em></span> <span class='ocrx_word' id='word_1_636' title='bbox 1679 2135 1706 2162; x_wconf 80' lang='grc' dir='ltr'><em>εἴ</em></span> <span class='ocrx_word' id='word_1_637' title='bbox 1733 2147 1757 2163; x_wconf 87' lang='grc' dir='ltr'><em>τι</em></span> <span class='ocrx_word' id='word_1_638' title='bbox 1772 2147 1861 2175; x_wconf 81' lang='grc' dir='ltr'>παρα-</span> 
     </span>
    </p>
   </div>
   <div class='ocr_carea' id='block_1_92' title="bbox 173 2175 1008 2222">
    <p class='ocr_par' dir='ltr' id='par_1_92' title="bbox 173 2175 995 2222">
     <span class='ocr_line' id='line_1_92' title="bbox 173 2175 995 2222; baseline -0.005 -9"><span class='ocrx_word' id='word_1_639' title='bbox 173 2175 401 2222; x_wconf 84' lang='lat' dir='ltr'><em>Christus,quod</em></span> <span class='ocrx_word' id='word_1_640' title='bbox 413 2181 576 2220; x_wconf 85' lang='lat' dir='ltr'><em>susceperit</em></span> <span class='ocrx_word' id='word_1_641' title='bbox 587 2175 706 2220; x_wconf 81' lang='lat' dir='ltr'><em>peccata</em></span> <span class='ocrx_word' id='word_1_642' title='bbox 718 2180 908 2219; x_wconf 70' lang='lat' dir='ltr'><em>nostraquod</em></span> <span class='ocrx_word' id='word_1_643' title='bbox 919 2180 995 2209; x_wconf 85' lang='lat' dir='ltr'><em>salu-</em></span> 
     </span>
    </p>
   </div>
   <div class='ocr_carea' id='block_1_93' title="bbox 1093 2175 1861 2222">
    <p class='ocr_par' dir='ltr' id='par_1_93' title="bbox 1093 2177 1861 2218">
     <span class='ocr_line' id='line_1_93' title="bbox 1093 2177 1861 2218; baseline 0.008 -15"><span class='ocrx_word' id='word_1_644' title='bbox 1093 2177 1163 2210; x_wconf 51' lang='grc' dir='ltr'>ζσιον.</span> <span class='ocrx_word' id='word_1_645' title='bbox 1181 2177 1321 2212; x_wconf 86' lang='grc' dir='ltr'>Τελειότης</span> <span class='ocrx_word' id='word_1_646' title='bbox 1336 2178 1363 2207; x_wconf 74' lang='grc' dir='ltr'>δὲ</span> <span class='ocrx_word' id='word_1_647' title='bbox 1388 2184 1435 2208; x_wconf 88' lang='grc' dir='ltr'><em>τοῦ</em></span> <span class='ocrx_word' id='word_1_648' title='bbox 1462 2181 1510 2218; x_wconf 78' lang='grc' dir='ltr'>μὲν</span> <span class='ocrx_word' id='word_1_649' title='bbox 1538 2180 1715 2213; x_wconf 77' lang='grc' dir='ltr'>ἀποτάξασθαι</span> <span class='ocrx_word' id='word_1_650' title='bbox 1736 2183 1775 2217; x_wconf 83' lang='grc' dir='ltr'>τῷ</span> <span class='ocrx_word' id='word_1_651' title='bbox 1805 2184 1861 2209; x_wconf 86' lang='grc' dir='ltr'>Σα-</span> 
     </span>
    </p>
   </div>
   <div class='ocr_carea' id='block_1_94' title="bbox 176 2224 994 2266">
    <p class='ocr_par' dir='ltr' id='par_1_94' title="bbox 176 2224 994 2266">
     <span class='ocr_line' id='line_1_94' title="bbox 176 2224 994 2266; baseline -0.004 -9"><span class='ocrx_word' id='word_1_652' title='bbox 176 2230 235 2257; x_wconf 90' lang='lat' dir='ltr'><em>tem</em></span> <span class='ocrx_word' id='word_1_653' title='bbox 253 2226 339 2257; x_wconf 86' lang='lat' dir='ltr'><em>nobis</em></span> <span class='ocrx_word' id='word_1_654' title='bbox 350 2230 489 2266; x_wconf 86' lang='lat' dir='ltr'><em>operatus</em></span> <span class='ocrx_word' id='word_1_655' title='bbox 505 2225 634 2265; x_wconf 84' lang='lat' dir='ltr'><em>sit,quod</em></span> <span class='ocrx_word' id='word_1_656' title='bbox 652 2225 782 2265; x_wconf 86' lang='lat' dir='ltr'><em>pontifex</em></span> <span class='ocrx_word' id='word_1_657' title='bbox 800 2224 887 2254; x_wconf 87' lang='lat' dir='ltr'><em>nobis</em></span> <span class='ocrx_word' id='word_1_658' title='bbox 902 2224 994 2254; x_wconf 88' lang='lat' dir='ltr'><em>factus</em></span> 
     </span>
    </p>
   </div>
   <div class='ocr_carea' id='block_1_95' title="bbox 172 2268 994 2311">
    <p class='ocr_par' dir='ltr' id='par_1_95' title="bbox 172 2268 994 2311">
     <span class='ocr_line' id='line_1_95' title="bbox 172 2268 994 2311; baseline -0.004 -10"><span class='ocrx_word' id='word_1_659' title='bbox 172 2271 221 2309; x_wconf 88' lang='lat' dir='ltr'><em>sit,</em></span> <span class='ocrx_word' id='word_1_660' title='bbox 240 2271 317 2311; x_wconf 90' lang='lat' dir='ltr'><em>quod</em></span> <span class='ocrx_word' id='word_1_661' title='bbox 329 2271 460 2310; x_wconf 65' lang='lat' dir='ltr'><em>seipsum</em></span> <span class='ocrx_word' id='word_1_662' title='bbox 473 2269 614 2301; x_wconf 84' lang='lat' dir='ltr'><em>obtulerit</em></span> <span class='ocrx_word' id='word_1_663' title='bbox 628 2279 679 2309; x_wconf 88' lang='lat' dir='ltr'><em>pro</em></span> <span class='ocrx_word' id='word_1_664' title='bbox 691 2269 822 2305; x_wconf 87' lang='lat' dir='ltr'><em>nobis,et</em></span> <span class='ocrx_word' id='word_1_665' title='bbox 832 2268 935 2308; x_wconf 89' lang='lat' dir='ltr'><em>siquid</em></span> <span class='ocrx_word' id='word_1_666' title='bbox 947 2268 994 2298; x_wconf 89' lang='lat' dir='ltr'><em>his</em></span> 
     </span>
    </p>
   </div>
   <div class='ocr_carea' id='block_1_96' title="bbox 167 2312 992 2354">
    <p class='ocr_par' dir='ltr' id='par_1_96' title="bbox 167 2312 992 2354">
     <span class='ocr_line' id='line_1_96' title="bbox 167 2312 992 2354; baseline -0.004 -9"><span class='ocrx_word' id='word_1_667' title='bbox 167 2315 256 2346; x_wconf 84' lang='lat' dir='ltr'><em>affine</em></span> <span class='ocrx_word' id='word_1_668' title='bbox 268 2319 313 2345; x_wconf 89' lang='lat' dir='ltr'><em>est</em></span> <span class='ocrx_word' id='word_1_669' title='bbox 339 2314 483 2345; x_wconf 90' lang='lat' dir='ltr'><em>Perfectio</em></span> <span class='ocrx_word' id='word_1_670' title='bbox 499 2323 568 2344; x_wconf 88' lang='lat' dir='ltr'><em>vero</em></span> <span class='ocrx_word' id='word_1_671' title='bbox 585 2315 649 2353; x_wconf 85' lang='lat' dir='ltr'><em>ejus</em></span> <span class='ocrx_word' id='word_1_672' title='bbox 664 2314 742 2354; x_wconf 84' lang='lat' dir='ltr'><em>quod</em></span> <span class='ocrx_word' id='word_1_673' title='bbox 752 2317 796 2344; x_wconf 84' lang='lat' dir='ltr'><em>est</em></span> <span class='ocrx_word' id='word_1_674' title='bbox 806 2312 992 2344; x_wconf 86' lang='lat' dir='ltr'><em>renuntiasse</em></span> 
     </span>
    </p>
   </div>
   <div class='ocr_carea' id='block_1_97' title="bbox 168 2357 991 2400">
    <p class='ocr_par' dir='ltr' id='par_1_97' title="bbox 168 2357 991 2400">
     <span class='ocr_line' id='line_1_97' title="bbox 168 2357 991 2400; baseline -0.005 -10"><span class='ocrx_word' id='word_1_675' title='bbox 168 2359 283 2390; x_wconf 65' lang='lat' dir='ltr'><em>Satanae</em></span> <span class='ocrx_word' id='word_1_676' title='bbox 294 2360 418 2400; x_wconf 86' lang='lat' dir='ltr'><em>ejusque</em></span> <span class='ocrx_word' id='word_1_677' title='bbox 429 2358 678 2395; x_wconf 81' lang='lat' dir='ltr'><em>consortibus,est</em></span> <span class='ocrx_word' id='word_1_678' title='bbox 686 2358 830 2398; x_wconf 88' lang='lat' dir='ltr'><em>promotio</em></span> <span class='ocrx_word' id='word_1_679' title='bbox 840 2358 869 2388; x_wconf 92' lang='lat' dir='ltr'><em>in</em></span> <span class='ocrx_word' id='word_1_680' title='bbox 881 2357 991 2388; x_wconf 87' lang='lat' dir='ltr'><em>virtuti-</em></span> 
     </span>
    </p>
   </div>
   <div class='ocr_carea' id='block_1_98' title="bbox 167 2402 992 2443">
    <p class='ocr_par' dir='ltr' id='par_1_98' title="bbox 167 2402 992 2443">
     <span class='ocr_line' id='line_1_98' title="bbox 167 2402 992 2443; baseline -0.004 -9"><span class='ocrx_word' id='word_1_681' title='bbox 167 2403 395 2440; x_wconf 83' lang='lat' dir='ltr'><em>bus,tolerantia</em></span> <span class='ocrx_word' id='word_1_682' title='bbox 403 2403 595 2434; x_wconf 83' lang='lat' dir='ltr'><em>afflictionum</em></span> <span class='ocrx_word' id='word_1_683' title='bbox 603 2408 632 2434; x_wconf 92' lang='lat' dir='ltr'><em>et</em></span> <span class='ocrx_word' id='word_1_684' title='bbox 641 2402 880 2443; x_wconf 88' lang='lat' dir='ltr'><em>persecutionum</em></span> <span class='ocrx_word' id='word_1_685' title='bbox 887 2411 921 2432; x_wconf 86' lang='lat' dir='ltr'><em>ac</em></span> <span class='ocrx_word' id='word_1_686' title='bbox 931 2406 992 2432; x_wconf 91' lang='lat' dir='ltr'><em>ten-</em></span> 
     </span>
    </p>
   </div>
   <div class='ocr_carea' id='block_1_99' title="bbox 166 2447 992 2488">
    <p class='ocr_par' dir='ltr' id='par_1_99' title="bbox 166 2447 992 2488">
     <span class='ocr_line' id='line_1_99' title="bbox 166 2447 992 2488; baseline -0.004 -9"><span class='ocrx_word' id='word_1_687' title='bbox 166 2447 472 2487; x_wconf 86' lang='lat' dir='ltr'><em>tationum.Suprema</em></span> <span class='ocrx_word' id='word_1_688' title='bbox 484 2451 581 2478; x_wconf 88' lang='lat' dir='ltr'><em>autem</em></span> <span class='ocrx_word' id='word_1_689' title='bbox 592 2448 732 2488; x_wconf 86' lang='lat' dir='ltr'><em>perfectio</em></span> <span class='ocrx_word' id='word_1_690' title='bbox 744 2451 787 2478; x_wconf 90' lang='lat' dir='ltr'><em>est</em></span> <span class='ocrx_word' id='word_1_691' title='bbox 799 2451 898 2477; x_wconf 81' lang='lat' dir='ltr'><em>exacta</em></span> <span class='ocrx_word' id='word_1_692' title='bbox 911 2455 992 2476; x_wconf 86' lang='lat' dir='ltr'><em>com-</em></span> 
     </span>
    </p>
   </div>
   <div class='ocr_carea' id='block_1_100' title="bbox 165 2490 990 2533">
    <p class='ocr_par' dir='ltr' id='par_1_100' title="bbox 165 2490 990 2533">
     <span class='ocr_line' id='line_1_100' title="bbox 165 2490 990 2533; baseline -0.004 -10"><span class='ocrx_word' id='word_1_693' title='bbox 165 2492 335 2533; x_wconf 82' lang='lat' dir='ltr'><em>prehensio,</em></span> <span class='ocrx_word' id='word_1_694' title='bbox 368 2497 399 2522; x_wconf 88' lang='lat' dir='ltr'><em>et</em></span> <span class='ocrx_word' id='word_1_695' title='bbox 428 2496 536 2533; x_wconf 85' lang='lat' dir='ltr'><em>quanta</em></span> <span class='ocrx_word' id='word_1_696' title='bbox 568 2493 684 2523; x_wconf 89' lang='lat' dir='ltr'><em>homini</em></span> <span class='ocrx_word' id='word_1_697' title='bbox 714 2491 863 2532; x_wconf 85' lang='lat' dir='ltr'><em>possibilis</em></span> <span class='ocrx_word' id='word_1_698' title='bbox 880 2495 935 2528; x_wconf 90' lang='lat' dir='ltr'><em>est,</em></span> <span class='ocrx_word' id='word_1_699' title='bbox 953 2490 990 2521; x_wconf 91' lang='lat' dir='ltr'><em>de</em></span> 
     </span>
    </p>
   </div>
   <div class='ocr_carea' id='block_1_101' title="bbox 165 2535 992 2577">
    <p class='ocr_par' dir='ltr' id='par_1_101' title="bbox 165 2535 992 2577">
     <span class='ocr_line' id='line_1_101' title="bbox 165 2535 992 2577; baseline -0.005 -8"><span class='ocrx_word' id='word_1_700' title='bbox 165 2538 276 2569; x_wconf 85' lang='lat' dir='ltr'><em>Christi</em></span> <span class='ocrx_word' id='word_1_701' title='bbox 290 2537 447 2575; x_wconf 85' lang='lat' dir='ltr'><em>theologia.</em></span> <span class='ocrx_word' id='word_1_702' title='bbox 462 2537 592 2568; x_wconf 88' lang='lat' dir='ltr'><em>Primum</em></span> <span class='ocrx_word' id='word_1_703' title='bbox 603 2537 856 2577; x_wconf 70' lang='lat' dir='ltr'><em>igiturcretlentes</em></span> <span class='ocrx_word' id='word_1_704' title='bbox 866 2535 992 2576; x_wconf 88' lang='lat' dir='ltr'><em>baptiza-</em></span> 
     </span>
    </p>
   </div>
   <div class='ocr_carea' id='block_1_102' title="bbox 167 2580 992 2622">
    <p class='ocr_par' dir='ltr' id='par_1_102' title="bbox 167 2580 992 2622">
     <span class='ocr_line' id='line_1_102' title="bbox 167 2580 992 2622; baseline -0.002 -10"><span class='ocrx_word' id='word_1_705' title='bbox 167 2591 244 2619; x_wconf 91' lang='lat' dir='ltr'><em>mur,</em></span> <span class='ocrx_word' id='word_1_706' title='bbox 260 2581 370 2612; x_wconf 86' lang='lat' dir='ltr'><em>deinde</em></span> <span class='ocrx_word' id='word_1_707' title='bbox 385 2582 575 2622; x_wconf 79' lang='lat' dir='ltr'><em>agnoscimus</em></span> <span class='ocrx_word' id='word_1_708' title='bbox 593 2587 701 2622; x_wconf 89' lang='lat' dir='ltr'><em>quanta</em></span> <span class='ocrx_word' id='word_1_709' title='bbox 717 2591 770 2622; x_wconf 92' lang='lat' dir='ltr'><em>pro</em></span> <span class='ocrx_word' id='word_1_710' title='bbox 789 2580 875 2611; x_wconf 86' lang='lat' dir='ltr'><em>nobis</em></span> <span class='ocrx_word' id='word_1_711' title='bbox 890 2589 992 2620; x_wconf 86' lang='lat' dir='ltr'><em>passus</em></span> 
     </span>
    </p>
   </div>
   <div class='ocr_carea' id='block_1_103' title="bbox 166 2625 990 2666">
    <p class='ocr_par' dir='ltr' id='par_1_103' title="bbox 166 2625 990 2666">
     <span class='ocr_line' id='line_1_103' title="bbox 166 2625 990 2666; baseline -0.004 -9"><span class='ocrx_word' id='word_1_712' title='bbox 166 2627 205 2657; x_wconf 88' lang='lat' dir='ltr'><em>sit</em></span> <span class='ocrx_word' id='word_1_713' title='bbox 217 2625 352 2658; x_wconf 85' lang='lat' dir='ltr'><em>Christus</em></span> <span class='ocrx_word' id='word_1_714' title='bbox 364 2636 400 2657; x_wconf 86' lang='lat' dir='ltr'><em>ac</em></span> <span class='ocrx_word' id='word_1_715' title='bbox 415 2626 613 2666; x_wconf 82' lang='lat' dir='ltr'><em>feceritjuxta</em></span> <span class='ocrx_word' id='word_1_716' title='bbox 622 2626 845 2663; x_wconf 88' lang='lat' dir='ltr'><em>humanitatem,</em></span> <span class='ocrx_word' id='word_1_717' title='bbox 859 2629 990 2665; x_wconf 87' lang='lat' dir='ltr'><em>postmo-</em></span> 
     </span>
    </p>
   </div>
   <div class='ocr_carea' id='block_1_104' title="bbox 167 2668 992 2712">
    <p class='ocr_par' dir='ltr' id='par_1_104' title="bbox 167 2668 992 2712">
     <span class='ocr_line' id='line_1_104' title="bbox 167 2668 992 2712; baseline -0.004 -11"><span class='ocrx_word' id='word_1_718' title='bbox 167 2670 236 2702; x_wconf 90' lang='lat' dir='ltr'><em>dum</em></span> <span class='ocrx_word' id='word_1_719' title='bbox 265 2670 428 2701; x_wconf 88' lang='lat' dir='ltr'><em>virtutibus</em></span> <span class='ocrx_word' id='word_1_720' title='bbox 455 2671 636 2712; x_wconf 87' lang='lat' dir='ltr'><em>perﬁcimur,</em></span> <span class='ocrx_word' id='word_1_721' title='bbox 662 2671 767 2702; x_wconf 85' lang='lat' dir='ltr'><em>exinde</em></span> <span class='ocrx_word' id='word_1_722' title='bbox 783 2670 872 2700; x_wconf 86' lang='lat' dir='ltr'><em>etiam</em></span> <span class='ocrx_word' id='word_1_723' title='bbox 888 2668 992 2708; x_wconf 82' lang='lat' dir='ltr'><em>cogni-</em></span> 
     </span>
    </p>
   </div>
   <div class='ocr_carea' id='block_1_105' title="bbox 173 2713 993 2756">
    <p class='ocr_par' dir='ltr' id='par_1_105' title="bbox 173 2713 993 2756">
     <span class='ocr_line' id='line_1_105' title="bbox 173 2713 993 2756; baseline -0.005 -10"><span class='ocrx_word' id='word_1_724' title='bbox 173 2717 265 2756; x_wconf 78' lang='lat' dir='ltr'><em>tione,</em></span> <span class='ocrx_word' id='word_1_725' title='bbox 284 2725 351 2756; x_wconf 81' lang='lat' dir='ltr'><em>quae</em></span> <span class='ocrx_word' id='word_1_726' title='bbox 369 2716 532 2746; x_wconf 85' lang='lat' dir='ltr'><em>secundum</em></span> <span class='ocrx_word' id='word_1_727' title='bbox 550 2716 677 2746; x_wconf 86' lang='lat' dir='ltr'><em>divinam</em></span> <span class='ocrx_word' id='word_1_728' title='bbox 695 2715 902 2746; x_wconf 79' lang='lat' dir='ltr'><em>cstscicntiam</em></span> <span class='ocrx_word' id='word_1_729' title='bbox 913 2713 993 2752; x_wconf 79' lang='lat' dir='ltr'><em>digni</em></span> 
     </span>
    </p>
   </div>
   <div class='ocr_carea' id='block_1_106' title="bbox 169 2759 991 2800">
    <p class='ocr_par' dir='ltr' id='par_1_106' title="bbox 169 2759 991 2800">
     <span class='ocr_line' id='line_1_106' title="bbox 169 2759 991 2800; baseline -0.004 -10"><span class='ocrx_word' id='word_1_730' title='bbox 169 2760 342 2792; x_wconf 88' lang='lat' dir='ltr'><em>rcddimur.</em></span> <span class='ocrx_word' id='word_1_731' title='bbox 359 2759 438 2790; x_wconf 81' lang='lat' dir='ltr'><em>«Non</em></span> <span class='ocrx_word' id='word_1_732' title='bbox 451 2761 723 2800; x_wconf 88' lang='lat' dir='ltr'><em>rnrsumjacientes</em></span> <span class='ocrx_word' id='word_1_733' title='bbox 737 2759 991 2791; x_wconf 72' lang='lat' dir='ltr'><em>fundamentum.»</em></span> 
     </span>
    </p>
   </div>
   <div class='ocr_carea' id='block_1_107' title="bbox 164 2803 994 2845">
    <p class='ocr_par' dir='ltr' id='par_1_107' title="bbox 164 2803 994 2845">
     <span class='ocr_line' id='line_1_107' title="bbox 164 2803 994 2845; baseline -0.002 -9"><span class='ocrx_word' id='word_1_734' title='bbox 164 2803 231 2837; x_wconf 84' lang='lat' dir='ltr'><em>Non</em></span> <span class='ocrx_word' id='word_1_735' title='bbox 247 2814 366 2836; x_wconf 89' lang='lat' dir='ltr'><em>rursum</em></span> <span class='ocrx_word' id='word_1_736' title='bbox 382 2805 461 2836; x_wconf 80' lang='lat' dir='ltr'><em>aliud</em></span> <span class='ocrx_word' id='word_1_737' title='bbox 473 2805 622 2845; x_wconf 85' lang='lat' dir='ltr'><em>jacientes</em></span> <span class='ocrx_word' id='word_1_738' title='bbox 638 2805 876 2841; x_wconf 84' lang='lat' dir='ltr'><em>fundamentum,</em></span> <span class='ocrx_word' id='word_1_739' title='bbox 904 2803 994 2834; x_wconf 86' lang='lat' dir='ltr'><em>veluti</em></span> 
     </span>
    </p>
   </div>
   <div class='ocr_carea' id='block_1_108' title="bbox 1036 2222 1860 2264">
    <p class='ocr_par' dir='ltr' id='par_1_108' title="bbox 1036 2222 1860 2264">
     <span class='ocr_line' id='line_1_108' title="bbox 1036 2222 1860 2264; baseline 0.007 -17"><span class='ocrx_word' id='word_1_740' title='bbox 1036 2224 1110 2256; x_wconf 76' lang='grc' dir='ltr'>τανᾷ,</span> <span class='ocrx_word' id='word_1_741' title='bbox 1128 2222 1243 2254; x_wconf 76' lang='grc' dir='ltr'>καὶτοῖς</span> <span class='ocrx_word' id='word_1_742' title='bbox 1265 2224 1358 2252; x_wconf 83' lang='grc' dir='ltr'>τούτου</span> <span class='ocrx_word' id='word_1_743' title='bbox 1384 2225 1546 2264; x_wconf 84' lang='grc' dir='ltr'>συστοίχοις,</span> <span class='ocrx_word' id='word_1_744' title='bbox 1578 2226 1595 2259; x_wconf 78' lang='grc' dir='ltr'>ἡ</span> <span class='ocrx_word' id='word_1_745' title='bbox 1620 2224 1648 2252; x_wconf 81' lang='grc' dir='ltr'>ἐν</span> <span class='ocrx_word' id='word_1_746' title='bbox 1673 2231 1734 2256; x_wconf 79' lang='grc' dir='ltr'>ταῖς</span> <span class='ocrx_word' id='word_1_747' title='bbox 1749 2225 1860 2264; x_wconf 78' lang='grc' dir='ltr'>ἀρεταῖς</span> 
     </span>
    </p>
   </div>
   <div class='ocr_carea' id='block_1_109' title="bbox 1035 2267 1861 2309">
    <p class='ocr_par' dir='ltr' id='par_1_109' title="bbox 1035 2267 1861 2309">
     <span class='ocr_line' id='line_1_109' title="bbox 1035 2267 1861 2309; baseline 0.007 -17"><span class='ocrx_word' id='word_1_748' title='bbox 1035 2270 1167 2304; x_wconf 74' lang='grc' dir='ltr'>προκοπή,</span> <span class='ocrx_word' id='word_1_749' title='bbox 1184 2268 1201 2300; x_wconf 78' lang='grc' dir='ltr'>ἡ</span> <span class='ocrx_word' id='word_1_750' title='bbox 1216 2268 1268 2295; x_wconf 86' lang='grc' dir='ltr'><em>τῶν</em></span> <span class='ocrx_word' id='word_1_751' title='bbox 1282 2267 1395 2306; x_wconf 77' lang='grc' dir='ltr'>θλίψεων</span> <span class='ocrx_word' id='word_1_752' title='bbox 1411 2270 1454 2297; x_wconf 87' lang='grc' dir='ltr'><em>καὶ</em></span> <span class='ocrx_word' id='word_1_753' title='bbox 1479 2270 1603 2309; x_wconf 82' lang='grc' dir='ltr'>διωγμῶν</span> <span class='ocrx_word' id='word_1_754' title='bbox 1633 2271 1677 2298; x_wconf 83' lang='grc' dir='ltr'><em>καὶ</em></span> <span class='ocrx_word' id='word_1_755' title='bbox 1705 2273 1861 2309; x_wconf 50' lang='grc' dir='ltr'>πειρασμῶν</span> 
     </span>
    </p>
   </div>
   <div class='ocr_carea' id='block_1_110' title="bbox 1033 2309 1861 2354">
    <p class='ocr_par' dir='ltr' id='par_1_110' title="bbox 1033 2309 1861 2354">
     <span class='ocr_line' id='line_1_110' title="bbox 1033 2309 1861 2354; baseline 0.008 -18"><span class='ocrx_word' id='word_1_756' title='bbox 1033 2309 1165 2347; x_wconf 82' lang='grc' dir='ltr'>ὑπομονή,</span> <span class='ocrx_word' id='word_1_757' title='bbox 1190 2310 1330 2346; x_wconf 85' lang='grc' dir='ltr'>Τελειότης</span> <span class='ocrx_word' id='word_1_758' title='bbox 1352 2312 1379 2341; x_wconf 80' lang='grc' dir='ltr'>δὲ</span> <span class='ocrx_word' id='word_1_759' title='bbox 1394 2314 1411 2346; x_wconf 82' lang='grc' dir='ltr'>ἡ</span> <span class='ocrx_word' id='word_1_760' title='bbox 1428 2313 1555 2342; x_wconf 73' lang='grc' dir='ltr'>ἀνωτάτω</span> <span class='ocrx_word' id='word_1_761' title='bbox 1573 2315 1590 2348; x_wconf 80' lang='grc' dir='ltr'><strong>ἡ</strong></span> <span class='ocrx_word' id='word_1_762' title='bbox 1606 2315 1664 2354; x_wconf 87' lang='grc' dir='ltr'>περὶ</span> <span class='ocrx_word' id='word_1_763' title='bbox 1691 2317 1740 2348; x_wconf 75' lang='grc' dir='ltr'><em>τῆς</em></span> <span class='ocrx_word' id='word_1_764' title='bbox 1769 2315 1861 2343; x_wconf 78' lang='grc' dir='ltr'>θεολο·</span> 
     </span>
    </p>
   </div>
   <div class='ocr_carea' id='block_1_111' title="bbox 1032 2354 1858 2398">
    <p class='ocr_par' dir='ltr' id='par_1_111' title="bbox 1032 2354 1858 2398">
     <span class='ocr_line' id='line_1_111' title="bbox 1032 2354 1858 2398; baseline 0.008 -18"><span class='ocrx_word' id='word_1_765' title='bbox 1032 2354 1090 2392; x_wconf 85' lang='grc' dir='ltr'>γίας</span> <span class='ocrx_word' id='word_1_766' title='bbox 1106 2358 1228 2395; x_wconf 81' lang='grc' dir='ltr'>Χριστου,</span> <span class='ocrx_word' id='word_1_767' title='bbox 1259 2357 1371 2385; x_wconf 83' lang='grc' dir='ltr'>καθόσον</span> <span class='ocrx_word' id='word_1_768' title='bbox 1395 2357 1464 2385; x_wconf 80' lang='grc' dir='ltr'>ἐστὶν</span> <span class='ocrx_word' id='word_1_769' title='bbox 1487 2358 1616 2398; x_wconf 80' lang='grc' dir='ltr'>ἀνθρώπῳ</span> <span class='ocrx_word' id='word_1_770' title='bbox 1644 2357 1751 2386; x_wconf 82' lang='grc' dir='ltr'>δυνατὸν</span> <span class='ocrx_word' id='word_1_771' title='bbox 1779 2358 1858 2398; x_wconf 77' lang='grc' dir='ltr'>ἀκρι-</span> 
     </span>
    </p>
   </div>
   <div class='ocr_carea' id='block_1_112' title="bbox 1033 2398 1858 2442">
    <p class='ocr_par' dir='ltr' id='par_1_112' title="bbox 1033 2398 1858 2442">
     <span class='ocr_line' id='line_1_112' title="bbox 1033 2398 1858 2442; baseline 0.007 -15"><span class='ocrx_word' id='word_1_772' title='bbox 1033 2398 1082 2433; x_wconf 74' lang='grc' dir='ltr'><em>ϐὴς</em></span> <span class='ocrx_word' id='word_1_773' title='bbox 1118 2401 1279 2439; x_wconf 76' lang='grc' dir='ltr'>κατάληψις.</span> <span class='ocrx_word' id='word_1_774' title='bbox 1319 2406 1426 2442; x_wconf 82' lang='grc' dir='ltr'>Πρῶτον</span> <span class='ocrx_word' id='word_1_775' title='bbox 1461 2404 1504 2432; x_wconf 78' lang='grc' dir='ltr'>οὖν</span> <span class='ocrx_word' id='word_1_776' title='bbox 1534 2405 1701 2435; x_wconf 81' lang='grc' dir='ltr'>πιστεύοννες</span> <span class='ocrx_word' id='word_1_777' title='bbox 1729 2405 1858 2442; x_wconf 77' lang='grc' dir='ltr'>βαπτιζό-</span> 
     </span>
    </p>
   </div>
   <div class='ocr_carea' id='block_1_113' title="bbox 1032 2445 1857 2488">
    <p class='ocr_par' dir='ltr' id='par_1_113' title="bbox 1032 2445 1857 2488">
     <span class='ocr_line' id='line_1_113' title="bbox 1032 2445 1857 2488; baseline 0.006 -16"><span class='ocrx_word' id='word_1_778' title='bbox 1032 2446 1109 2484; x_wconf 85' lang='grc' dir='ltr'>μεθα,</span> <span class='ocrx_word' id='word_1_779' title='bbox 1133 2445 1194 2473; x_wconf 78' lang='grc' dir='ltr'>εἶτα</span> <span class='ocrx_word' id='word_1_780' title='bbox 1215 2445 1422 2485; x_wconf 75' lang='grc' dir='ltr'>ἐπιγινήσκομεν</span> <span class='ocrx_word' id='word_1_781' title='bbox 1443 2447 1492 2476; x_wconf 82' lang='grc' dir='ltr'><em>ὅσα</em></span> <span class='ocrx_word' id='word_1_782' title='bbox 1512 2449 1578 2488; x_wconf 69' lang='grc' dir='ltr'>ὑπὲρ</span> <span class='ocrx_word' id='word_1_783' title='bbox 1606 2449 1683 2486; x_wconf 77' lang='grc' dir='ltr'>ἡμῶν</span> <span class='ocrx_word' id='word_1_784' title='bbox 1707 2450 1721 2476; x_wconf 85' lang='grc' dir='ltr'><strong>ὁ</strong></span> <span class='ocrx_word' id='word_1_785' title='bbox 1746 2450 1857 2487; x_wconf 70' lang='grc' dir='ltr'>Χριστὸς</span> 
     </span>
    </p>
   </div>
   <div class='ocr_carea' id='block_1_114' title="bbox 1033 2488 1856 2532">
    <p class='ocr_par' dir='ltr' id='par_1_114' title="bbox 1033 2488 1856 2532">
     <span class='ocr_line' id='line_1_114' title="bbox 1033 2488 1856 2532; baseline 0.006 -16"><span class='ocrx_word' id='word_1_786' title='bbox 1033 2488 1110 2517; x_wconf 72' lang='grc' dir='ltr'>ἔπαθέ</span> <span class='ocrx_word' id='word_1_787' title='bbox 1126 2501 1153 2517; x_wconf 87' lang='grc' dir='ltr'><em>τε</em></span> <span class='ocrx_word' id='word_1_788' title='bbox 1169 2491 1212 2518; x_wconf 82' lang='grc' dir='ltr'><em>καὶ</em></span> <span class='ocrx_word' id='word_1_789' title='bbox 1233 2490 1342 2524; x_wconf 77' lang='grc' dir='ltr'>ἐποίησε</span> <span class='ocrx_word' id='word_1_790' title='bbox 1357 2493 1425 2520; x_wconf 72' lang='grc' dir='ltr'>κατὰ</span> <span class='ocrx_word' id='word_1_791' title='bbox 1447 2494 1477 2520; x_wconf 85' lang='grc' dir='ltr'>τὸ</span> <span class='ocrx_word' id='word_1_792' title='bbox 1501 2492 1702 2532; x_wconf 71' lang='grc' dir='ltr'>ἐνανθρώπινον,</span> <span class='ocrx_word' id='word_1_793' title='bbox 1720 2493 1782 2521; x_wconf 79' lang='grc' dir='ltr'>εἶτα</span> <span class='ocrx_word' id='word_1_794' title='bbox 1796 2499 1856 2524; x_wconf 76' lang='grc' dir='ltr'>ταῖς</span> 
     </span>
    </p>
   </div>
   <div class='ocr_carea' id='block_1_115' title="bbox 1033 2533 1855 2576">
    <p class='ocr_par' dir='ltr' id='par_1_115' title="bbox 1033 2533 1855 2576">
     <span class='ocr_line' id='line_1_115' title="bbox 1033 2533 1855 2576; baseline 0.007 -16"><span class='ocrx_word' id='word_1_795' title='bbox 1033 2533 1138 2572; x_wconf 79' lang='grc' dir='ltr'>ἀρεταῖς</span> <span class='ocrx_word' id='word_1_796' title='bbox 1161 2534 1340 2574; x_wconf 83' lang='grc' dir='ltr'>τελειούμεθα,</span> <span class='ocrx_word' id='word_1_797' title='bbox 1380 2536 1470 2564; x_wconf 73' lang='grc' dir='ltr'>ἔπειτα</span> <span class='ocrx_word' id='word_1_798' title='bbox 1498 2538 1541 2565; x_wconf 81' lang='grc' dir='ltr'><em>καὶ</em></span> <span class='ocrx_word' id='word_1_799' title='bbox 1573 2537 1620 2570; x_wconf 74' lang='grc' dir='ltr'><em>τῆς</em></span> <span class='ocrx_word' id='word_1_800' title='bbox 1650 2537 1773 2576; x_wconf 78' lang='grc' dir='ltr'>γνώσεως</span> <span class='ocrx_word' id='word_1_801' title='bbox 1807 2540 1855 2570; x_wconf 79' lang='grc' dir='ltr'>τῆς</span> 
     </span>
    </p>
   </div>
   <div class='ocr_carea' id='block_1_116' title="bbox 1032 2578 1849 2620">
    <p class='ocr_par' dir='ltr' id='par_1_116' title="bbox 1032 2578 1849 2620">
     <span class='ocr_line' id='line_1_116' title="bbox 1032 2578 1849 2620; baseline 0.006 -15"><span class='ocrx_word' id='word_1_802' title='bbox 1032 2578 1100 2605; x_wconf 73' lang='grc' dir='ltr'>κατὰ</span> <span class='ocrx_word' id='word_1_803' title='bbox 1113 2579 1162 2611; x_wconf 76' lang='grc' dir='ltr'><em>τὴν</em></span> <span class='ocrx_word' id='word_1_804' title='bbox 1183 2579 1321 2620; x_wconf 85' lang='grc' dir='ltr'>θεολογίαν</span> <span class='ocrx_word' id='word_1_805' title='bbox 1335 2580 1485 2619; x_wconf 77' lang='grc' dir='ltr'>ἀξιούμεθα.</span> <span class='ocrx_word' id='word_1_806' title='bbox 1504 2591 1519 2611; x_wconf 79' lang='lat'><strong>)</strong></span> <span class='ocrx_word' id='word_1_807' title='bbox 1539 2582 1582 2615; x_wconf 83' lang='grc' dir='ltr'><em>Μὴ</em></span> <span class='ocrx_word' id='word_1_808' title='bbox 1596 2581 1675 2610; x_wconf 82' lang='grc' dir='ltr'>πάλιν</span> <span class='ocrx_word' id='word_1_809' title='bbox 1690 2581 1822 2620; x_wconf 72' lang='grc' dir='ltr'>θεμέλιον,</span> <span class='ocrx_word' id='word_1_810' title='bbox 1839 2594 1849 2610; x_wconf 74' lang='grc' dir='ltr'><strong>υ</strong></span> 
     </span>
    </p>
   </div>
   <div class='ocr_carea' id='block_1_117' title="bbox 1033 2624 1851 2669">
    <p class='ocr_par' dir='ltr' id='par_1_117' title="bbox 1033 2624 1851 2669">
     <span class='ocr_line' id='line_1_117' title="bbox 1033 2624 1851 2669; baseline 0.007 -18"><span class='ocrx_word' id='word_1_811' title='bbox 1033 2625 1076 2658; x_wconf 76' lang='grc' dir='ltr'><em>Μὴ</em></span> <span class='ocrx_word' id='word_1_812' title='bbox 1099 2624 1182 2669; x_wconf 74' lang='grc' dir='ltr'>πάλιν</span> <span class='ocrx_word' id='word_1_813' title='bbox 1197 2625 1284 2666; x_wconf 79' lang='grc' dir='ltr'>ἕτερον</span> <span class='ocrx_word' id='word_1_814' title='bbox 1302 2627 1422 2665; x_wconf 80' lang='grc' dir='ltr'>θεμέλιον</span> <span class='ocrx_word' id='word_1_815' title='bbox 1437 2627 1674 2667; x_wconf 65' lang='grc' dir='ltr'><em>κτιιτιπὶϐςιιλλόμ.ενοι⁷</em></span> <span class='ocrx_word' id='word_1_816' title='bbox 1693 2631 1762 2669; x_wconf 72' lang='grc' dir='ltr'>οἷον,</span> <span class='ocrx_word' id='word_1_817' title='bbox 1778 2629 1851 2669; x_wconf 76' lang='grc' dir='ltr'>φησὶ,</span> 
     </span>
    </p>
   </div>
   <div class='ocr_carea' id='block_1_118' title="bbox 1033 2668 1853 2712">
    <p class='ocr_par' dir='ltr' id='par_1_118' title="bbox 1033 2668 1853 2712">
     <span class='ocr_line' id='line_1_118' title="bbox 1033 2668 1853 2712; baseline 0.006 -16"><span class='ocrx_word' id='word_1_818' title='bbox 1033 2668 1251 2708; x_wconf 74' lang='grc' dir='ltr'>καταϐαλλόμεθα</span> <span class='ocrx_word' id='word_1_819' title='bbox 1274 2671 1301 2700; x_wconf 80' lang='grc' dir='ltr'>ἐν</span> <span class='ocrx_word' id='word_1_820' title='bbox 1329 2676 1368 2709; x_wconf 86' lang='grc' dir='ltr'><em>τῷ</em></span> <span class='ocrx_word' id='word_1_821' title='bbox 1398 2673 1575 2711; x_wconf 81' lang='grc' dir='ltr'>βαπτίζεσθαι,</span> <span class='ocrx_word' id='word_1_822' title='bbox 1610 2673 1755 2712; x_wconf 76' lang='grc' dir='ltr'>τουτέστιν,</span> <span class='ocrx_word' id='word_1_823' title='bbox 1784 2674 1853 2702; x_wconf 81' lang='grc' dir='ltr'>ἀπο-</span> 
     </span>
    </p>
   </div>
   <div class='ocr_carea' id='block_1_119' title="bbox 1034 2712 1850 2759">
    <p class='ocr_par' dir='ltr' id='par_1_119' title="bbox 1034 2712 1850 2759">
     <span class='ocr_line' id='line_1_119' title="bbox 1034 2712 1850 2759; baseline 0.006 -18"><span class='ocrx_word' id='word_1_824' title='bbox 1034 2717 1119 2753; x_wconf 76' lang='grc' dir='ltr'>ταγῆς</span> <span class='ocrx_word' id='word_1_825' title='bbox 1143 2718 1196 2742; x_wconf 80' lang='grc' dir='ltr'>τῶν</span> <span class='ocrx_word' id='word_1_826' title='bbox 1212 2715 1294 2755; x_wconf 75' lang='grc' dir='ltr'>ἔργων</span> <span class='ocrx_word' id='word_1_827' title='bbox 1315 2722 1361 2746; x_wconf 80' lang='grc' dir='ltr'><em>τοῦ</em></span> <span class='ocrx_word' id='word_1_828' title='bbox 1383 2721 1499 2748; x_wconf 77' lang='grc' dir='ltr'>Σατανᾶ,</span> <span class='ocrx_word' id='word_1_829' title='bbox 1517 2712 1609 2750; x_wconf 50' lang='grc' dir='ltr'>υΛπαΞ</span> <span class='ocrx_word' id='word_1_830' title='bbox 1624 2719 1684 2758; x_wconf 81' lang='grc' dir='ltr'>γὰρ,</span> <span class='ocrx_word' id='word_1_831' title='bbox 1705 2719 1780 2759; x_wconf 70' lang='grc' dir='ltr'>φησὶ,</span> <span class='ocrx_word' id='word_1_832' title='bbox 1803 2729 1850 2756; x_wconf 85' lang='grc' dir='ltr'>με·-</span> 
     </span>
    </p>
   </div>
   <div class='ocr_carea' id='block_1_120' title="bbox 1039 2759 1852 2800">
    <p class='ocr_par' dir='ltr' id='par_1_120' title="bbox 1039 2759 1852 2800">
     <span class='ocr_line' id='line_1_120' title="bbox 1039 2759 1852 2800; baseline 0.006 -15"><span class='ocrx_word' id='word_1_833' title='bbox 1039 2759 1214 2793; x_wconf 77' lang='grc' dir='ltr'>τανοήσαντες</span> <span class='ocrx_word' id='word_1_834' title='bbox 1231 2760 1272 2788; x_wconf 78' lang='grc' dir='ltr'><em>ἐπ’</em></span> <span class='ocrx_word' id='word_1_835' title='bbox 1288 2762 1379 2794; x_wconf 67' lang='grc' dir='ltr'>αὐτοῖς</span> <span class='ocrx_word' id='word_1_836' title='bbox 1402 2761 1607 2800; x_wconf 75' lang='grc' dir='ltr'>ἐϐαπτίσθημεν,</span> <span class='ocrx_word' id='word_1_837' title='bbox 1627 2764 1670 2791; x_wconf 79' lang='grc' dir='ltr'><em>καὶ</em></span> <span class='ocrx_word' id='word_1_838' title='bbox 1694 2765 1741 2792; x_wconf 68' lang='grc' dir='ltr'>οὒκ</span> <span class='ocrx_word' id='word_1_839' title='bbox 1755 2763 1790 2791; x_wconf 70' lang='grc' dir='ltr'>ἔτι</span> <span class='ocrx_word' id='word_1_840' title='bbox 1813 2762 1852 2791; x_wconf 84' lang='grc' dir='ltr'><em>δεῖ</em></span> 
     </span>
    </p>
   </div>
   <div class='ocr_carea' id='block_1_121' title="bbox 1034 2804 1452 2845">
    <p class='ocr_par' dir='ltr' id='par_1_121' title="bbox 1034 2804 1452 2845">
     <span class='ocr_line' id='line_1_121' title="bbox 1034 2804 1452 2845; baseline 0.01 -14"><span class='ocrx_word' id='word_1_841' title='bbox 1034 2807 1116 2832; x_wconf 77' lang='grc' dir='ltr'>ταῦτα</span> <span class='ocrx_word' id='word_1_842' title='bbox 1131 2804 1156 2837; x_wconf 80' lang='grc' dir='ltr'><em>ἐξ</em></span> <span class='ocrx_word' id='word_1_843' title='bbox 1171 2806 1298 2845; x_wconf 78' lang='grc' dir='ltr'>ὑπαρχῆς</span> <span class='ocrx_word' id='word_1_844' title='bbox 1320 2813 1420 2839; x_wconf 78' lang='grc' dir='ltr'>ποιεῖν,</span> <span class='ocrx_word' id='word_1_845' title='bbox 1438 2818 1452 2835; x_wconf 74' lang='grc' dir='ltr'><strong><em>ι</em></strong></span> 
     </span>
    </p>
   </div>
  </div>
