1936 3080
9 130 61 165 ι33

557 136 755 169 GOMMENT.
779 136 821 167 IN
844 136 964 168 EPIST.
988 137 1037 169 ΔΙ)
1060 138 1173 169 HEBR.

1645 135 1705 169 334

9 200 134 245 acimus
148 201 219 232 dum
235 200 428 242 baptizamur,
446 202 516 233 25ΰὸ
537 203 595 234 hoc
621 206 676 240 est,
696 202 926 233 renuntiattonis
948 213 1070 244 operum
1099 203 1224 235 Satanar.
1249 202 1348 234 Semel
1372 203 1464 242 enim,
1491 203 1597 245 inquit,
1625 203 1702 235 resi-

9 244 155 276 )iscendo
170 245 206 276 ab
222 246 297 287 ipsis
311 246 450 287 baptizati
466 251 496 278 et
509 247 600 278 abluti
614 256 726 284 sumus,
744 256 800 278 nec
814 247 942 288 amplius
955 252 1071 288 oportet
1083 248 1146 279 haec
1161 248 1198 278 ab
1215 248 1336 279 exordio
1350 249 1460 280 facere.

45 289 221 330 [PENNAL]
249 302 260 318 I
286 292 347 320 Μεθ’
363 291 508 331 ὑπερϐατοῦ
534 291 561 320 δὲ
583 293 599 326 ἡ
625 292 698 331 ῥῆσίς
714 292 779 322 ἐστι,
796 293 853 321 ΤὸΛ

938 302 986 322 um
1003 292 1162 333 hyperbato
1174 296 1274 323 autem
1291 297 1336 324 est
1348 301 1458 324 sermo.
1470 292 1544 323 Nam
1559 292 1596 324 ad
1611 302 1701 324 omne

9 334 57 372 γαρ
73 333 206 375 διδαχῆς,
221 337 286 375 πρὸς
315 337 384 365 ἅπαν
407 335 448 365 διὰ
471 336 552 374 μέσου
572 337 603 364 τὸ
631 337 837 376 παρεγκείμενον

9 377 179 410 ὶποόίδοται.
197 381 245 409 Καὶ
260 380 314 409 ἔστι
336 381 404 409 κατὰ
425 382 470 408 τὸν
498 385 556 410 νοῦν
579 381 671 413 αὖτῆς,
690 380 756 413 αὕτη
774 391 836 408 συν-

9 423 79 456 )ήκτ,
101 431 108 437 ⁸
148 424 192 458 Μὴ
214 424 293 452 πάλιν
314 424 435 462 Θεμέλιον
461 423 689 462 καταϐαλλόμενοι
711 424 836 464 διδαχῆς,

9 465 56 494 ,ἴθ’
74 467 165 500 οὕτως
194 469 225 498 τὰ
247 468 304 497 καθ’
331 469 391 503 ἑξῆς
413 470 440 498 ἒν
471 469 646 508 ἀπαριθμήσει
675 469 836 506 δηλούμενα,

9 513 65 550 τερὶ
81 513 122 539 ὧν
145 515 194 546 τῆς
211 512 323 553 διδαχῆς
349 515 373 542 οἱ
393 513 520 551 θεμέλιοι.
548 513 672 541 Βούλεται
693 513 720 541 δὲ
740 514 835 550 εἰπεῖν,

11 567 36 583 τι
55 560 126 588 Τοῖς
147 561 191 585 νῦν
221 561 326 597 πρῶτον
355 561 491 598 προσιοῦσι
519 562 554 596 τῇ
582 559 680 597 πίστει,
710 558 758 590 τὴν
780 553 837 596 περῖ

9 601 108 628 ςούεων
145 601 311 631 διδασκαλίαν
341 603 418 630 οἷονεὶ
454 602 576 640 θεμέλιον
618 601 838 641 προκαταὸαλλό-

9 647 87 682 Αεθα,
107 653 248 683 μετανοεῖν
264 647 312 683 μὲν
333 647 381 674 ὲπο
403 647 455 674 των
479 649 638 685 νεκροποιῶν
654 646 736 685 ἔργων
765 646 836 674 εἰκό-

9 701 61 721 τως
89 694 198 729 πρῶτον
219 692 310 722 αὖτοὺς
338 691 556 730 προτρεπόμενοι,
590 696 779 728 μετανοοῦντας
811 690 838 718 δὲ

9 735 148 762 πιστεύειν
176 735 217 763 ἐπὶ
243 737 287 764 τὸν
316 736 381 763 Θεὸν
410 736 580 767 πιστεύοντας
609 735 635 763 δὲ
657 736 837 774 βαπτίζεσθαι,

9 779 226 817 βαπτιζομένους
241 779 268 807 δὲ
297 783 330 818 τῇ
359 783 411 808 τῶν
440 781 577 819 ἷερατικῶν
605 783 704 820 χειρῶν
731 780 841 818 ὑπάγειν

9 823 124 855 ἑαυτοὺς
155 824 267 852 ἐπιθέσει
306 825 370 864 πρὸς
405 825 543 862 μετουσίαν
577 829 623 853 τοῦ
658 824 808 860 Πνεύματος
831 831 838 837 ⁸

9 868 105 895 τούτου
123 867 151 895 δὲ
174 869 372 908 μετασχόντας,
397 869 454 908 περὶ
474 870 523 902 τῆς
547 868 578 896 ἐκ
605 870 702 907 νεκρῶν
724 868 840 895 ἀναστά-

878 335 906 366 id
924 336 1004 376 quod
1020 337 1050 367 in
1067 337 1164 367 medio
1177 336 1383 377 interpositum
1394 341 1438 368 est
1448 337 1576 368 refertur
1585 337 1698 369 doctri-

878 389 935 418 mr,
953 385 980 412 et
993 385 1037 412 est
1048 381 1131 421 juxta
1146 381 1238 421 ipsius
1250 380 1433 412 intellectum
1450 381 1514 412 baro
1528 381 1676 413 ordinatio
1693 393 1699 412 :

877 424 941 456 Non
956 435 1073 456 rursum
1088 426 1235 465 jacientes
1263 425 1487 456 fundamentum
1503 424 1656 466 doctrinae,
1674 431 1703 457 et

878 469 918 500 ita
933 469 969 500 de
985 470 1102 500 ueteris
1114 479 1181 509 qua:
1196 473 1415 510 consequenter
1424 469 1626 500 enumerando
1637 479 1700 501 ma-

879 514 1065 549 nifestantur,
1078 514 1115 545 de
1126 524 1252 555 quorum
1264 514 1400 545 doctrina
1417 518 1486 545 sunt
1496 514 1700 546 fundamenta.

878 558 944 588 Vult
961 564 1058 589 autem
1087 559 1187 590 dict-re
1215 558 1292 599 quod
1320 568 1398 590 nunc
1414 559 1542 599 primum
1558 558 1593 590 ad
1610 559 1699 590 ﬁdem

878 603 1099 639 accedentibus,
1124 604 1227 634 harum
1253 612 1352 634 rerum
1380 603 1545 634 doctrinam
1562 607 1701 644 tanquam

879 646 1103 678 fundamentum
1119 647 1312 688 proponimus
1331 658 1337 678 :
1355 647 1460 678 merito
1475 647 1556 687 ipsos
1571 648 1701 688 primum

878 692 1081 732 adhortantes,
1097 696 1128 722 ut
1143 702 1159 722 ἢ
1175 692 1335 722 mortiferis
1356 691 1498 732 operibus
1513 691 1700 732 resipiscam,

880 735 1091 775 resipiscentes
1120 739 1216 766 autem
1238 735 1267 766 in
1281 736 1375 766 Deum
1392 735 1526 772 credant,
1542 735 1701 769 credentes

881 789 950 810 vero
967 780 1161 820 baptizenfur,
1188 780 1326 820 baptizati
1350 784 1448 811 autem
1477 779 1592 820 seipsos
1605 780 1702 820 subji-

882 824 961 854 ciant
972 824 1153 864 impositioni
1170 834 1310 854 manuum
1326 824 1513 855 sacerdotum
1531 824 1567 854 ad
1579 825 1701 864 partici-

884 869 1030 908 pationem
1047 869 1174 908 Spiritus
1188 880 1194 898 :
1212 878 1299 909 porro
1309 869 1397 908 hujus
1408 868 1476 900 facti
1491 869 1703 909 participes,de

10 922 80 943 τεως
105 912 203 948 μηκέτι
219 911 381 950 διαπιστεῖν,
411 913 641 950 ἀναστησομένους
663 912 691 940 δὲ
718 913 762 940 καὶ
791 912 853 939 αὗο,

937 913 1100 943 urrectione
1129 923 1161 944 ex
1182 913 1306 943 mortnis
1321 912 1464 952 deinceps
1477 922 1536 943 non
1550 913 1701 950 vacillent,

9 958 47 988 θις
94 955 326 994 ἂναϐιωσομένους
374 957 475 985 ἔσεσθαι
524 958 607 996 κρίσιν
650 956 754 993 εἰδέναι,
798 957 840 984 καὶ

11 999 127 1034 Ξιηνεκῆ
164 1002 207 1028 καὶ
235 1000 336 1029 δικαίαν
371 1003 407 1029 ὧν
443 1001 551 1029 ἐνταῦθα
575 999 754 1039 βεϐιώκαμεν,
792 1001 841 1033 τὴν

12 1043 150 1073 ἀντίδοσιν
164 1046 324 1084 περιμένειν,
345 1057 356 1073 ι
375 1047 424 1074 Καὶ
452 1046 565 1077 πίστεως
594 1045 636 1074 ἐπὶ
659 1045 734 1076 Θεόν,
763 1057 776 1072 σ
807 1045 842 1073 Οὐ

12 1089 62 1130 γαρ
92 1088 137 1116 δεῖ
166 1093 209 1117 νῦν
238 1089 326 1129 ὥσπερ
347 1089 372 1122 ἐξ
394 1091 519 1130 ὑπαρχῆς
542 1091 671 1118 πιστεύειν
701 1089 742 1117 ἐπὶ
764 1089 840 1120 Θεόν,

14 1127 93 1166 ’Ἡδη
126 1134 177 1172 γὰρ
209 1133 377 1162 ἐπιστεύσατε
405 1133 513 1174 διδαχῇ,
547 1130 577 1162 ι1]
613 1133 730 1166 σῦνταξις
759 1133 842 1163 οὕτως

15 1177 80 1208 ἐστί,
108 1179 157 1205 Διὶ)
185 1178 292 1218 ἀφέντες
322 1179 366 1206 τὸν
394 1181 443 1211 τῆς
472 1179 560 1218 ἀρχῆς
592 1182 638 1206 τοὺ
667 1179 732 1206 Θεοῦ
751 1177 840 1217 λόγον,

15 1225 97 1250 Ποῖον
120 1221 155 1255 δὴ
177 1227 268 1251 τοῦτον
286 1233 294 1262 ;
324 1224 374 1252 Τὸν
395 1225 446 1251 τῶν
475 1224 643 1261 βαπτισμῶν,
658 1224 700 1250 ταὶ
716 1221 840 1262 διδαχῆς,

14 1268 56 1294 καὶ
79 1267 230 1301 ἐπιθήσεως
244 1271 297 1295 τῶν
312 1271 410 1307 χειρῶν
426 1266 471 1307 (δι’
484 1269 533 1306 ὧν,
556 1269 586 1295 τὸ
610 1270 727 1304 Πνεῦμα,
750 1267 841 1307 φησὶν,

17 1311 147 1350 ἐλάθετε),
164 1312 207 1339 καὶ
242 1315 291 1345 τῆς
320 1312 371 1340 tth
402 1315 500 1351 νεκρῶν
522 1312 700 1351 ἀναστάσεως,
728 1312 772 1339 καὶ
798 1315 844 1340 τοῦ

17 1357 148 1394 κρίματος
163 1360 210 1384 τοῦ
225 1356 340 1392 ἁῖωνίου,
371 1356 413 1384 ἐπὶ
434 1356 483 1389 τὴν
511 1355 664 1388 τελειότητα
693 1355 841 1395 φερώμεθα.

19 1401 52 1427 υῦ
73 1399 117 1428 δεῖ
141 1401 204 1439 γὰρ,
233 1401 323 1440 ῳησὶν,
347 1401 387 1428 ἀεὶ
411 1401 444 1429 τὰ
473 1401 536 1428 αὖτὰ
565 1400 684 1438 λέγεσθαι
702 1408 709 1415 ⁸
739 1399 843 1439 εἴρηται

19 1445 66 1482 γὰρ
81 1444 154 1476 ἅπαξ
180 1446 223 1472 καὶ
248 1445 414 1484 γεγένηται·
453 1444 520 1472 ἀλλὰ
550 1443 603 1481 δεῖ,
632 1445 706 1484 φησι,
739 1445 782 1472 καὶ
811 1444 844 1471 τὰ

22 1487 81 1527 παρ’
97 1489 173 1526 ὑμῶν
198 1489 419 1529 συνεισφέρεσθαι,
448 1489 577 1528 τουτέστι,
605 1490 728 1528 χρηστὴν
762 1487 842 1516 πολι-

21 1534 98 1569 τείαν,
116 1534 227 1566 καὶτῆς
250 1534 362 1565 πίστεως
378 1534 460 1566 ἀξίαν,
479 1533 549 1567 Αὕτη
578 1533 627 1572 γὰρ
654 1534 671 1566 ἡ
694 1532 841 1566 τελειότης,

882 956 932 986 ubi
947 962 1043 987 autem
1061 958 1279 988 resurrexerint
1304 966 1481 996 rursumque
1496 956 1532 987 ad
1548 957 1636 988 vitam
1651 966 1703 988 re-

883 1001 1102 1038 dierint,sciant
1117 1001 1246 1032 futurum
1258 1001 1487 1040 essejudicium.
1496 1001 1703 1032 etcontinuam

879 1046 1051 1085 justamque
1068 1055 1243 1086 permanere
1259 1055 1362 1076 eorum
1377 1054 1442 1086 quae
1463 1045 1493 1075 in
1505 1046 1560 1076 hac
1571 1046 1628 1076 vita
1639 1046 1703 1085 egi-

885 1098 950 1119 mus
964 1089 1202 1121 retributionem.
1237 1103 1249 1117 α
1270 1089 1303 1120 Ει
1319 1089 1386 1120 fidei
1416 1089 1446 1119 in
1476 1091 1583 1121 Deum.
1606 1102 1617 1118 ι
1642 1089 1707 1120 Non

884 1133 964 1164 enim
980 1144 1054 1174 opus
1068 1140 1113 1164 est
1124 1134 1259 1164 doctrina
1278 1133 1411 1164 credenti
1421 1134 1451 1164 in
1462 1134 1554 1164 Deum
1566 1134 1708 1174 quemad-

884 1177 1005 1208 modnm
1021 1178 1057 1209 ab
1073 1179 1268 1218 exordio,jam
1279 1178 1358 1208 enim
1370 1178 1514 1208 doctrinae
1522 1178 1702 1215 credidistis,

883 1221 1037 1253 Ordinatio
1066 1223 1131 1254 talis
1147 1227 1191 1253 est
1208 1231 1213 1253 :
1232 1222 1417 1262 Quapropter
1441 1222 1550 1252 omisso
1567 1231 1706 1254 sermone

883 1266 960 1297 initii
976 1267 1010 1297 ad
1022 1267 1126 1303 Deum,
1140 1267 1207 1306 quis
1219 1273 1319 1297 autem
1331 1270 1376 1296 est
1387 1266 1437 1297 ille
1447 1266 1462 1295 ‘I
1473 1265 1528 1302 Qui
1539 1267 1576 1297 de
1591 1266 1705 1307 baptis-

884 1311 971 1342 matis
994 1316 1038 1342 est
1053 1316 1083 1342 et
1097 1312 1135 1342 de
1150 1311 1286 1342 doctrina
1310 1319 1344 1342 ac
1359 1310 1551 1350 impositione
1565 1320 1707 1342 manuum

887 1355 953 1395 (per
967 1365 1038 1396 quas
1068 1355 1221 1395 Spiritum,
1253 1355 1360 1395 inquit,
1376 1354 1546 1395 accepistis)
1561 1359 1590 1386 et
1604 1364 1706 1386 resur-

885 1400 1017 1430 rectione
1028 1409 1062 1430 ex
1082 1400 1205 1430 mortuis
1214 1409 1246 1430 ac
1255 1403 1365 1430 :etemo
1373 1399 1538 1438 judicio,ad
1552 1399 1707 1439 perfectio-

885 1453 953 1474 nem
969 1444 1110 1474 feramur.
1129 1443 1229 1483 Neque
1245 1444 1324 1474 enim
1351 1452 1470 1483 semper
1484 1443 1589 1474 eadem
1605 1444 1707 1474 dicere

885 1492 1010 1528 oportet,
1028 1497 1097 1519 nam
1107 1488 1198 1519 semel
1224 1487 1301 1518 dicta
1311 1497 1346 1518 ac
1357 1487 1432 1518 facta
1446 1491 1515 1518 sunt
1528 1497 1534 1518 :
1551 1487 1603 1518 sed
1617 1497 1706 1528 opor-

886 1535 927 1562 tet
944 1532 1034 1562 etiam
1049 1541 1082 1562 ea
1097 1540 1160 1571 qua;
1175 1540 1192 1561 a
1207 1531 1291 1562 vobis
1301 1530 1464 1561 suntsimul
1475 1530 1708 1572 adferri,nempe

22 1578 50 1604 τὸ
65 1576 219 1616 ἀμφιδέξιον
232 1578 302 1606 εἶναι
317 1579 367 1612 τὴν
388 1578 494 1617 ἀρετὴν,
511 1579 573 1605 ὡσεὶ
595 1577 669 1615 ἔλεγε
687 1585 693 1592 ·
711 1578 820 1614 Νήψατε
833 1585 839 1591 ·

937 1585 994 1606 iam
1012 1577 1279 1612 conversationem,
1297 1575 1424 1615 fideique
1442 1575 1628 1614 dignitatem.
1640 1576 1708 1607 Haec

23 1622 64 1649 οὒκ
78 1621 116 1650 ἔνι
143 1623 195 1660 γὰρ
221 1625 298 1657 ζῆσαι
320 1623 452 1661 ῥᾳθύμως,
484 1623 527 1650 καὶ
548 1621 626 1650 πάλιν
654 1622 841 1659 βαπτισθῆναι,

23 1666 62 1692 καὶ
76 1664 110 1693 δι’
135 1666 277 1698 ἐπιθέσεως
293 1670 392 1706 χειρῶν
407 1665 498 1694 λαϐεῖν
518 1667 668 1703 Πνεύματος
683 1666 756 1704 ἁγίου
781 1665 842 1693 ἐπι-

25 1709 155 1748 εοίτησιν.
174 1722 187 1737 ι
207 1705 313 1740 ’Ἇλλόξ
326 1727 364 1733 -
381 1709 647 1750 [ΟΙΚΟΥΜΕΝΙΟΥ.]
660 1709 764 1738 Μᾶλλον
773 1711 843 1738 οὗτοι

24 1753 222 1794 ὶωδαῒκώτερον
237 1759 403 1795 φρονοῦντες,
420 1754 461 1782 διὰ
475 1755 505 1782 τὸ
520 1754 656 1794 διαφόρους
671 1755 713 1782 καὶ
730 1753 843 1786 πολλοὺς

26 1797 49 1824 ὲν
69 1801 107 1835 τῷ
127 1799 204 1836 νόμῳ
225 1799 296 1827 εἶναι
317 1800 493 1837 βαπτισμοὺς,
516 1797 658 1832 ἠϐούλοντο
686 1799 729 1826 καὶ
744 1799 774 1825 τὸ
795 1801 843 1831 τῆς

28 1842 82 1873 νέας
110 1843 261 1881 βάπτισμα,
289 1845 320 1871 τὸ
358 1844 406 1876 τὴν
441 1842 639 1882 γαλιγγενεσίαν
668 1841 842 1880 δωρούμενον,

27 1886 151 1919 πολλάκις
192 1887 371 1925 βαπτίζεσθαι,
410 1887 452 1915 διὰ
485 1888 516 1915 τὸ
550 1887 667 1926 ἀφέσεως
710 1887 843 1925 ἁμαρτιῶν

27 1930 153 1963 πολλάκις
190 1931 274 1960 θέλειν
308 1932 450 1964 ἀξιοῦσθαι,
477 1943 490 1958 α
515 1931 672 1962 Ἐπιθέσεως
701 1935 752 1958 τῶν
782 1942 844 1970 χει-

28 1978 85 2013 ρίῖλν.
111 1988 124 2004 ι
156 1977 215 2005 Tti
238 1976 264 2004 ἐν
289 1980 327 2013 τῷ
355 1976 515 2014 βαπτίσματι
545 1975 702 2014 γινομένων.
738 1978 758 2003 [1
788 1975 847 2003 ἔνθα

30 2019 179 2053 ἐπιτιθέντες
201 2028 297 2060 χεῖρας
318 2023 341 2049 οἱ
370 2020 512 2048 ἀπόστολοι
534 2021 564 2048 τὸ
586 2023 691 2057 Πνεῦμα
720 2018 845 2056 ἐδίῖοσαν,

31 2064 90 2103 ὅπερ
103 2068 146 2094 καὶ
162 2066 176 2093 ὁ
191 2067 281 2103 Σίμων
295 2065 373 2094 ὤνιον
388 2066 489 2101 ὶζήτει,
510 2075 521 2092 ι
542 2065 590 2094 Καὶ
604 2068 681 2093 τοῦτο
689 2065 846 2099 ποιήσομεν,

36 2119 46 2135 I
64 2113 141 2138 Ποῖον
157 2119 167 2148 ;
184 2111 216 2138 τὸ
230 2111 273 2138 ἐπὶ
287 2110 443 2144 τελειότητα
457 2110 589 2150 φέρεσθαι,
619 2121 630 2137 ιι
657 2108 770 2148 Ἐάνπερ
786 2110 846 2137 ἐπι-

35 2153 110 2191 τρέπῃ
124 2155 138 2182 ὁ
153 2154 231 2185 Θεός.
249 2164 263 2184 ι
282 2156 317 2184 Τὸ
331 2155 376 2183 ἐάν
391 2165 450 2194 περ,
467 2155 497 2183 οὐ
510 2155 575 2192 πρὸς
586 2153 662 2182 τοῦτό
675 2153 744 2182 ἐστιν
755 2154 790 2186 ὼς
802 2156 848 2182 τοῦ

37 2200 94 2225 Θεοῦ
113 2198 142 2226 οὔ
163 2199 272 2230 πάντως
301 2199 498 2238 ἐπιτρέποντος,
530 2197 673 2237 (ἐπιτρέπει
702 2198 752 2236 γὰρ
780 2198 819 2225 ἀεὶ
834 2199 848 2225 ὁ

885 1629 1014 1660 namque
1030 1620 1173 1660 perfectio
1190 1624 1246 1654 est,
1260 1620 1337 1660 quod
1354 1620 1446 1650 virtus
1461 1619 1704 1651 ambidextrasit:

885 1673 919 1694 ac
931 1664 955 1694 si
986 1664 1123 1695 diceret:
1145 1663 1279 1703 \‘igilate,
1306 1672 1402 1703 neque
1427 1663 1507 1694 enim
1535 1663 1648 1694 licitum
1664 1668 1709 1694 est

885 1712 917 1738 ut
933 1708 957 1738 si
972 1709 1103 1748 segniter
1117 1708 1206 1745 vivas,
1224 1717 1340 1739 rursum
1354 1707 1522 1747 baptizcris,
1539 1711 1568 1737 et
1580 1717 1634 1747 per
1648 1717 1707 1738 ma-

885 1762 977 1783 nuum
988 1753 1207 1793 impositionem
1219 1752 1345 1792 accipias
1356 1751 1483 1792 Spiritus
1494 1753 1590 1783 sancti
1599 1761 1708 1792 super-

885 1797 1065 1828 ventionem.
1087 1815 1120 1819 —
1137 1797 1244 1828 Aliud.
1276 1796 1312 1827 Hi
1340 1806 1406 1826 cum
1418 1795 1539 1836 juduice
1556 1796 1710 1836 plusquam

886 1851 1001 1882 aequum
1016 1846 1078 1872 erat
1093 1841 1202 1872 curiosi
1216 1845 1326 1878 essent,
1341 1841 1482 1881 quoniam
1493 1841 1571 1871 varia
1583 1845 1666 1871 erant
1681 1840 1712 1871 in

886 1886 951 1926 lege
967 1886 1152 1926 baptismate,
1181 1885 1316 1916 volebant
1343 1894 1423 1915 novae
1438 1894 1554 1925 quoque
1567 1885 1640 1924 legis
1655 1885 1710 1915 ba-

888 1930 1024 1970 ptismate
1042 1930 1118 1970 quod
1136 1929 1390 1969 regenerationem
1406 1929 1530 1966 confert,
1541 1929 1712 1969 frequenter

887 1974 1040 2014 baptizari,
1059 1984 1093 2004 eo
1107 1975 1185 2014 quod
1200 1975 1371 2013 frequenter
1382 1973 1490 2004 vellent
1502 1973 1710 2004 remissionem

889 2019 1233 2060 peccatorumnccipere.
1252 2020 1312 2050 «Ac
1322 2027 1462 2049 manuum
1480 2017 1708 2058 impositionis.»

889 2065 959 2095 556
973 2064 1076 2101 Qualia
1091 2064 1121 2094 in
1134 2064 1308 2104 baptismate
1320 2063 1440 2094 ﬁebant.
1458 2062 1516 2094 Aut
1531 2063 1599 2103 quia
1613 2063 1712 2103 impo-

889 2109 954 2140 sitis
970 2109 1104 2139 manibus
1119 2108 1247 2148 apostoli
1271 2107 1413 2148 Spiritum
1439 2112 1572 2138 sanctum
1589 2107 1710 2145 dabant,

889 2153 967 2194 quod
983 2154 1072 2183 etiam
1089 2152 1190 2183 Simon
1215 2152 1317 2183 venale
1342 2151 1398 2182 sibi
1415 2161 1480 2182 esse
1499 2152 1624 2183 volebat.
1644 2163 1656 2180 ι
1674 2153 1712 2183 Ει

890 2198 945 2229 hoc
960 2198 1112 2229 faciemus.
1130 2210 1142 2225 η
1161 2197 1306 2233 Quiduam
1319 2196 1452 2236 ?Nempe
1467 2196 1538 2226 ferri
1547 2196 1582 2226 ad
1592 2196 1710 2236 perfec-

37 2242 94 2273 Θεὸς
109 2243 140 2270 τὰ
153 2242 223 2271 καλὰ
238 2244 282 2271 καὶ
294 2243 409 2282 τέλεια),
432 2242 489 2270 ἀλλ’
518 2244 554 2274 ὡς
585 2242 642 2274 ἔθος
663 2243 731 2279 ἡμῖν
746 2241 845 2280 λέγειν,

937 2252 1010 2273 nem.
1031 2255 1039 2269 ι
1062 2242 1215 2282 Siquidem
1231 2241 1398 2281 permiserit
1413 2240 1501 2271 Deus.
1517 2253 1530 2267 ι)
1558 2241 1642 2277 Quod
1657 2241 1710 2278 ait,

38 2288 94 2313 Θεοῦ
112 2286 232 2319 θέλοντος
249 2286 307 2315 τόδε
329 2289 488 2324 ποιήσομεν.

888 2287 1052 2327 Siquidem,
1072 2296 1130 2316 non
1146 2286 1258 2317 idcirco
1286 2285 1394 2316 dicitur
1417 2284 1502 2325 quasi
1518 2294 1576 2315 non
1591 2286 1713 2316 omnino

37 2327 106 2372 Deus
120 2331 305 2371 permitteret
320 2340 328 2363 :
346 2340 466 2372 semper
477 2330 555 2362 enim
565 2329 707 2370 permittit
723 2331 802 2362 Deus
816 2330 895 2362 bona
909 2340 943 2362 ac
959 2332 1088 2372 perfecta
1108 2342 1114 2362 :
1132 2331 1183 2362 sed
1199 2331 1277 2371 quod
1293 2329 1380 2360 nobis
1395 2329 1486 2360 moris
1500 2328 1537 2360 sit
1551 2329 1589 2360 ita
1605 2330 1686 2369 loqui
1703 2338 1710 2360 :

38 2371 91 2404 Deo
105 2375 221 2407 volente
234 2376 275 2407 ita
289 2371 440 2407 faciemus.

78 2431 90 2446 ι
104 2419 241 2449 Ἀδύνατον
277 2422 327 2461 γὰρ
348 2421 408 2453 τοὺς
430 2419 498 2452 ἅπαξ
526 2419 714 2459 φωτισθέντας,
750 2430 848 2458 γευσα-

44 2462 123 2498 μένους
144 2475 172 2492 τε
207 2465 258 2498 τῆς
285 2464 384 2504 δωρεᾶς
413 2467 462 2498 τῆς
491 2464 654 2503 ἐπουρανίου,
690 2465 733 2492 καὶ
767 2464 850 2502 μετό-

46 2517 100 2545 1W:
125 2510 281 2548 γενηθέντας
312 2510 463 2546 Πνεύματος
486 2508 570 2547 ἁγίου,
601 2509 644 2536 καὶ
665 2507 746 2536 καλὸν
761 2519 855 2547 γευσα-

47 2551 124 2586 μένους
139 2557 203 2582 Θεοῦ
217 2554 302 2592 ῥῆμα,
318 2552 438 2591 δυνάμεις
453 2563 482 2581 τε
507 2551 649 2590 μέλλοντος
674 2553 780 2590 αἰῶνος,
809 2552 854 2580 καὶ

49 2599 243 2635 παραπεσόντας,
259 2599 338 2627 πάλιν
354 2597 527 2632 ἀνακαινίζειν
549 2597 585 2628 εἰς
600 2597 752 2633 μετάνοιαν,
769 2596 852 2624 ἀνασ-

51 2646 185 2679 τςωροῦντας
201 2643 308 2676 ἑαυτοῖς
324 2643 369 2671 τὸν
386 2643 444 2670 Υἰὸν
459 2644 505 2670 τοῦ
516 2641 592 2680 Θεοῦ,
608 2641 652 2669 καὶ
673 2639 854 2680 παραδειγμα-

39 2677 43 2691 I
53 2677 149 2719 τξδπις
154 2709 161 2717 .

88 2739 98 2756 Ι
111 2729 244 2761 ⁹Αόιῖννατον
259 2733 320 2772 γάρ.
340 2744 354 2760 ι›
372 2731 426 2760 Οὔκ
441 2730 503 2758 εἷπε
520 2729 664 2769 Δυσχερὲς,
678 2728 736 2757 ἀλλ’
747 2728 857 2757 Ἀδύνα-

58 2782 101 2804 1W.
117 2788 126 2802 ιι
153 2778 328 2815 Γευσαμένους
351 2787 378 2805 τε
401 2778 450 2809 τῆς
479 2774 587 2815 δωρεᾶς.
619 2784 636 2803 ι
659 2775 712 2807 Τῆς
739 2773 856 2814 ἀφέσεως

935 2419 996 2458 VII,
1024 2422 1092 2452 4-6.
1104 2420 1182 2452 Nam
1195 2420 1263 2459 ﬁeri
1292 2428 1352 2450 non
1366 2422 1474 2459 potest,
1491 2422 1538 2458 ut,
1553 2419 1606 2458 qui
1622 2420 1717 2450 semel

893 2465 1007 2502 fuerint
1018 2465 1198 2504 illuminati,
1211 2466 1465 2505 gustarerintque
1479 2464 1591 2494 donum
1604 2464 1718 2494 cwleste

894 2514 921 2540 et
932 2511 1095 2551 participes
1109 2510 1316 2548 [uctigfuerint
1333 2510 1466 2549 Spiritus
1481 2509 1591 2546 sancti,
1611 2513 1718 2548 gusta-

895 2555 1051 2594 verintque
1075 2555 1185 2585 bonum
1201 2553 1259 2585 Dei
1274 2554 1409 2590 verbum,
1425 2561 1460 2584 ac
1473 2553 1600 2584 virtutes
1615 2554 1718 2591 futuri

893 2599 1008 2636 smcnli,
1038 2602 1065 2630 si
1090 2598 1303 2639 prolabuntur,
1333 2598 1431 2629 denuo
1461 2602 1644 2628 renoventur
1664 2606 1720 2636 per

893 2645 1100 2681 pwnitentiam
1118 2654 1124 2673 :
1147 2652 1271 2674 rursum
1289 2643 1496 2682 cruciﬁgentes
1521 2642 1720 2682 sibimetipsis

894 2687 1010 2718 Filium
1026 2689 1081 2719 Dei
1096 2693 1124 2719 et
1137 2688 1268 2719 ostentui
1283 2691 1471 2727 exponentes.

939 2744 951 2758 (ι
972 2731 1156 2772 [inpossibile
1172 2731 1252 2762 enim
1268 2735 1342 2763 est.»
1354 2732 1419 2763 Non
1430 2730 1504 2762 dixit
1513 2729 1719 2770 Difficile,sed,

898 2774 1094 2816 impossibile.
1113 2775 1375 2816 «hustaverinlque
1384 2775 1507 2806 donum.
1522 2786 1533 2802 ι
1552 2773 1717 2804 Remissio-
