1936 3080
195 146 254 181 335

196 261 252 291 hoe
267 260 376 290 donum
393 260 514 292 cmleste
530 264 585 292 est.
607 271 618 287 ιι
638 262 673 292 Ει
689 260 848 300 participes
868 260 935 291 facti
949 260 1014 290 fue-

189 304 250 335 rint
259 303 386 345 Spiritus
400 304 504 335 sancti.
522 317 535 332 ι>
553 303 610 334 Per
623 313 763 335 manuum
781 304 1013 345 impositionem,

191 349 267 379 sicut
277 349 350 380 dixit
364 348 512 389 superius.
534 360 545 376 α
570 347 818 389 Gustaverintque
835 348 945 379 bonum
961 348 1015 379 Dei

191 393 323 424 verbum.
344 406 358 421 ι
377 392 547 424 Doctrinam
564 393 602 423 de
617 392 732 424 Christo
765 405 778 421 «
798 393 839 424 Ac
856 397 1015 434 potestates

190 438 281 469 futuri
307 437 419 468 smculi.
439 450 452 464 »
469 436 554 473 Quod
571 447 674 468 omnes
695 437 838 468 rationem
855 438 1015 468 reddemus

189 491 292 513 eorum
305 491 371 522 quae
383 481 496 521 egimus
509 491 515 512 :
529 482 667 522 quodque
680 486 739 512 tum
756 481 934 522 supplicium
952 485 1012 512 tum

189 526 308 567 requies
323 526 388 556 sine
404 527 461 556 line
475 525 601 558 durabit.
619 526 693 557 Nam
716 526 777 557 hac
790 531 858 556 sunt
872 530 1014 566 potestas,

191 575 220 602 et
232 571 262 601 in
274 571 320 601 his
329 574 372 601 est
383 574 510 610 potestas
520 570 611 602 futuri
623 571 734 601 saeculi.
748 573 804 602 Aut
815 570 1012 602 arrhabonem

193 615 283 646 futuri
300 615 410 652 saeculi,
428 615 485 645 hoc
493 619 549 652 est,
564 615 651 646 ﬁdem
664 615 694 645 in
706 615 868 646 Christum.
883 632 923 637 —-
940 625 954 642 α
971 615 1012 645 Ac

191 663 354 700 potestates
369 659 458 689 futuri
475 659 587 690 saeculi.
607 671 618 687 υ
640 660 701 690 Hoc
717 663 771 697 est,
789 659 838 699 qui
854 659 1013 690 didicerint

189 713 255 745 quae
269 703 363 744 possit
392 703 521 734 futurum
549 703 688 734 saeculum
709 714 715 733 :
733 713 749 733 a
764 704 914 734 communi
931 704 1011 734 enim

187 748 342 779 intellectu
361 747 559 787 supplendum
576 752 630 785 est,
648 747 845 788 Gustaverint,
862 748 940 788 quod
956 752 1013 778 tro-

188 793 254 833 pice
289 792 432 832 accipitur
461 796 490 822 et
517 792 675 832 signiﬁcat,
709 791 761 828 Qui
778 792 946 829 didicerint,
963 793 1011 832 qui

189 836 325 867 instructi
343 836 463 866 fuerint.
481 835 563 871 Quod
580 840 676 866 autem
703 840 797 875 potest
814 835 942 866 futurum
961 845 1010 866 se-

189 882 286 912 culum
299 880 314 909 ‘2
325 884 354 910 et
369 890 433 920 quae
460 884 505 910 est
522 880 586 919 ejus
597 880 757 910 necessitas
771 885 800 911 et
814 890 889 920 opus
899 880 915 910 ?
928 880 1011 916 Quod

188 925 219 955 in
237 935 271 956 eo
282 925 397 955 invenit
406 925 532 964 quisque
541 925 672 954 omnium
684 933 748 964 quae
760 924 828 954 fecit
838 924 1010 954 retributio-

189 979 257 1000 nem
275 979 283 1000 :
302 969 378 1008 quod
395 969 423 999 in
441 979 475 999 eo
496 969 585 999 ﬁnem
600 978 618 999 n
633 979 658 998 in
669 969 773 999 habeat
788 978 884 1008 neque
895 969 1010 1009 suppli-

191 1014 269 1044 cium
287 1023 383 1054 neque
395 1013 532 1049 felicitas,
551 1013 627 1053 quod
650 1017 717 1043 tunc
731 1014 822 1053 magis
838 1013 1008 1044 manifesta-

190 1058 270 1089 bitur
283 1058 360 1098 quod
391 1057 465 1088 nihil
487 1057 618 1097 judicem
635 1058 732 1094 lateat,
751 1059 873 1098 ejusque
885 1058 1010 1098 justitia,

191 1103 342 1142 multaque
370 1102 437 1133 alia.
469 1101 528 1133 Eos
551 1112 623 1141 ergo
649 1102 699 1142 qui
728 1102 792 1133 hzec
815 1112 882 1133 cum
898 1103 1012 1134 caeteris

190 1147 372 1178 enumeratis
386 1146 478 1177 rebns
494 1146 674 1183 didicerunt,
692 1147 795 1187 inquit,
817 1147 925 1178 deinde
942 1156 1011 1187 pro.

188 1192 260 1231 lapsi
291 1195 370 1232 sunt,
400 1190 585 1231 impossibile
615 1195 671 1230 est,
698 1195 753 1221 etc.
792 1191 854 1222 «Et
882 1191 1012 1231 prolapsi

187 1241 265 1267 sunt.
282 1248 296 1264 »
315 1236 369 1272 Qui
387 1235 486 1266 omnia
500 1236 563 1266 haec
576 1236 770 1276 perdiderunt
781 1240 810 1267 et
826 1235 1009 1274 exciderunt,

187 1284 218 1310 ut
227 1281 324 1311 denuo
334 1290 422 1311 renow
429 1284 517 1311 entur
523 1289 576 1320 per
583 1279 802 1319 paenitentiam?
809 1280 1010 1320 hocimpossi-

187 1324 246 1355 bile
279 1330 334 1356 est.
368 1324 444 1361 Quid
477 1325 583 1363 igitur!
611 1324 760 1364 abjeciine
787 1325 1011 1365 paenitentiam?

188 1369 274 1400 Absit
304 1368 554 1408 quemadmodum
584 1368 672 1399 habet
694 1369 777 1400 divus
804 1369 873 1399 557
887 1369 1011 1409 Cyrillus

188 1417 271 1443 sexto
286 1413 437 1443 volumine
452 1413 590 1443 secundae
608 1413 699 1452 partis
713 1413 829 1445 Latriw
845 1418 963 1454 quaeest
979 1415 1010 1444 in

186 1458 298 1497 spiritu
313 1461 340 1487 et
355 1458 481 1488 veritate
495 1467 501 1486 :
520 1457 571 1486 sed
593 1457 797 1496 pmnitentiam
823 1467 887 1498 qum
899 1462 941 1488 est
958 1467 1011 1498 per

188 1500 382 1541 baptismum.
396 1502 519 1541 Oportet
536 1501 615 1531 enim
626 1502 751 1540 primum
765 1503 934 1542 praecedere
945 1511 1008 1542 pae-

190 1545 345 1575 nitentiam
362 1554 395 1575 ac
409 1545 662 1576 renuntiationem
679 1555 831 1585 pravarum
848 1547 1008 1586 actionum,

189 1594 218 1620 et
233 1590 273 1620 ita
289 1589 441 1629 baptizari.
459 1589 540 1620 lllam
564 1590 662 1629 itaque
679 1591 880 1629 paenitentiam
895 1591 933 1622 ait
947 1601 1012 1630 quae

191 1635 220 1664 in
240 1634 416 1674 baptismate
446 1638 491 1664 est
510 1645 516 1664 :
545 1634 624 1666 unde
639 1639 667 1665 et
682 1636 816 1666 reu0vari
832 1636 915 1673 dixit,
932 1636 1010 1676 quod

187 1679 341 1719 proprium
368 1683 413 1709 est
439 1678 632 1718 baptismatis,
666 1683 705 1715 et,
732 1681 857 1710 Rursum
889 1681 1009 1711 cruciﬁ-

185 1728 300 1764 gentes,
317 1723 396 1763 quod
412 1727 441 1754 et
456 1723 511 1754 hoc
524 1723 674 1763 proprium
687 1728 730 1754 est
747 1723 942 1764 baptismatis.
953 1725 1010 1762 Qui

185 1768 264 1799 enim
283 1767 477 1808 baptizantur,
493 1777 552 1798 una
568 1777 635 1798 cum
648 1767 772 1798 Domino
785 1769 1008 1808 cruciﬁguntur.

751 147 956 180 (ECUMENII
980 145 1129 179 TRIGGAS
1147 147 1316 180 EPISGOPI

188 216 235 247 nis
250 219 441 256 peccatorum
457 225 523 256 quae
551 215 583 246 ﬁt
608 215 639 246 in
654 215 843 255 baptismate.
861 215 1001 256 Siquiden

1089 225 1108 241 ›ν
1123 214 1270 254 ἁμαρτιῶν,
1291 217 1340 248 τῆς
1355 214 1383 243 ἐν
1403 214 1442 251 τῷ
1462 214 1624 252 βαπτίσματι
1642 222 1649 230 ⁶

1823 143 1887 177 336

1677 214 1743 247 οὕτη
1757 214 1808 253 γὰρ
1823 211 1883 241 δω-

1057 259 1103 297 ρεὰ
1128 258 1292 298 ἐπουράνιος.
1323 270 1335 288 ι
1365 259 1415 288 Καὶ
1447 258 1578 298 μετόχους
1608 258 1764 298 γενηθέντας
1795 257 1882 286 [Iud-

1057 313 1139 340 ματος
1155 303 1237 342 ἁγίου.
1262 313 1278 333 ι
1309 306 1348 341 Τῇ
1374 302 1486 331 ὲπιθέσει
1508 303 1561 331 τῶν
1589 306 1701 343 χειρῶν,
1723 303 1812 334 καθὼς
1826 301 1884 330 ἄνω

1056 347 1131 386 φησί.
1158 358 1169 375 α
1195 347 1243 376 Καὶ
1264 347 1345 375 καλὸν
1373 346 1548 386 γευσαμένους
1576 350 1642 375 Θειδῦ
1669 347 1753 386 ῥῆμα.
1778 358 1792 374 ι
1825 345 1883 378 τὴν

1055 392 1115 430 περὶ
1129 395 1174 419 νοῦ
1189 394 1300 430 Χριστοῦ
1314 390 1492 421 διδασκαλίαν.
1512 403 1525 418 α
1556 391 1683 429 Δυνάμεις
1706 402 1734 419 τε
1762 389 1884 428 μέλλον-

1055 445 1099 466 τος
1114 436 1218 467 αἰῶνος.
1237 430 1302 464 U0m
1317 435 1414 467 πάντες
1429 433 1548 474 δώσομεν
1567 435 1654 474 λόγων
1676 439 1728 463 τῶν
1743 433 1885 473 βεϐιωμέ-

1055 492 1118 519 νων,
1134 481 1177 508 καὶ
1191 479 1232 508 ὅτι
1249 480 1264 513 ἥ
1278 491 1306 509 τε
1321 479 1432 512 κόλασις
1447 481 1492 508 καὶ
1505 481 1522 514 ἡ
1534 480 1678 512 ἀνάπαυσις
1690 479 1883 512 ἆτελεύτητος.

1055 528 1142 554 Ταῦτα
1156 526 1204 564 γὰρ
1227 526 1270 553 καὶ
1294 524 1320 552 ἐν
1341 525 1442 556 τούτοις
1477 525 1495 558 ἦ
1523 524 1630 562 δύναμις
1658 529 1705 554 τοὺ
1732 523 1882 562 μέλλοντος

1054 570 1158 601 αἰῶνος.
1192 573 1213 598 Η
1229 569 1268 597 ὅτι
1289 570 1334 597 τὸν
1355 569 1491 608 ἀῤῥαϐὧνα
1519 575 1566 599 τοῦ
1592 569 1736 607 μελλόντος
1766 570 1880 607 αἰῶνος,

1053 614 1181 651 τουτέστι,
1198 615 1246 648 τὴν
1269 615 1305 646 εἰς
1320 616 1430 653 Χριστὸν
1446 615 1544 644 πίστιν.
1576 631 1613 637 -
1643 626 1656 642 ι
1689 615 1819 651 Δυνάμεις
1851 623 1884 640 τε

1053 658 1195 695 μέλλοντος
1211 659 1315 690 αἰῶνος.
1336 670 1347 687 ν
1373 658 1481 697 [ΦΔΊᾟΙ
1511 659 1582 687 Ἀντὶ
1604 662 1661 694 τοῦ,
1684 659 1700 686 ἃ
1727 657 1834 686 δύναται
1867 659 1882 684 ὁ

1053 701 1156 739 μέλλων
1182 703 1244 731 αἰὼν
1268 703 1440 740 ἐκμαθόντας.
1464 705 1498 732 Τὸ
1528 704 1577 743 γὰρ
1604 703 1792 742 γευσαμένους,
1823 702 1881 729 ἀπὸ

1052 751 1151 786 κοινοῦ,
1175 747 1238 787 ὅπερ
1253 751 1384 786 τροπικῶς
1406 747 1545 784 εἴληπται,
1570 755 1715 787 σημαῖνον,
1744 748 1785 784 τὸ,
1821 749 1882 774 Μα-

1053 791 1156 828 θόντας,
1173 792 1386 830 κατηχηθέντας.
1410 793 1440 820 Τί
1461 791 1487 819 δὲ
1509 791 1616 820 δύναται
1647 793 1660 820 ὁ
1675 791 1780 829 μέλλων
1797 792 1878 828 αἰὼν,

1022 837 1096 877 Βκαὶ
1111 837 1135 863 τί
1149 836 1218 864 ἐστιν
1234 837 1311 865 αὖτοῦ
1338 837 1355 870 ἡ
1383 837 1459 876 χρεία
1487 837 1530 864 καὶ
1560 838 1590 864 τὸ
1619 836 1719 876 ἓργον;
1752 831 1818 864 ”Οτι
1849 835 1879 862 ἐν

1053 881 1122 917 αὐτῴ
1143 881 1253 913 ἕκαστος
1274 883 1310 909 ὧν
1332 881 1425 920 ἔπραξε
1446 881 1495 915 τὴν
1530 880 1643 918 ἀμοιϐὴν
1673 881 1796 920 εὑρίσκει,
1834 880 1879 908 ὅτι

1051 927 1098 954 οὐκ.
1112 925 1170 965 ἔχει
1184 925 1259 957 τέλος
1281 925 1338 953 οὔτε
1353 927 1370 960 ἡ
1385 926 1498 965 τιμωρία
1518 927 1535 960 ἦ
1550 926 1577 954 ἐν
1598 928 1682 963 αὐτῷ,
1698 925 1756 954 οὔτε
1784 926 1801 958 ἡ
1827 925 1879 953 εὗ-

1051 968 1182 1007 δαιμονία,
1207 969 1246 997 ὅτι
1261 970 1319 998 τότε
1337 969 1436 1007 μᾶλλον
1465 971 1495 998 τό
1516 981 1545 998 τε
1573 969 1704 1003 alien-.0»
1724 974 1770 998 τοῦ
1783 973 1879 1008 κριτοῦ

1053 1015 1140 1042 καὶτὸ
1155 1013 1252 1042 δίκαιον
1266 1015 1490 1054 φανερωθήσεται,
1510 1015 1555 1042 καὶ
1582 1014 1668 1042 πολλὰ
1689 1014 1776 1054 ἔτερα.
1807 1014 1878 1045 τοὺς

1053 1058 1096 1086 οὖν
1111 1059 1178 1096 μετὰ
1199 1061 1251 1086 τῶν
1266 1058 1353 1086 ἄλλων
1374 1059 1514 1088 καὶταῦτα
1528 1059 1670 1096 μαθόντας,
1691 1059 1782 1099 φησὶν,
1813 1058 1879 1086 εἶτα

1053 1103 1265 1142 παραπεσόντας,
1294 1101 1429 1139 ἀδύνατον,
1452 1104 1496 1130 καὶ
1517 1103 1589 1136 ἑξῆς.
1629 1114 1640 1131 I
1673 1104 1720 1132 Καὶ
1748 1112 1879 1142 παραπε-

1054 1158 1156 1180 σοντας.
1178 1159 1190 1175 υ
1209 1142 1335 1175 ΗΛπαντα
1348 1152 1430 1176 ταῦτα
1458 1146 1639 1180 ἀπολέσαντας
1668 1148 1711 1176 καὶ
1741 1147 1876 1175 ἐκπεσόν-

1051 1203 1099 1224 τας
1122 1191 1201 1221 πάλιν
1215 1191 1387 1226 ἀνακαινίζειν
1402 1192 1438 1223 εἷς
1460 1192 1611 1229 μετάνοιαν,
1641 1191 1767 1220 ἀδύνατον
1782 1195 1878 1221 τοῦτο.

1052 1237 1082 1264 Τί
1096 1236 1140 1264 οὖν
1155 1246 1163 1276 ;
1180 1235 1283 1269 ἐξέϐαλε
1297 1237 1347 1270 τὴν
1362 1236 1525 1276 μιτάνοιαν”;
1556 1237 1602 1270 Μὴ
1629 1237 1747 1276 γένοιτο,
1776 1235 1877 1275 (οὕτως

1052 1281 1066 1307 ὁ
1082 1280 1107 1308 ἐν
1121 1280 1194 1319 ἀγίος
1217 1279 1344 1319 Κύριλλος
1371 1280 1398 1308 ἐν
1426 1279 1519 1318 βιϐλίῳ
1540 1280 1610 1317 ἕκτῳ
1636 1283 1686 1314 τῆς
1713 1281 1742 1318 β,
1769 1280 1818 1313 τῆς
1848 1279 1878 1307 ἒν

1052 1325 1166 1362 πνύματι
1187 1325 1231 1353 καὶ
1248 1324 1357 1360 ἀληθείᾳ
1377 1324 1509 1363 λατρείας)
1535 1324 1604 1353 ἀλλὰ
1632 1326 1679 1358 τὴν
1709 1324 1750 1353 διὰ
1778 1326 1877 1353 ϐαπτί-

1054 1380 1152 1406 σματος
1167 1370 1318 1407 μετάνοιαν.
1338 1374 1386 1397 Δεῖ
1399 1370 1449 1407 γὰρ
1475 1372 1579 1408 πρῶτον
1606 1370 1756 1408 ἡγήσασθαι
1785 1369 1878 1407 μετά,

1052 1425 1125 1442 νοιαν
1138 1415 1182 1442 καὶ
1196 1413 1321 1446 ἁπόταξιν
1334 1417 1386 1441 τῶν
1406 1417 1529 1452 πονηρῶν
1557 1413 1687 1453 πράξεων,
1716 1414 1760 1442 καὶ
1788 1413 1878 1446 οὕτως

1052 1458 1241 1496 βαπτισθῆναι,
1270 1456 1388 1491 Ἐκείνην
1403 1458 1446 1485 οὖν
1475 1458 1551 1497 φησὶ,
1574 1458 1622 1491 τὴν
1652 1458 1680 1485 ἐν
1707 1461 1745 1495 τῷ
1773 1458 1878 1496 βαπτί-

1053 1513 1134 1539 σματι
1155 1502 1307 1540 μετάνοιαν,
1331 1501 1388 1529 ὅθεν
1410 1502 1453 1530 καὶ
1474 1502 1562 1539 εἶπεν,
1589 1501 1777 1538 Ἀνακαινίζειν
1807 1502 1879 1541 ὅπερ

1053 1546 1120 1574 ἴδιον
1133 1547 1324 1587 βαπτίσματος,
1339 1548 1382 1575 καὶ
1396 1546 1644 1587 Ἀνασταυροῦντας,
1662 1547 1726 1586 ὅπερ
1740 1548 1783 1575 καὶ
1794 1551 1879 1575 τοῦτο

1052 1592 1230 1629 βαπτίσματος
1243 1590 1321 1623 ἴδιον,
1345 1593 1374 1620 Οἱ
1389 1592 1438 1630 γὰρ
1453 1592 1651 1629 βαπτιζόμενοι,
1669 1595 1879 1631 συθ-σταυροῦνται

1052 1640 1089 1673 τῷ
1111 1637 1204 1674 Κυρίῳ.
1225 1632 1253 1664 Ὀ
1275 1636 1319 1664 οὖν
1332 1635 1414 1664 πάλιν
1428 1635 1469 1663 διὰ
1483 1636 1663 1673 βαπτίσματος
1686 1636 1804 1675 δευτέρω
1819 1647 1877 1673 με-

1052 1687 1157 1709 τανοεῖν
1170 1679 1264 1718 (ιὲλωνν
1273 1680 1427 1719 ὲνασταυροῖ
1439 1681 1483 1708 τὸν
1499 1681 1608 1719 Χριστὸν
1622 1683 1660 1717 τῷ
1669 1682 1877 1720 συσταυροῦσθαι

183 1813 238 1849 Qui
254 1813 344 1853 igitur
358 1822 475 1843 rursum
492 1812 553 1843 vult
569 1821 620 1852 per
636 1812 760 1844 alterum
777 1813 921 1854 baptisma
936 1817 1091 1855 pcenitere,
1108 1813 1256 1845 Christum
1273 1822 1392 1845 rursum
1413 1814 1568 1855 cruciﬁgit,
1586 1823 1622 1846 eo
1637 1815 1715 1855 quod
1729 1823 1787 1846 una
1802 1824 1875 1846 cum

181 1858 244 1898 ipso
262 1857 459 1897 cruciﬁgatur.

225 1902 371 1936 «Rursum
381 1902 588 1941 cruciﬁgentes
595 1901 789 1942 sibimetipsis
798 1903 904 1934 Filium
918 1904 1001 1935 Dein

182 1947 258 1984 Quid
275 1951 320 1978 est
349 1959 354 1976 :
372 1946 501 1977 Rursum
522 1946 730 1985 cruciﬁgentes
745 1947 937 1988 sibimetipsis
951 1949 1002 1979 Fi-

182 1992 254 2022 lium
271 1992 323 2022 Dei
342 1995 372 2022 et
387 1991 516 2022 ostentui
534 1995 715 2030 exponentes
727 1992 741 2021 ?
753 1992 795 2021 Ab
808 1992 920 2032 integro
929 1993 1002 2024 sibi-

183 2037 318 2077 metipsis
325 2035 532 2072 cruciﬁgentes
539 2039 568 2065 et
575 2035 894 2075 pudefacientesQuod
903 2042 1002 2068 autem

181 2082 253 2112 dicit
262 2081 319 2112 tale
331 2080 483 2120 quippiam
496 2084 541 2110 est
553 2089 559 2111 :
573 2080 670 2111 Semel
684 2081 843 2112 cruciﬁxus
864 2086 906 2112 est
918 2083 1005 2113 Chri-

182 2130 256 2162 stus,
274 2129 302 2156 et
317 2134 371 2155 nos
394 2125 487 2155 semel
511 2134 569 2155 una
592 2134 658 2155 cum
675 2125 739 2165 ipso
756 2126 889 2156 cruciﬁxi
904 2136 1005 2157 sumus

182 2179 236 2210 per
263 2169 431 2210 baptisma:
460 2169 510 2210 qui
537 2179 605 2208 ergo
635 2170 774 2209 opinatur
798 2170 923 2201 alterum
940 2180 1005 2203 esse

182 2214 338 2255 baptisma,
357 2218 498 2254 quantum
514 2214 545 2244 in
560 2214 626 2254 ipso
642 2218 699 2250 est,
716 2214 751 2244 ab
769 2215 884 2254 integro
902 2216 1005 2247 Domi-

181 2269 251 2290 num
262 2259 417 2298 cruciﬁgit.
437 2258 511 2294 Quid
535 2259 613 2290 enim
626 2259 705 2290 aliud
718 2259 786 2290 facit
800 2260 849 2300 qui
872 2261 1004 2291 secundo

180 2303 341 2334 arbitratur
370 2312 423 2343 per
452 2303 598 2343 baptisma
623 2312 690 2334 cum
707 2313 743 2334 eo
758 2303 891 2344 cruciﬁgi
905 2314 1001 2345 posse,

181 2358 270 2388 quam
286 2348 364 2388 quod
381 2348 477 2386 ipsum
492 2357 608 2387 quoque
625 2347 772 2378 existimat
787 2348 920 2379 secundo
935 2358 1006 2380 cru-

180 2393 257 2432 ciﬁgi
272 2402 324 2433 per
335 2402 371 2423 ea
382 2401 446 2432 qua:
456 2391 550 2422 facit?
566 2392 703 2423 Secundo
719 2397 816 2423 autem
832 2393 1005 2432 cruciﬁgere

179 2438 327 2470 Christum
353 2441 496 2477 quantum
510 2437 540 2466 in
552 2446 587 2468 eo
607 2440 660 2474 est,
678 2437 751 2467 nihil
768 2437 846 2467 aliud
859 2443 902 2468 est
917 2447 1004 2478 quam

178 2482 310 2513 ostentui
320 2491 469 2522 exponere
482 2481 577 2521 ipsum
591 2486 619 2512 et
632 2481 807 2521 pudefacere
818 2482 1003 2522 ipsum.Nam

182 2532 338 2568 postquam
363 2526 457 2557 semel
484 2526 641 2556 cruciﬁxus
657 2530 709 2556 est.
729 2526 904 2556 immortalis
920 2526 1005 2556 dein-

178 2581 248 2611 ceps
263 2572 386 2602 affectus
400 2575 446 2602 est
458 2580 464 2601 :
477 2571 525 2611 qui
537 2579 605 2602 vero
623 2580 739 2601 rursum
756 2571 1004 2610 cruciﬁgit,men-

178 2617 294 2648 dacium
326 2616 395 2647 facit
423 2615 532 2656 ipsum,
563 2615 639 2655 quod
669 2616 812 2655 pudorem
839 2616 894 2656 ipsi
910 2616 1005 2647 adfert

179 2666 316 2702 tanquam
332 2660 455 2692 mentito
487 2660 564 2700 quod
583 2661 676 2691 semel
694 2664 804 2691 tantum
821 2665 999 2691 moreretur.

1089 1915 1100 1932 α
1127 1903 1365 1943 Ἀνασταυροῦντας
1395 1905 1500 1936 ἑαυτοῖς
1528 1906 1573 1934 τὸν
1595 1906 1654 1934 Ῥίον
1682 1905 1729 1933 τοῦ
1750 1906 1827 1936 Θεοῦ,
1857 1918 1871 1932 ιι

1045 1950 1074 1977 Τί
1109 1949 1191 1989 ἐστιν⁷
1222 1948 1462 1987 ’Λνασταυροῦντας
1504 1950 1610 1989 ἑαυτοῖς
1641 1950 1686 1978 τὸν
1721 1951 1780 1978 Υέὸν
1823 1955 1877 1980 τοῦ

1045 1998 1109 2022 Θεοῦ
1124 1995 1167 2022 καὶ
1181 1994 1463 2033 παραδειγματίζοντας
1478 2004 1487 2034 ς
1518 1987 1651 2033 “Axino”,
1687 1995 1762 2034 φησὶ,
1785 2005 1877 2023 σταυ-

1047 2044 1154 2077 ροῦντας
1195 2039 1299 2071 ἑαυτοῖς
1322 2039 1376 2079 καὶ
1403 2040 1637 2079 καταισχύνοντας.
1679 2044 1699 2068 0
1732 2038 1759 2067 δὲ
1794 2038 1874 2079 λέγει

1046 2083 1162 2112 τοιοῦτόν
1191 2083 1260 2111 ἐστιν
1278 2092 1286 2100 ·
1320 2078 1412 2116 ε’Δαιταιξ
1441 2083 1590 2123 ἐσταυρώθη
1619 2085 1633 2111 ὁ
1670 2087 1791 2122 Χριστὸς,
1824 2086 1875 2113 καὶ

1016 2128 1127 2174 Βὴμεῖς
1163 2127 1231 2159 ἅπαξ
1266 2127 1337 2165 αὖτῷ
1371 2129 1592 2167 σλσταυρωθῶμεν
1619 2127 1661 2156 διὰ
1682 2132 1728 2156 τοὺ
1768 2129 1873 2166 βαπτί-

1046 2183 1158 2209 σματος.
1197 2167 1226 2201 Ὀ
1260 2172 1355 2212 τοίνυν,
1385 2173 1475 2212 φησὶν,
1500 2172 1619 2210 οἰόμενος
1648 2172 1719 2202 εἶναι
1749 2172 1872 2214 δεύτιρον

1045 2216 1190 2254 βάπτισμα,
1208 2215 1268 2245 ὅσον
1289 2218 1320 2244 τὸ
1343 2217 1402 2245 κατ’
1431 2217 1522 2258 αὐτὸν,
1551 2216 1648 2246 ἄνωθεν
1675 2225 1785 2258 occupat
1819 2221 1871 2248 τὸν

1047 2261 1150 2300 Κύριον.
1176 2262 1205 2289 Τί
1226 2262 1276 2300 γὰρ
1303 2260 1391 2300 ἕτερον
1418 2267 1493 2290 ποιεῖ
1527 2262 1541 2290 ὁ
1572 2261 1689 2302 δεύτερον
1719 2262 1790 2300 αὺιῷ
1826 2263 1873 2293 διὰ

1045 2308 1091 2333 τοῦ
1107 2305 1289 2343 βαπτίσματος
1318 2307 1519 2345 συσταυροζσθαι
1546 2307 1671 2346 νομζων⁷
1707 2307 1725 2341 ἢ
1754 2307 1795 2336 ὅτι
1824 2311 1871 2338 καὶ

1047 2349 1125 2378 αὐτὸν
1145 2351 1253 2389 ἡγεῖται
1274 2349 1392 2389 δεύτερον
1424 2350 1611 2390 ἐσταυρῶσθαι,
1640 2350 1674 2380 δι’
1701 2353 1739 2380 ὧν
1766 2361 1870 2394 ποιοῖς

1050 2395 1076 2422 τὸ
1105 2394 1132 2422 δὲ
1166 2394 1284 2434 δεύτερον
1311 2406 1446 2435 σταυρουν,
1483 2397 1548 2434 φησί
1588 2396 1634 2424 τὸν
1673 2398 1795 2435 Χριστὸν,
1840 2402 1875 2428 τὸ

1046 2438 1107 2467 ὅσον
1120 2441 1184 2472 ἧκεν
1214 2441 1249 2472 εἷς
1279 2440 1368 2477 αὐτὸν,
1398 2439 1471 2470 οὐδὲν
1491 2440 1579 2480 ἕτερόν
1607 2441 1676 2470 ἐστιν
1697 2442 1714 2476 ἢ
1740 2442 1873 2482 παραδει-

1048 2484 1172 2522 γματίσαι
1202 2485 1279 2512 αὐτὸν
1308 2486 1350 2512 καὶ
1374 2486 1558 2525 καθαισχύναι.
1592 2481 1684 2519 ι’Λαιτσιξ
1712 2488 1762 2526 γὰρ
1783 2498 1870 2517 στω-

1048 2530 1150 2569 ρωθεὶς⁷
1186 2529 1313 2561 ἀθάνατός
1349 2529 1402 2557 ἐστι
1435 2529 1539 2561 λοιπόν.
1573 2525 1601 2559 ⁹0
1629 2529 1656 2558 δὲ
1684 2525 1867 2574 ἀνασταυρῶν,

1047 2572 1139 2610 ψεῦδος
1169 2577 1246 2602 τοῦτο
1275 2581 1357 2610 ποιεῖ,
1389 2574 1452 2614 ὅπερ
1481 2575 1611 2615 αἰσχύνην
1640 2575 1710 2613 αὐτῷ
1731 2576 1803 2616 φέρει
1831 2572 1870 2611 ὡς

1046 2618 1204 2656 ψευσαμένῳ
1224 2619 1253 2646 τὸ
1268 2618 1335 2651 ἅπαξ
1350 2619 1494 2648 ἀποθανεῖν
1510 2620 1601 2657 μόνον,
1622 2614 1743 2653 ’Ἂλλωςξ
1761 2614 1872 2662 [Φυτλ

1045 2663 1074 2691 Τί
1115 2663 1184 2691 ἐστιν
1235 2663 1465 2704 ἆναστοροῦνταςς
1518 2664 1560 2692 ἐπὶ
1612 2663 1731 2705 δευτέραν
1783 2669 1868 2695 σταύ-

178 2707 248 2737 Alio
274 2706 371 2751 modo.
390 2704 471 2751 Quid
483 2709 546 2751 est:
565 2704 694 2735 Rursum
712 2705 944 2751 cruciﬁgentes‘?
957 2706 1001 2736 Ad

1089 2719 1124 2735 rw
1139 2708 1183 2735 καὶ
1198 2706 1316 2746 δεύτερον
1344 2708 1424 2739 πάθος
1455 2707 1602 2741 καλοῦνσας
1630 2704 1718 2747 αὐτὸν,
1743 2710 1821 2751 εἴπερ
1849 2713 1867 2747 ἡ

177 2750 341 2782 secundum
372 2749 594 2780 cruciﬁxionem
609 2753 636 2780 et
653 2749 816 2780 secundam
835 2750 1001 2790 passionem

1089 2752 1152 2785 κύτη
1183 2752 1318 2790 μετάνοια,
1349 2753 1392 2780 καὶ
1422 2753 1452 2780 τὸ
1486 2752 1626 2787 ἀξιωθῆναι
1661 2757 1710 2787 τῆς
1746 2754 1787 2783 διὰ
1807 2749 1871 2786 ’τοῦ

177 2796 273 2838 ipsum
288 2799 428 2826 vocantes
446 2805 452 2826 :
471 2794 619 2834 siquidem
637 2795 703 2825 talis
722 2794 894 2835 poenitentia
905 2798 934 2825 et
947 2804 1001 2834 pe-

1089 2796 1224 2834 ττίσματος
1253 2797 1381 2836 ἆφέσιως,
1410 2801 1448 2834 τῷ
1477 2801 1580 2836 σταυρῷ
1607 2804 1654 2828 τοῦ
1676 2803 1788 2839 Χριστοῦ
1815 2802 1871 2840 μό-
