  <div class='ocr_page' id='page_1' title='image "/cluster/home/n/w/nwhite01/storage/ocr_20150623/119/njp.32101010943965/511.png"; bbox 0 0 1936 3080; ppageno 0'>
   <div class='ocr_carea' id='block_1_1' title="bbox 195 143 254 178">
    <p class='ocr_par' dir='ltr' id='par_1_1' title="bbox 195 143 254 178">
     <span class='ocr_line' id='line_1_1' title="bbox 195 143 254 178; baseline 0 0"><span class='ocrx_word' id='word_1_1' title='bbox 195 143 254 178; x_wconf 86' lang='grc'><strong>335</strong></span> 
     </span>
    </p>
   </div>
   <div class='ocr_carea' id='block_1_2' title="bbox 196 256 1015 297">
    <p class='ocr_par' dir='ltr' id='par_1_2' title="bbox 196 256 1015 297">
     <span class='ocr_line' id='line_1_2' title="bbox 196 256 1015 297; baseline -0.004 -8"><span class='ocrx_word' id='word_1_2' title='bbox 196 258 252 289; x_wconf 85' lang='lat' dir='ltr'><strong>hoc</strong></span> <span class='ocrx_word' id='word_1_3' title='bbox 267 257 377 288; x_wconf 88' lang='lat' dir='ltr'>donum</span> <span class='ocrx_word' id='word_1_4' title='bbox 394 257 514 288; x_wconf 77' lang='lat' dir='ltr'><strong>caeleste</strong></span> <span class='ocrx_word' id='word_1_5' title='bbox 530 261 586 288; x_wconf 91' lang='lat' dir='ltr'><strong>est.</strong></span> <span class='ocrx_word' id='word_1_6' title='bbox 608 268 619 285; x_wconf 69' lang='grc' dir='ltr'><strong>ε</strong></span> <span class='ocrx_word' id='word_1_7' title='bbox 638 258 674 288; x_wconf 85' lang='grc' dir='ltr'>Ει</span> <span class='ocrx_word' id='word_1_8' title='bbox 690 257 849 297; x_wconf 72' lang='lat' dir='ltr'><strong>participes</strong></span> <span class='ocrx_word' id='word_1_9' title='bbox 868 256 934 287; x_wconf 83' lang='lat' dir='ltr'><strong>facti</strong></span> <span class='ocrx_word' id='word_1_10' title='bbox 950 256 1015 286; x_wconf 79' lang='lat' dir='ltr'><strong>fue-</strong></span> 
     </span>
    </p>
   </div>
   <div class='ocr_carea' id='block_1_3' title="bbox 190 300 1014 342">
    <p class='ocr_par' dir='ltr' id='par_1_3' title="bbox 190 300 1014 342">
     <span class='ocr_line' id='line_1_3' title="bbox 190 300 1014 342; baseline -0.004 -9"><span class='ocrx_word' id='word_1_11' title='bbox 190 301 387 342; x_wconf 86' lang='lat' dir='ltr'><strong>rintSpiritus</strong></span> <span class='ocrx_word' id='word_1_12' title='bbox 400 301 505 332; x_wconf 88' lang='lat' dir='ltr'><strong>sancti.</strong></span> <span class='ocrx_word' id='word_1_13' title='bbox 523 314 536 329; x_wconf 71' lang='lat' dir='ltr'><strong>n</strong></span> <span class='ocrx_word' id='word_1_14' title='bbox 554 300 611 331; x_wconf 89' lang='lat' dir='ltr'><strong>Per</strong></span> <span class='ocrx_word' id='word_1_15' title='bbox 624 310 763 332; x_wconf 91' lang='lat' dir='ltr'><strong>manuum</strong></span> <span class='ocrx_word' id='word_1_16' title='bbox 781 300 1014 340; x_wconf 90' lang='lat' dir='ltr'><strong>impositionem,</strong></span> 
     </span>
    </p>
   </div>
   <div class='ocr_carea' id='block_1_4' title="bbox 192 343 1015 386">
    <p class='ocr_par' dir='ltr' id='par_1_4' title="bbox 192 343 1015 386">
     <span class='ocr_line' id='line_1_4' title="bbox 192 343 1015 386; baseline -0.004 -9"><span class='ocrx_word' id='word_1_17' title='bbox 192 347 268 377; x_wconf 81' lang='lat' dir='ltr'><strong>sicut</strong></span> <span class='ocrx_word' id='word_1_18' title='bbox 278 346 350 378; x_wconf 84' lang='lat' dir='ltr'><strong>dixit</strong></span> <span class='ocrx_word' id='word_1_19' title='bbox 365 345 513 386; x_wconf 82' lang='lat' dir='ltr'><strong>superius.</strong></span> <span class='ocrx_word' id='word_1_20' title='bbox 535 357 546 372; x_wconf 74' lang='grc' dir='ltr'><strong><em>υ</em></strong></span> <span class='ocrx_word' id='word_1_21' title='bbox 570 344 819 385; x_wconf 89' lang='lat' dir='ltr'><strong>Gustaverintque</strong></span> <span class='ocrx_word' id='word_1_22' title='bbox 836 345 946 375; x_wconf 90' lang='lat' dir='ltr'><strong>bonum</strong></span> <span class='ocrx_word' id='word_1_23' title='bbox 961 343 1015 374; x_wconf 87' lang='lat' dir='ltr'><strong>Dei</strong></span> 
     </span>
    </p>
   </div>
   <div class='ocr_carea' id='block_1_5' title="bbox 192 389 1016 430">
    <p class='ocr_par' dir='ltr' id='par_1_5' title="bbox 192 389 1016 430">
     <span class='ocr_line' id='line_1_5' title="bbox 192 389 1016 430; baseline -0.002 -9"><span class='ocrx_word' id='word_1_24' title='bbox 192 391 323 422; x_wconf 88' lang='lat' dir='ltr'><strong>verbum.</strong></span> <span class='ocrx_word' id='word_1_25' title='bbox 345 404 358 419; x_wconf 72' lang='grc' dir='ltr'><strong>ι</strong></span> <span class='ocrx_word' id='word_1_26' title='bbox 378 390 548 421; x_wconf 88' lang='lat' dir='ltr'><strong>Doctrinam</strong></span> <span class='ocrx_word' id='word_1_27' title='bbox 564 390 602 420; x_wconf 92' lang='lat' dir='ltr'><strong>de</strong></span> <span class='ocrx_word' id='word_1_28' title='bbox 617 389 733 421; x_wconf 76' lang='lat' dir='ltr'><strong>Christo</strong></span> <span class='ocrx_word' id='word_1_29' title='bbox 766 402 778 417; x_wconf 72' lang='grc' dir='ltr'><strong>α</strong></span> <span class='ocrx_word' id='word_1_30' title='bbox 798 390 840 420; x_wconf 85' lang='lat' dir='ltr'><strong>Ac</strong></span> <span class='ocrx_word' id='word_1_31' title='bbox 857 393 1016 430; x_wconf 78' lang='lat' dir='ltr'><strong>potestates</strong></span> 
     </span>
    </p>
   </div>
   <div class='ocr_carea' id='block_1_6' title="bbox 191 433 1015 470">
    <p class='ocr_par' dir='ltr' id='par_1_6' title="bbox 191 433 1015 470">
     <span class='ocr_line' id='line_1_6' title="bbox 191 433 1015 470; baseline -0.004 -4"><span class='ocrx_word' id='word_1_32' title='bbox 191 435 282 466; x_wconf 82' lang='lat' dir='ltr'><strong>futuri</strong></span> <span class='ocrx_word' id='word_1_33' title='bbox 308 435 420 466; x_wconf 73' lang='lat' dir='ltr'><strong>saeculi.</strong></span> <span class='ocrx_word' id='word_1_34' title='bbox 440 447 453 461; x_wconf 74' lang='grc' dir='ltr'>ι)</span> <span class='ocrx_word' id='word_1_35' title='bbox 470 433 555 470; x_wconf 90' lang='lat' dir='ltr'><strong>Quod</strong></span> <span class='ocrx_word' id='word_1_36' title='bbox 572 443 675 465; x_wconf 87' lang='lat' dir='ltr'><strong>omnes</strong></span> <span class='ocrx_word' id='word_1_37' title='bbox 695 434 839 464; x_wconf 87' lang='lat' dir='ltr'><strong>rationem</strong></span> <span class='ocrx_word' id='word_1_38' title='bbox 856 434 1015 464; x_wconf 88' lang='lat' dir='ltr'><strong>reddemus</strong></span> 
     </span>
    </p>
   </div>
   <div class='ocr_carea' id='block_1_7' title="bbox 190 478 1013 520">
    <p class='ocr_par' dir='ltr' id='par_1_7' title="bbox 190 478 1013 520">
     <span class='ocr_line' id='line_1_7' title="bbox 190 478 1013 520; baseline -0.004 -9"><span class='ocrx_word' id='word_1_39' title='bbox 190 489 292 511; x_wconf 86' lang='lat' dir='ltr'><strong>eorum</strong></span> <span class='ocrx_word' id='word_1_40' title='bbox 305 489 372 520; x_wconf 60' lang='lat' dir='ltr'><strong>quas</strong></span> <span class='ocrx_word' id='word_1_41' title='bbox 383 478 496 518; x_wconf 83' lang='lat' dir='ltr'><strong>egimus</strong></span> <span class='ocrx_word' id='word_1_42' title='bbox 510 488 516 510; x_wconf 74' lang='grc' dir='ltr'><strong>ι</strong></span> <span class='ocrx_word' id='word_1_43' title='bbox 530 479 668 518; x_wconf 86' lang='lat' dir='ltr'><strong>quodque</strong></span> <span class='ocrx_word' id='word_1_44' title='bbox 680 482 740 509; x_wconf 88' lang='lat' dir='ltr'><strong>tum</strong></span> <span class='ocrx_word' id='word_1_45' title='bbox 757 478 934 518; x_wconf 92' lang='lat' dir='ltr'><strong>supplicium</strong></span> <span class='ocrx_word' id='word_1_46' title='bbox 953 482 1013 508; x_wconf 92' lang='lat' dir='ltr'><strong>tum</strong></span> 
     </span>
    </p>
   </div>
   <div class='ocr_carea' id='block_1_8' title="bbox 190 522 1014 564">
    <p class='ocr_par' dir='ltr' id='par_1_8' title="bbox 190 522 1014 564">
     <span class='ocr_line' id='line_1_8' title="bbox 190 522 1014 564; baseline -0.002 -10"><span class='ocrx_word' id='word_1_47' title='bbox 190 524 310 564; x_wconf 87' lang='lat' dir='ltr'><strong>requies</strong></span> <span class='ocrx_word' id='word_1_48' title='bbox 324 523 389 554; x_wconf 88' lang='lat' dir='ltr'><strong>sine</strong></span> <span class='ocrx_word' id='word_1_49' title='bbox 405 524 462 554; x_wconf 86' lang='lat' dir='ltr'><strong>ﬁne</strong></span> <span class='ocrx_word' id='word_1_50' title='bbox 477 523 602 554; x_wconf 89' lang='lat' dir='ltr'><strong>durabit.</strong></span> <span class='ocrx_word' id='word_1_51' title='bbox 621 522 693 553; x_wconf 90' lang='lat' dir='ltr'><strong>Nam</strong></span> <span class='ocrx_word' id='word_1_52' title='bbox 717 523 778 553; x_wconf 72' lang='lat' dir='ltr'><strong>haec</strong></span> <span class='ocrx_word' id='word_1_53' title='bbox 791 527 859 553; x_wconf 91' lang='lat' dir='ltr'><strong>sunt</strong></span> <span class='ocrx_word' id='word_1_54' title='bbox 873 526 1014 562; x_wconf 81' lang='lat' dir='ltr'><strong>potestas,</strong></span> 
     </span>
    </p>
   </div>
   <div class='ocr_carea' id='block_1_9' title="bbox 193 566 1013 607">
    <p class='ocr_par' dir='ltr' id='par_1_9' title="bbox 193 566 1013 607">
     <span class='ocr_line' id='line_1_9' title="bbox 193 566 1013 607; baseline -0.005 -7"><span class='ocrx_word' id='word_1_55' title='bbox 193 573 222 600; x_wconf 91' lang='lat' dir='ltr'><strong>et</strong></span> <span class='ocrx_word' id='word_1_56' title='bbox 234 569 264 599; x_wconf 89' lang='lat' dir='ltr'><strong>in</strong></span> <span class='ocrx_word' id='word_1_57' title='bbox 274 568 321 599; x_wconf 90' lang='lat' dir='ltr'><strong>his</strong></span> <span class='ocrx_word' id='word_1_58' title='bbox 330 571 373 598; x_wconf 88' lang='lat' dir='ltr'><strong>est</strong></span> <span class='ocrx_word' id='word_1_59' title='bbox 384 571 511 607; x_wconf 85' lang='lat' dir='ltr'><strong>potestas</strong></span> <span class='ocrx_word' id='word_1_60' title='bbox 522 567 612 598; x_wconf 78' lang='lat' dir='ltr'><strong>futuri</strong></span> <span class='ocrx_word' id='word_1_61' title='bbox 624 567 735 598; x_wconf 68' lang='lat' dir='ltr'><strong>saeculi.</strong></span> <span class='ocrx_word' id='word_1_62' title='bbox 749 570 806 598; x_wconf 86' lang='lat' dir='ltr'><strong>Aut</strong></span> <span class='ocrx_word' id='word_1_63' title='bbox 816 566 1013 598; x_wconf 83' lang='lat' dir='ltr'><strong>arrhabonem</strong></span> 
     </span>
    </p>
   </div>
   <div class='ocr_carea' id='block_1_10' title="bbox 194 611 1014 650">
    <p class='ocr_par' dir='ltr' id='par_1_10' title="bbox 194 611 1014 650">
     <span class='ocr_line' id='line_1_10' title="bbox 194 611 1014 650; baseline -0.005 -6"><span class='ocrx_word' id='word_1_64' title='bbox 194 613 285 644; x_wconf 83' lang='lat' dir='ltr'><strong>futuri</strong></span> <span class='ocrx_word' id='word_1_65' title='bbox 301 612 411 650; x_wconf 65' lang='lat' dir='ltr'><strong>saeculi,</strong></span> <span class='ocrx_word' id='word_1_66' title='bbox 429 612 486 642; x_wconf 91' lang='lat' dir='ltr'><strong>hoc</strong></span> <span class='ocrx_word' id='word_1_67' title='bbox 495 616 550 649; x_wconf 88' lang='lat' dir='ltr'><strong>est,</strong></span> <span class='ocrx_word' id='word_1_68' title='bbox 564 612 654 643; x_wconf 87' lang='lat' dir='ltr'><strong>ﬁdem</strong></span> <span class='ocrx_word' id='word_1_69' title='bbox 666 612 695 642; x_wconf 90' lang='lat' dir='ltr'><strong>in</strong></span> <span class='ocrx_word' id='word_1_70' title='bbox 707 612 869 643; x_wconf 88' lang='lat' dir='ltr'><strong>Christum.</strong></span> <span class='ocrx_word' id='word_1_71' title='bbox 884 628 924 633; x_wconf 93' lang='lat'><strong>—</strong></span> <span class='ocrx_word' id='word_1_72' title='bbox 942 621 955 639; x_wconf 70' lang='grc' dir='ltr'>α</span> <span class='ocrx_word' id='word_1_73' title='bbox 973 611 1014 641; x_wconf 81' lang='lat' dir='ltr'><strong>Ac</strong></span> 
     </span>
    </p>
   </div>
   <div class='ocr_carea' id='block_1_11' title="bbox 192 655 1014 698">
    <p class='ocr_par' dir='ltr' id='par_1_11' title="bbox 192 655 1014 698">
     <span class='ocr_line' id='line_1_11' title="bbox 192 655 1014 698; baseline -0.005 -9"><span class='ocrx_word' id='word_1_74' title='bbox 192 661 356 698; x_wconf 87' lang='lat' dir='ltr'><strong>potestates</strong></span> <span class='ocrx_word' id='word_1_75' title='bbox 370 656 459 687; x_wconf 82' lang='lat' dir='ltr'><strong>futuri</strong></span> <span class='ocrx_word' id='word_1_76' title='bbox 477 656 589 687; x_wconf 72' lang='lat' dir='ltr'><strong>szeculi.</strong></span> <span class='ocrx_word' id='word_1_77' title='bbox 609 668 619 684; x_wconf 78' lang='grc' dir='ltr'><strong>ι</strong></span> <span class='ocrx_word' id='word_1_78' title='bbox 642 657 703 687; x_wconf 86' lang='lat' dir='ltr'><strong>Hoc</strong></span> <span class='ocrx_word' id='word_1_79' title='bbox 719 660 773 693; x_wconf 85' lang='lat' dir='ltr'><strong>est,</strong></span> <span class='ocrx_word' id='word_1_80' title='bbox 791 655 840 695; x_wconf 88' lang='lat' dir='ltr'><strong>qui</strong></span> <span class='ocrx_word' id='word_1_81' title='bbox 855 655 1014 686; x_wconf 84' lang='lat' dir='ltr'><strong>didicerint</strong></span> 
     </span>
    </p>
   </div>
   <div class='ocr_carea' id='block_1_12' title="bbox 191 700 1013 742">
    <p class='ocr_par' dir='ltr' id='par_1_12' title="bbox 191 700 1013 742">
     <span class='ocr_line' id='line_1_12' title="bbox 191 700 1013 742; baseline -0.004 -10"><span class='ocrx_word' id='word_1_82' title='bbox 191 711 256 742; x_wconf 82' lang='lat' dir='ltr'><strong>quae</strong></span> <span class='ocrx_word' id='word_1_83' title='bbox 271 701 364 742; x_wconf 87' lang='lat' dir='ltr'><strong>possit</strong></span> <span class='ocrx_word' id='word_1_84' title='bbox 393 701 522 731; x_wconf 85' lang='lat' dir='ltr'><strong>futurum</strong></span> <span class='ocrx_word' id='word_1_85' title='bbox 550 700 690 731; x_wconf 80' lang='lat' dir='ltr'><strong>saeculum</strong></span> <span class='ocrx_word' id='word_1_86' title='bbox 711 710 717 730; x_wconf 74' lang='grc' dir='ltr'><strong>ί</strong></span> <span class='ocrx_word' id='word_1_87' title='bbox 735 709 750 730; x_wconf 91' lang='lat' dir='ltr'><strong>a</strong></span> <span class='ocrx_word' id='word_1_88' title='bbox 765 700 915 730; x_wconf 91' lang='lat' dir='ltr'><strong>communi</strong></span> <span class='ocrx_word' id='word_1_89' title='bbox 933 700 1013 730; x_wconf 93' lang='lat' dir='ltr'><strong>enim</strong></span> 
     </span>
    </p>
   </div>
   <div class='ocr_carea' id='block_1_13' title="bbox 189 744 1015 785">
    <p class='ocr_par' dir='ltr' id='par_1_13' title="bbox 189 744 1015 785">
     <span class='ocr_line' id='line_1_13' title="bbox 189 744 1015 785; baseline -0.004 -8"><span class='ocrx_word' id='word_1_90' title='bbox 189 745 343 777; x_wconf 86' lang='lat' dir='ltr'><strong>intellectu</strong></span> <span class='ocrx_word' id='word_1_91' title='bbox 362 745 560 785; x_wconf 85' lang='lat' dir='ltr'><strong>supplendum</strong></span> <span class='ocrx_word' id='word_1_92' title='bbox 577 749 632 782; x_wconf 90' lang='lat' dir='ltr'><strong>est,</strong></span> <span class='ocrx_word' id='word_1_93' title='bbox 650 744 846 784; x_wconf 86' lang='lat' dir='ltr'><strong>Gustaverint,</strong></span> <span class='ocrx_word' id='word_1_94' title='bbox 864 744 942 784; x_wconf 87' lang='lat' dir='ltr'><strong>quod</strong></span> <span class='ocrx_word' id='word_1_95' title='bbox 958 748 1015 774; x_wconf 91' lang='lat' dir='ltr'><strong>tro-</strong></span> 
     </span>
    </p>
   </div>
   <div class='ocr_carea' id='block_1_14' title="bbox 190 787 1014 831">
    <p class='ocr_par' dir='ltr' id='par_1_14' title="bbox 190 787 1014 831">
     <span class='ocr_line' id='line_1_14' title="bbox 190 787 1014 831; baseline -0.004 -10"><span class='ocrx_word' id='word_1_96' title='bbox 190 791 256 831; x_wconf 87' lang='lat' dir='ltr'><strong>pice</strong></span> <span class='ocrx_word' id='word_1_97' title='bbox 291 789 434 829; x_wconf 83' lang='lat' dir='ltr'><strong>accipitur</strong></span> <span class='ocrx_word' id='word_1_98' title='bbox 462 793 492 819; x_wconf 92' lang='lat' dir='ltr'><strong>et</strong></span> <span class='ocrx_word' id='word_1_99' title='bbox 519 789 677 828; x_wconf 77' lang='lat' dir='ltr'><strong>signiﬁcat,</strong></span> <span class='ocrx_word' id='word_1_100' title='bbox 711 787 763 824; x_wconf 89' lang='lat' dir='ltr'><strong>Qui</strong></span> <span class='ocrx_word' id='word_1_101' title='bbox 780 788 948 825; x_wconf 86' lang='lat' dir='ltr'><strong>didicerint,</strong></span> <span class='ocrx_word' id='word_1_102' title='bbox 965 788 1014 828; x_wconf 91' lang='lat' dir='ltr'><strong>qui</strong></span> 
     </span>
    </p>
   </div>
   <div class='ocr_carea' id='block_1_15' title="bbox 191 832 1045 873">
    <p class='ocr_par' dir='ltr' id='par_1_15' title="bbox 191 832 1045 873">
     <span class='ocr_line' id='line_1_15' title="bbox 191 832 1045 873; baseline -0.004 -8"><span class='ocrx_word' id='word_1_103' title='bbox 191 834 327 865; x_wconf 86' lang='lat' dir='ltr'><strong>instructi</strong></span> <span class='ocrx_word' id='word_1_104' title='bbox 345 833 465 864; x_wconf 81' lang='lat' dir='ltr'><strong>fuerint.</strong></span> <span class='ocrx_word' id='word_1_105' title='bbox 483 832 565 868; x_wconf 86' lang='lat' dir='ltr'><strong>Quod</strong></span> <span class='ocrx_word' id='word_1_106' title='bbox 582 837 678 863; x_wconf 89' lang='lat' dir='ltr'><strong>autem</strong></span> <span class='ocrx_word' id='word_1_107' title='bbox 705 837 799 871; x_wconf 83' lang='lat' dir='ltr'><strong>potest</strong></span> <span class='ocrx_word' id='word_1_108' title='bbox 817 832 944 862; x_wconf 87' lang='lat' dir='ltr'><strong>futurum</strong></span> <span class='ocrx_word' id='word_1_109' title='bbox 963 841 1012 862; x_wconf 91' lang='lat' dir='ltr'><strong>se-</strong></span> <span class='ocrx_word' id='word_1_110' title='bbox 1024 848 1045 873; x_wconf 72' lang='grc' dir='ltr'><strong>Β</strong></span> 
     </span>
    </p>
   </div>
   <div class='ocr_carea' id='block_1_16' title="bbox 751 140 1316 176">
    <p class='ocr_par' dir='ltr' id='par_1_16' title="bbox 751 140 1316 176">
     <span class='ocr_line' id='line_1_16' title="bbox 751 140 1316 176; baseline -0.002 0"><span class='ocrx_word' id='word_1_111' title='bbox 751 143 956 176; x_wconf 73' lang='lat' dir='ltr'><strong>(ECUMENII</strong></span> <span class='ocrx_word' id='word_1_112' title='bbox 979 140 1128 174; x_wconf 67' lang='lat' dir='ltr'><strong>TBIGCE</strong></span> <span class='ocrx_word' id='word_1_113' title='bbox 1147 142 1316 175; x_wconf 79' lang='lat' dir='ltr'><strong>EPISCOPI</strong></span> 
     </span>
    </p>
   </div>
   <div class='ocr_carea' id='block_1_17' title="bbox 189 208 1006 254">
    <p class='ocr_par' dir='ltr' id='par_1_17' title="bbox 189 211 1006 254">
     <span class='ocr_line' id='line_1_17' title="bbox 189 211 1006 254; baseline -0.002 -10"><span class='ocrx_word' id='word_1_114' title='bbox 189 213 235 245; x_wconf 89' lang='lat' dir='ltr'><strong>nis</strong></span> <span class='ocrx_word' id='word_1_115' title='bbox 250 217 442 254; x_wconf 87' lang='lat' dir='ltr'><strong>peccatorum</strong></span> <span class='ocrx_word' id='word_1_116' title='bbox 458 222 524 253; x_wconf 80' lang='lat' dir='ltr'><strong>quae</strong></span> <span class='ocrx_word' id='word_1_117' title='bbox 552 212 584 242; x_wconf 88' lang='lat' dir='ltr'><strong>ﬁt</strong></span> <span class='ocrx_word' id='word_1_118' title='bbox 609 212 640 242; x_wconf 91' lang='lat' dir='ltr'><strong>in</strong></span> <span class='ocrx_word' id='word_1_119' title='bbox 654 211 843 252; x_wconf 80' lang='lat' dir='ltr'><strong>baptismate.</strong></span> <span class='ocrx_word' id='word_1_120' title='bbox 862 211 1006 252; x_wconf 86' lang='lat' dir='ltr'><strong>Siquiden</strong></span> 
     </span>
    </p>
   </div>
   <div class='ocr_carea' id='block_1_18' title="bbox 1094 208 1650 254">
    <p class='ocr_par' dir='ltr' id='par_1_18' title="bbox 1096 208 1650 254">
     <span class='ocr_line' id='line_1_18' title="bbox 1096 208 1650 254; baseline -0.002 -17"><span class='ocrx_word' id='word_1_121' title='bbox 1096 220 1108 237; x_wconf 92' lang='grc' dir='ltr'><strong>ν</strong></span> <span class='ocrx_word' id='word_1_122' title='bbox 1123 209 1270 254; x_wconf 70' lang='grc' dir='ltr'>ᾁμαρτιιῖιν,</span> <span class='ocrx_word' id='word_1_123' title='bbox 1291 211 1340 242; x_wconf 81' lang='grc' dir='ltr'>τῆς</span> <span class='ocrx_word' id='word_1_124' title='bbox 1355 209 1383 237; x_wconf 70' lang='grc' dir='ltr'>ἐν</span> <span class='ocrx_word' id='word_1_125' title='bbox 1403 208 1443 246; x_wconf 75' lang='grc' dir='ltr'>τῷ</span> <span class='ocrx_word' id='word_1_126' title='bbox 1462 209 1624 246; x_wconf 74' lang='grc' dir='ltr'><strong>βαπτίσματι</strong></span> <span class='ocrx_word' id='word_1_127' title='bbox 1642 216 1650 224; x_wconf 89' lang='grc'><strong>·</strong></span> 
     </span>
    </p>
   </div>
   <div class='ocr_carea' id='block_1_19' title="bbox 1823 135 1889 170">
    <p class='ocr_par' dir='ltr' id='par_1_19' title="bbox 1823 135 1889 170">
     <span class='ocr_line' id='line_1_19' title="bbox 1823 135 1889 170; baseline -0.015 0"><span class='ocrx_word' id='word_1_128' title='bbox 1823 135 1889 170; x_wconf 58' lang='lat'><strong>3%</strong></span> 
     </span>
    </p>
   </div>
   <div class='ocr_carea' id='block_1_20' title="bbox 1677 205 1884 246">
    <p class='ocr_par' dir='ltr' id='par_1_20' title="bbox 1677 205 1884 246">
     <span class='ocr_line' id='line_1_20' title="bbox 1677 205 1884 246; baseline -0.019 -9"><span class='ocrx_word' id='word_1_129' title='bbox 1677 207 1808 246; x_wconf 73' lang='grc' dir='ltr'>οὖιηγὰρ</span> <span class='ocrx_word' id='word_1_130' title='bbox 1823 205 1884 234; x_wconf 72' lang='grc' dir='ltr'><strong>δω-</strong></span> 
     </span>
    </p>
   </div>
   <div class='ocr_carea' id='block_1_21' title="bbox 1057 250 1882 292">
    <p class='ocr_par' dir='ltr' id='par_1_21' title="bbox 1057 250 1882 292">
     <span class='ocr_line' id='line_1_21' title="bbox 1057 250 1882 292; baseline -0.004 -11"><span class='ocrx_word' id='word_1_131' title='bbox 1057 254 1103 292; x_wconf 75' lang='grc' dir='ltr'>ρεὰ</span> <span class='ocrx_word' id='word_1_132' title='bbox 1129 253 1291 292; x_wconf 78' lang='grc' dir='ltr'>ἐπουράνιος,</span> <span class='ocrx_word' id='word_1_133' title='bbox 1324 265 1335 282; x_wconf 74' lang='grc' dir='ltr'>ι</span> <span class='ocrx_word' id='word_1_134' title='bbox 1365 254 1416 282; x_wconf 78' lang='grc' dir='ltr'>Καὶ</span> <span class='ocrx_word' id='word_1_135' title='bbox 1448 253 1579 292; x_wconf 78' lang='grc' dir='ltr'><strong>μετόχους</strong></span> <span class='ocrx_word' id='word_1_136' title='bbox 1609 252 1764 291; x_wconf 69' lang='grc' dir='ltr'><strong>γενηθέντας</strong></span> <span class='ocrx_word' id='word_1_137' title='bbox 1794 250 1882 279; x_wconf 61' lang='lat' dir='ltr'><strong>[Imi—</strong></span> 
     </span>
    </p>
   </div>
   <div class='ocr_carea' id='block_1_22' title="bbox 1058 295 1883 337">
    <p class='ocr_par' dir='ltr' id='par_1_22' title="bbox 1058 295 1883 337">
     <span class='ocr_line' id='line_1_22' title="bbox 1058 295 1883 337; baseline -0.005 -11"><span class='ocrx_word' id='word_1_138' title='bbox 1058 309 1139 335; x_wconf 85' lang='grc' dir='ltr'>ματος</span> <span class='ocrx_word' id='word_1_139' title='bbox 1156 298 1238 337; x_wconf 77' lang='grc' dir='ltr'>ἁγίου.</span> <span class='ocrx_word' id='word_1_140' title='bbox 1262 307 1278 328; x_wconf 65' lang='grc' dir='ltr'><strong><em>ι</em></strong></span> <span class='ocrx_word' id='word_1_141' title='bbox 1309 300 1349 336; x_wconf 81' lang='grc' dir='ltr'><strong>Τῇ</strong></span> <span class='ocrx_word' id='word_1_142' title='bbox 1374 297 1487 326; x_wconf 77' lang='grc' dir='ltr'>ὲπιθέσει</span> <span class='ocrx_word' id='word_1_143' title='bbox 1508 298 1561 326; x_wconf 77' lang='grc' dir='ltr'>τῶν</span> <span class='ocrx_word' id='word_1_144' title='bbox 1589 300 1702 337; x_wconf 78' lang='grc' dir='ltr'>χειρῶν,</span> <span class='ocrx_word' id='word_1_145' title='bbox 1723 296 1811 328; x_wconf 72' lang='grc' dir='ltr'>καθὼς</span> <span class='ocrx_word' id='word_1_146' title='bbox 1827 295 1883 322; x_wconf 83' lang='grc' dir='ltr'><strong>ἄνω</strong></span> 
     </span>
    </p>
   </div>
   <div class='ocr_carea' id='block_1_23' title="bbox 1057 338 1882 382">
    <p class='ocr_par' dir='ltr' id='par_1_23' title="bbox 1057 338 1882 382">
     <span class='ocr_line' id='line_1_23' title="bbox 1057 338 1882 382; baseline -0.002 -13"><span class='ocrx_word' id='word_1_147' title='bbox 1057 342 1132 382; x_wconf 69' lang='grc' dir='ltr'>φησί,</span> <span class='ocrx_word' id='word_1_148' title='bbox 1159 353 1170 370; x_wconf 76' lang='grc' dir='ltr'>ι</span> <span class='ocrx_word' id='word_1_149' title='bbox 1196 343 1244 372; x_wconf 74' lang='grc' dir='ltr'>Καὶ</span> <span class='ocrx_word' id='word_1_150' title='bbox 1264 342 1345 370; x_wconf 74' lang='grc' dir='ltr'>καλὸν</span> <span class='ocrx_word' id='word_1_151' title='bbox 1373 340 1548 380; x_wconf 70' lang='grc' dir='ltr'>γευταμὲνους</span> <span class='ocrx_word' id='word_1_152' title='bbox 1577 344 1642 369; x_wconf 80' lang='grc' dir='ltr'><strong>Θιοῦ</strong></span> <span class='ocrx_word' id='word_1_153' title='bbox 1670 340 1753 380; x_wconf 77' lang='grc' dir='ltr'>ῥῆμα.</span> <span class='ocrx_word' id='word_1_154' title='bbox 1779 351 1792 367; x_wconf 76' lang='grc' dir='ltr'><strong><em>ι</em></strong></span> <span class='ocrx_word' id='word_1_155' title='bbox 1825 338 1882 372; x_wconf 78' lang='grc' dir='ltr'><strong>Τὴν</strong></span> 
     </span>
    </p>
   </div>
   <div class='ocr_carea' id='block_1_24' title="bbox 1056 383 1882 425">
    <p class='ocr_par' dir='ltr' id='par_1_24' title="bbox 1056 383 1882 425">
     <span class='ocr_line' id='line_1_24' title="bbox 1056 383 1882 425; baseline -0.005 -11"><span class='ocrx_word' id='word_1_156' title='bbox 1056 387 1115 425; x_wconf 77' lang='grc' dir='ltr'>περὶ</span> <span class='ocrx_word' id='word_1_157' title='bbox 1130 390 1174 414; x_wconf 83' lang='grc' dir='ltr'>νοῦ</span> <span class='ocrx_word' id='word_1_158' title='bbox 1189 390 1300 425; x_wconf 76' lang='grc' dir='ltr'><strong>Χριστοῦ</strong></span> <span class='ocrx_word' id='word_1_159' title='bbox 1315 385 1494 415; x_wconf 68' lang='grc' dir='ltr'>διδασκαλίαν.</span> <span class='ocrx_word' id='word_1_160' title='bbox 1512 397 1526 412; x_wconf 65' lang='grc' dir='ltr'><strong>ε</strong></span> <span class='ocrx_word' id='word_1_161' title='bbox 1557 386 1684 423; x_wconf 74' lang='grc' dir='ltr'><strong>Δυνάμεις</strong></span> <span class='ocrx_word' id='word_1_162' title='bbox 1706 396 1734 413; x_wconf 75' lang='grc' dir='ltr'>τε</span> <span class='ocrx_word' id='word_1_163' title='bbox 1762 383 1882 421; x_wconf 73' lang='grc' dir='ltr'>μέλλον-</span> 
     </span>
    </p>
   </div>
   <div class='ocr_carea' id='block_1_25' title="bbox 1055 425 1884 468">
    <p class='ocr_par' dir='ltr' id='par_1_25' title="bbox 1055 425 1884 468">
     <span class='ocr_line' id='line_1_25' title="bbox 1055 425 1884 468; baseline -0.005 -9"><span class='ocrx_word' id='word_1_164' title='bbox 1055 441 1100 462; x_wconf 82' lang='grc' dir='ltr'><strong>τος</strong></span> <span class='ocrx_word' id='word_1_165' title='bbox 1115 432 1219 462; x_wconf 84' lang='grc' dir='ltr'>αἰῶνος,</span> <span class='ocrx_word' id='word_1_166' title='bbox 1238 425 1303 458; x_wconf 76' lang='grc' dir='ltr'><strong>υΟτι</strong></span> <span class='ocrx_word' id='word_1_167' title='bbox 1318 430 1415 461; x_wconf 63' lang='grc' dir='ltr'>πάντες</span> <span class='ocrx_word' id='word_1_168' title='bbox 1430 428 1549 468; x_wconf 78' lang='grc' dir='ltr'>δώσομεν</span> <span class='ocrx_word' id='word_1_169' title='bbox 1567 429 1655 468; x_wconf 81' lang='grc' dir='ltr'>λόγων</span> <span class='ocrx_word' id='word_1_170' title='bbox 1677 432 1729 457; x_wconf 81' lang='grc' dir='ltr'>τῶν</span> <span class='ocrx_word' id='word_1_171' title='bbox 1744 427 1884 466; x_wconf 77' lang='grc' dir='ltr'>βεϐιωμέ-</span> 
     </span>
    </p>
   </div>
   <div class='ocr_carea' id='block_1_26' title="bbox 1056 473 1882 514">
    <p class='ocr_par' dir='ltr' id='par_1_26' title="bbox 1056 473 1882 514">
     <span class='ocr_line' id='line_1_26' title="bbox 1056 473 1882 514; baseline -0.004 -11"><span class='ocrx_word' id='word_1_172' title='bbox 1056 487 1119 514; x_wconf 74' lang='grc' dir='ltr'>νων,</span> <span class='ocrx_word' id='word_1_173' title='bbox 1135 476 1177 503; x_wconf 79' lang='grc' dir='ltr'>καὶ</span> <span class='ocrx_word' id='word_1_174' title='bbox 1192 474 1233 503; x_wconf 80' lang='grc' dir='ltr'><strong>ὅτι</strong></span> <span class='ocrx_word' id='word_1_175' title='bbox 1250 475 1265 508; x_wconf 68' lang='grc' dir='ltr'>ἥ</span> <span class='ocrx_word' id='word_1_176' title='bbox 1279 485 1307 503; x_wconf 86' lang='grc' dir='ltr'><strong>τε</strong></span> <span class='ocrx_word' id='word_1_177' title='bbox 1322 474 1434 506; x_wconf 81' lang='grc' dir='ltr'>κόλασις</span> <span class='ocrx_word' id='word_1_178' title='bbox 1448 476 1493 502; x_wconf 84' lang='grc' dir='ltr'><strong>χαὶ</strong></span> <span class='ocrx_word' id='word_1_179' title='bbox 1506 476 1523 508; x_wconf 81' lang='grc' dir='ltr'>ἡ</span> <span class='ocrx_word' id='word_1_180' title='bbox 1535 474 1679 506; x_wconf 71' lang='grc' dir='ltr'><strong>ἀνάπαυσις</strong></span> <span class='ocrx_word' id='word_1_181' title='bbox 1692 473 1882 506; x_wconf 79' lang='grc' dir='ltr'>ἀτελεύτητος.</span> 
     </span>
    </p>
   </div>
   <div class='ocr_carea' id='block_1_27' title="bbox 1055 516 1881 559">
    <p class='ocr_par' dir='ltr' id='par_1_27' title="bbox 1055 516 1881 559">
     <span class='ocr_line' id='line_1_27' title="bbox 1055 516 1881 559; baseline -0.001 -11"><span class='ocrx_word' id='word_1_182' title='bbox 1055 523 1143 549; x_wconf 77' lang='grc' dir='ltr'>Ταῦτα</span> <span class='ocrx_word' id='word_1_183' title='bbox 1157 521 1206 559; x_wconf 75' lang='grc' dir='ltr'>γὰρ</span> <span class='ocrx_word' id='word_1_184' title='bbox 1228 520 1271 548; x_wconf 84' lang='grc' dir='ltr'><strong>χαὶ</strong></span> <span class='ocrx_word' id='word_1_185' title='bbox 1295 519 1321 547; x_wconf 79' lang='grc' dir='ltr'>ἐν</span> <span class='ocrx_word' id='word_1_186' title='bbox 1342 520 1443 551; x_wconf 80' lang='grc' dir='ltr'><strong>τούτοις</strong></span> <span class='ocrx_word' id='word_1_187' title='bbox 1479 520 1496 552; x_wconf 77' lang='grc' dir='ltr'><strong>ἡ</strong></span> <span class='ocrx_word' id='word_1_188' title='bbox 1525 518 1632 556; x_wconf 79' lang='grc' dir='ltr'>δύναμις</span> <span class='ocrx_word' id='word_1_189' title='bbox 1659 523 1706 547; x_wconf 84' lang='grc' dir='ltr'>τοῦ</span> <span class='ocrx_word' id='word_1_190' title='bbox 1733 516 1881 555; x_wconf 75' lang='grc' dir='ltr'>μέλλοντος</span> 
     </span>
    </p>
   </div>
   <div class='ocr_carea' id='block_1_28' title="bbox 1055 562 1879 603">
    <p class='ocr_par' dir='ltr' id='par_1_28' title="bbox 1055 562 1879 603">
     <span class='ocr_line' id='line_1_28' title="bbox 1055 562 1879 603; baseline -0.005 -11"><span class='ocrx_word' id='word_1_191' title='bbox 1055 565 1159 596; x_wconf 79' lang='grc' dir='ltr'>αἰῶνος.</span> <span class='ocrx_word' id='word_1_192' title='bbox 1193 568 1215 592; x_wconf 78' lang='lat' dir='ltr'><strong>ﬂ</strong></span> <span class='ocrx_word' id='word_1_193' title='bbox 1230 564 1269 592; x_wconf 82' lang='grc' dir='ltr'><strong>ὅτι</strong></span> <span class='ocrx_word' id='word_1_194' title='bbox 1290 565 1336 592; x_wconf 86' lang='grc' dir='ltr'>τὸν</span> <span class='ocrx_word' id='word_1_195' title='bbox 1357 563 1493 603; x_wconf 66' lang='grc' dir='ltr'>ἀρραϐῶνα</span> <span class='ocrx_word' id='word_1_196' title='bbox 1521 568 1567 593; x_wconf 73' lang='grc' dir='ltr'>τοῦ</span> <span class='ocrx_word' id='word_1_197' title='bbox 1593 562 1737 601; x_wconf 83' lang='grc' dir='ltr'>μελλόντος</span> <span class='ocrx_word' id='word_1_198' title='bbox 1767 563 1879 600; x_wconf 69' lang='grc' dir='ltr'>αἰῶνος,</span> 
     </span>
    </p>
   </div>
   <div class='ocr_carea' id='block_1_29' title="bbox 1054 608 1883 648">
    <p class='ocr_par' dir='ltr' id='par_1_29' title="bbox 1054 608 1883 648">
     <span class='ocr_line' id='line_1_29' title="bbox 1054 608 1883 648; baseline -0.002 -12"><span class='ocrx_word' id='word_1_199' title='bbox 1054 609 1182 647; x_wconf 75' lang='grc' dir='ltr'><strong>τουτέστι,</strong></span> <span class='ocrx_word' id='word_1_200' title='bbox 1200 610 1247 642; x_wconf 71' lang='grc' dir='ltr'><strong>τὴν</strong></span> <span class='ocrx_word' id='word_1_201' title='bbox 1271 610 1307 640; x_wconf 77' lang='grc' dir='ltr'>εἷς</span> <span class='ocrx_word' id='word_1_202' title='bbox 1322 610 1431 648; x_wconf 78' lang='grc' dir='ltr'>Χριστὸν</span> <span class='ocrx_word' id='word_1_203' title='bbox 1447 610 1545 638; x_wconf 82' lang='grc' dir='ltr'>πίστιν.</span> <span class='ocrx_word' id='word_1_204' title='bbox 1577 625 1614 631; x_wconf 88' lang='lat'><strong>—-</strong></span> <span class='ocrx_word' id='word_1_205' title='bbox 1644 620 1657 635; x_wconf 82' lang='grc' dir='ltr'><strong>α</strong></span> <span class='ocrx_word' id='word_1_206' title='bbox 1691 608 1820 644; x_wconf 79' lang='grc' dir='ltr'><strong>Δυνάμεις</strong></span> <span class='ocrx_word' id='word_1_207' title='bbox 1851 617 1883 634; x_wconf 80' lang='grc' dir='ltr'><strong>τε</strong></span> 
     </span>
    </p>
   </div>
   <div class='ocr_carea' id='block_1_30' title="bbox 1054 651 1881 692">
    <p class='ocr_par' dir='ltr' id='par_1_30' title="bbox 1054 651 1881 692">
     <span class='ocr_line' id='line_1_30' title="bbox 1054 651 1881 692; baseline -0.004 -11"><span class='ocrx_word' id='word_1_208' title='bbox 1054 653 1197 690; x_wconf 66' lang='grc' dir='ltr'>μέλλοντος</span> <span class='ocrx_word' id='word_1_209' title='bbox 1213 655 1316 684; x_wconf 77' lang='grc' dir='ltr'>αἰῶνος.</span> <span class='ocrx_word' id='word_1_210' title='bbox 1337 664 1348 681; x_wconf 74' lang='grc' dir='ltr'><strong>ιι</strong></span> <span class='ocrx_word' id='word_1_211' title='bbox 1374 652 1482 692; x_wconf 45' lang='grc' dir='ltr'><strong>[ΦΔΤᾸ</strong></span> <span class='ocrx_word' id='word_1_212' title='bbox 1512 653 1583 681; x_wconf 81' lang='grc' dir='ltr'>Ἀντὶ</span> <span class='ocrx_word' id='word_1_213' title='bbox 1606 656 1662 688; x_wconf 81' lang='grc' dir='ltr'>τοῦ,</span> <span class='ocrx_word' id='word_1_214' title='bbox 1686 653 1702 679; x_wconf 80' lang='grc' dir='ltr'>ἆ</span> <span class='ocrx_word' id='word_1_215' title='bbox 1729 651 1835 679; x_wconf 73' lang='grc' dir='ltr'>δύναται</span> <span class='ocrx_word' id='word_1_216' title='bbox 1867 651 1881 677; x_wconf 80' lang='grc' dir='ltr'>ὁ</span> 
     </span>
    </p>
   </div>
   <div class='ocr_carea' id='block_1_31' title="bbox 1055 695 1880 737">
    <p class='ocr_par' dir='ltr' id='par_1_31' title="bbox 1055 695 1880 737">
     <span class='ocr_line' id='line_1_31' title="bbox 1055 695 1880 737; baseline -0.004 -12"><span class='ocrx_word' id='word_1_217' title='bbox 1055 697 1158 735; x_wconf 81' lang='grc' dir='ltr'>μέλλων</span> <span class='ocrx_word' id='word_1_218' title='bbox 1184 699 1245 726; x_wconf 72' lang='grc' dir='ltr'>αἰὼν</span> <span class='ocrx_word' id='word_1_219' title='bbox 1270 697 1442 735; x_wconf 75' lang='grc' dir='ltr'>ἐκμαθόντας.</span> <span class='ocrx_word' id='word_1_220' title='bbox 1465 699 1500 726; x_wconf 71' lang='grc' dir='ltr'>Τὸ</span> <span class='ocrx_word' id='word_1_221' title='bbox 1529 698 1579 737; x_wconf 74' lang='grc' dir='ltr'>γὰρ</span> <span class='ocrx_word' id='word_1_222' title='bbox 1606 696 1794 736; x_wconf 58' lang='grc' dir='ltr'><strong>γευοάιιὲνους1</strong></span> <span class='ocrx_word' id='word_1_223' title='bbox 1824 695 1880 722; x_wconf 66' lang='grc' dir='ltr'><strong>ἀπὸ</strong></span> 
     </span>
    </p>
   </div>
   <div class='ocr_carea' id='block_1_32' title="bbox 1054 741 1882 782">
    <p class='ocr_par' dir='ltr' id='par_1_32' title="bbox 1054 741 1882 782">
     <span class='ocr_line' id='line_1_32' title="bbox 1054 741 1882 782; baseline -0.002 -13"><span class='ocrx_word' id='word_1_224' title='bbox 1054 746 1153 782; x_wconf 68' lang='grc' dir='ltr'>κοινοῦ,</span> <span class='ocrx_word' id='word_1_225' title='bbox 1176 742 1239 782; x_wconf 76' lang='grc' dir='ltr'>ὅπερ</span> <span class='ocrx_word' id='word_1_226' title='bbox 1255 745 1386 780; x_wconf 78' lang='grc' dir='ltr'><strong>τροπικῶς</strong></span> <span class='ocrx_word' id='word_1_227' title='bbox 1408 741 1547 778; x_wconf 73' lang='grc' dir='ltr'>εἴληπται,</span> <span class='ocrx_word' id='word_1_228' title='bbox 1571 748 1716 780; x_wconf 65' lang='grc' dir='ltr'>σημαῖνον,</span> <span class='ocrx_word' id='word_1_229' title='bbox 1746 742 1788 777; x_wconf 73' lang='grc' dir='ltr'><strong>τὸ,</strong></span> <span class='ocrx_word' id='word_1_230' title='bbox 1822 742 1882 767; x_wconf 78' lang='grc' dir='ltr'><strong>Μα-</strong></span> 
     </span>
    </p>
   </div>
   <div class='ocr_carea' id='block_1_33' title="bbox 1054 785 1878 826">
    <p class='ocr_par' dir='ltr' id='par_1_33' title="bbox 1054 785 1878 826">
     <span class='ocr_line' id='line_1_33' title="bbox 1054 785 1878 826; baseline -0.004 -12"><span class='ocrx_word' id='word_1_231' title='bbox 1054 786 1158 823; x_wconf 72' lang='grc' dir='ltr'>Θόντας,</span> <span class='ocrx_word' id='word_1_232' title='bbox 1175 787 1388 826; x_wconf 77' lang='grc' dir='ltr'>κατηχηῡέντας.</span> <span class='ocrx_word' id='word_1_233' title='bbox 1412 787 1441 814; x_wconf 88' lang='grc' dir='ltr'>Τί</span> <span class='ocrx_word' id='word_1_234' title='bbox 1462 785 1489 813; x_wconf 72' lang='grc' dir='ltr'><strong>δὲ</strong></span> <span class='ocrx_word' id='word_1_235' title='bbox 1511 785 1618 814; x_wconf 72' lang='grc' dir='ltr'>δύναται</span> <span class='ocrx_word' id='word_1_236' title='bbox 1649 787 1662 814; x_wconf 75' lang='grc' dir='ltr'>δ</span> <span class='ocrx_word' id='word_1_237' title='bbox 1677 785 1782 823; x_wconf 75' lang='grc' dir='ltr'>μέλλων</span> <span class='ocrx_word' id='word_1_238' title='bbox 1799 785 1878 821; x_wconf 70' lang='grc' dir='ltr'>αἰὼν,</span> 
     </span>
    </p>
   </div>
   <div class='ocr_carea' id='block_1_34' title="bbox 1054 825 1880 870">
    <p class='ocr_par' dir='ltr' id='par_1_34' title="bbox 1054 825 1880 870">
     <span class='ocr_line' id='line_1_34' title="bbox 1054 825 1880 870; baseline -0.006 -11"><span class='ocrx_word' id='word_1_239' title='bbox 1054 832 1098 859; x_wconf 71' lang='grc' dir='ltr'>καὶ</span> <span class='ocrx_word' id='word_1_240' title='bbox 1113 832 1136 859; x_wconf 80' lang='grc' dir='ltr'><strong>τί</strong></span> <span class='ocrx_word' id='word_1_241' title='bbox 1151 831 1220 859; x_wconf 80' lang='grc' dir='ltr'>ἐστιν</span> <span class='ocrx_word' id='word_1_242' title='bbox 1236 831 1313 859; x_wconf 73' lang='grc' dir='ltr'>αὺτοῦ</span> <span class='ocrx_word' id='word_1_243' title='bbox 1340 832 1357 864; x_wconf 75' lang='grc' dir='ltr'>ἦ</span> <span class='ocrx_word' id='word_1_244' title='bbox 1385 831 1461 870; x_wconf 76' lang='grc' dir='ltr'>χρεία</span> <span class='ocrx_word' id='word_1_245' title='bbox 1489 831 1532 859; x_wconf 76' lang='grc' dir='ltr'>καὶ</span> <span class='ocrx_word' id='word_1_246' title='bbox 1562 832 1592 858; x_wconf 80' lang='grc' dir='ltr'>τὸ</span> <span class='ocrx_word' id='word_1_247' title='bbox 1621 830 1721 870; x_wconf 61' lang='grc' dir='ltr'>ἔργον;</span> <span class='ocrx_word' id='word_1_248' title='bbox 1754 825 1819 858; x_wconf 70' lang='grc' dir='ltr'><strong>ΗΟτι</strong></span> <span class='ocrx_word' id='word_1_249' title='bbox 1850 828 1880 856; x_wconf 78' lang='grc' dir='ltr'>ἓν</span> 
     </span>
    </p>
   </div>
   <div class='ocr_carea' id='block_1_35' title="bbox 191 873 1006 918">
    <p class='ocr_par' dir='ltr' id='par_1_35' title="bbox 191 876 1006 918">
     <span class='ocr_line' id='line_1_35' title="bbox 191 876 1006 918; baseline -0.004 -9"><span class='ocrx_word' id='word_1_250' title='bbox 191 879 289 910; x_wconf 91' lang='lat' dir='ltr'><strong>culum</strong></span> <span class='ocrx_word' id='word_1_251' title='bbox 301 877 316 907; x_wconf 83' lang='lat'><strong>‘?</strong></span> <span class='ocrx_word' id='word_1_252' title='bbox 327 882 356 908; x_wconf 92' lang='lat' dir='ltr'><strong>et</strong></span> <span class='ocrx_word' id='word_1_253' title='bbox 371 886 435 918; x_wconf 60' lang='lat' dir='ltr'><strong>qua!</strong></span> <span class='ocrx_word' id='word_1_254' title='bbox 462 881 506 907; x_wconf 90' lang='lat' dir='ltr'><strong>est</strong></span> <span class='ocrx_word' id='word_1_255' title='bbox 524 877 588 916; x_wconf 78' lang='lat' dir='ltr'><strong>ejus</strong></span> <span class='ocrx_word' id='word_1_256' title='bbox 599 877 759 907; x_wconf 85' lang='lat' dir='ltr'><strong>necessitas</strong></span> <span class='ocrx_word' id='word_1_257' title='bbox 774 881 802 907; x_wconf 92' lang='lat' dir='ltr'><strong>et</strong></span> <span class='ocrx_word' id='word_1_258' title='bbox 816 886 891 916; x_wconf 87' lang='lat' dir='ltr'><strong>opus</strong></span> <span class='ocrx_word' id='word_1_259' title='bbox 902 876 917 905; x_wconf 72' lang='lat'><strong>‘2</strong></span> <span class='ocrx_word' id='word_1_260' title='bbox 930 876 1006 912; x_wconf 72' lang='lat' dir='ltr'><strong>Quod</strong></span> 
     </span>
    </p>
   </div>
   <div class='ocr_carea' id='block_1_36' title="bbox 1094 873 1880 918">
    <p class='ocr_par' dir='ltr' id='par_1_36' title="bbox 1094 873 1880 914">
     <span class='ocr_line' id='line_1_36' title="bbox 1094 873 1880 914; baseline -0.003 -11"><span class='ocrx_word' id='word_1_261' title='bbox 1094 879 1124 913; x_wconf 77' lang='grc' dir='ltr'>τῷ</span> <span class='ocrx_word' id='word_1_262' title='bbox 1145 876 1255 908; x_wconf 76' lang='grc' dir='ltr'>ἕκαστος</span> <span class='ocrx_word' id='word_1_263' title='bbox 1277 878 1313 903; x_wconf 82' lang='grc' dir='ltr'>ὧν</span> <span class='ocrx_word' id='word_1_264' title='bbox 1335 875 1427 914; x_wconf 75' lang='grc' dir='ltr'>ἔπραξε</span> <span class='ocrx_word' id='word_1_265' title='bbox 1448 875 1497 909; x_wconf 67' lang='grc' dir='ltr'><strong>τήν</strong></span> <span class='ocrx_word' id='word_1_266' title='bbox 1532 874 1646 913; x_wconf 73' lang='grc' dir='ltr'>ἀμοιϐὴν</span> <span class='ocrx_word' id='word_1_267' title='bbox 1675 875 1798 914; x_wconf 73' lang='grc' dir='ltr'>εὑρίσκει,</span> <span class='ocrx_word' id='word_1_268' title='bbox 1836 873 1880 901; x_wconf 80' lang='grc' dir='ltr'>ὅτι</span> 
     </span>
    </p>
   </div>
   <div class='ocr_carea' id='block_1_37' title="bbox 191 918 1006 961">
    <p class='ocr_par' dir='ltr' id='par_1_37' title="bbox 191 920 1006 961">
     <span class='ocr_line' id='line_1_37' title="bbox 191 920 1006 961; baseline -0.004 -8"><span class='ocrx_word' id='word_1_269' title='bbox 191 923 221 953; x_wconf 90' lang='lat' dir='ltr'><strong>in</strong></span> <span class='ocrx_word' id='word_1_270' title='bbox 239 932 273 954; x_wconf 89' lang='lat' dir='ltr'><strong>eo</strong></span> <span class='ocrx_word' id='word_1_271' title='bbox 284 922 534 961; x_wconf 87' lang='lat' dir='ltr'><strong>invenitquisque</strong></span> <span class='ocrx_word' id='word_1_272' title='bbox 543 921 674 951; x_wconf 88' lang='lat' dir='ltr'><strong>omnium</strong></span> <span class='ocrx_word' id='word_1_273' title='bbox 686 930 751 960; x_wconf 68' lang='lat' dir='ltr'><strong>quae</strong></span> <span class='ocrx_word' id='word_1_274' title='bbox 762 921 830 950; x_wconf 77' lang='lat' dir='ltr'><strong>fecit</strong></span> <span class='ocrx_word' id='word_1_275' title='bbox 840 920 1006 951; x_wconf 85' lang='lat' dir='ltr'><strong>retributio-</strong></span> 
     </span>
    </p>
   </div>
   <div class='ocr_carea' id='block_1_38' title="bbox 1094 918 1880 961">
    <p class='ocr_par' dir='ltr' id='par_1_38' title="bbox 1094 918 1880 960">
     <span class='ocr_line' id='line_1_38' title="bbox 1094 918 1880 960; baseline -0.004 -12"><span class='ocrx_word' id='word_1_276' title='bbox 1094 932 1100 948; x_wconf 90' lang='grc' dir='ltr'><strong>ι</strong></span> <span class='ocrx_word' id='word_1_277' title='bbox 1115 920 1172 960; x_wconf 77' lang='grc' dir='ltr'>ἔχει</span> <span class='ocrx_word' id='word_1_278' title='bbox 1186 920 1261 952; x_wconf 82' lang='grc' dir='ltr'>τέλος</span> <span class='ocrx_word' id='word_1_279' title='bbox 1283 920 1340 948; x_wconf 65' lang='grc' dir='ltr'>οὔτε</span> <span class='ocrx_word' id='word_1_280' title='bbox 1355 922 1372 954; x_wconf 84' lang='grc' dir='ltr'>ἡ</span> <span class='ocrx_word' id='word_1_281' title='bbox 1387 920 1500 959; x_wconf 72' lang='grc' dir='ltr'>τιμωρίαι</span> <span class='ocrx_word' id='word_1_282' title='bbox 1520 921 1537 954; x_wconf 80' lang='grc' dir='ltr'><strong>ἡ</strong></span> <span class='ocrx_word' id='word_1_283' title='bbox 1552 920 1579 948; x_wconf 79' lang='grc' dir='ltr'>ἐν</span> <span class='ocrx_word' id='word_1_284' title='bbox 1601 922 1685 957; x_wconf 52' lang='lat' dir='ltr'><strong>abuit,</strong></span> <span class='ocrx_word' id='word_1_285' title='bbox 1701 919 1758 948; x_wconf 67' lang='grc' dir='ltr'>οὔτε</span> <span class='ocrx_word' id='word_1_286' title='bbox 1786 919 1803 952; x_wconf 76' lang='grc' dir='ltr'><strong>ἧ</strong></span> <span class='ocrx_word' id='word_1_287' title='bbox 1829 918 1880 946; x_wconf 76' lang='grc' dir='ltr'><strong>εὖ-</strong></span> 
     </span>
    </p>
   </div>
   <div class='ocr_carea' id='block_1_39' title="bbox 191 963 1006 1006">
    <p class='ocr_par' dir='ltr' id='par_1_39' title="bbox 191 965 1006 1006">
     <span class='ocr_line' id='line_1_39' title="bbox 191 965 1006 1006; baseline -0.005 -8"><span class='ocrx_word' id='word_1_288' title='bbox 191 977 260 998; x_wconf 90' lang='lat' dir='ltr'><strong>nem</strong></span> <span class='ocrx_word' id='word_1_289' title='bbox 278 977 285 998; x_wconf 92' lang='lat'>:</span> <span class='ocrx_word' id='word_1_290' title='bbox 304 966 381 1006; x_wconf 90' lang='lat' dir='ltr'><strong>quod</strong></span> <span class='ocrx_word' id='word_1_291' title='bbox 398 966 426 996; x_wconf 91' lang='lat' dir='ltr'><strong>in</strong></span> <span class='ocrx_word' id='word_1_292' title='bbox 443 975 478 996; x_wconf 89' lang='lat' dir='ltr'><strong>eo</strong></span> <span class='ocrx_word' id='word_1_293' title='bbox 499 966 588 996; x_wconf 88' lang='lat' dir='ltr'><strong>ﬁnem</strong></span> <span class='ocrx_word' id='word_1_294' title='bbox 603 975 621 996; x_wconf 92' lang='lat' dir='ltr'><strong>n</strong></span> <span class='ocrx_word' id='word_1_295' title='bbox 635 975 661 995; x_wconf 62' lang='lat' dir='ltr'><strong>In</strong></span> <span class='ocrx_word' id='word_1_296' title='bbox 671 965 776 996; x_wconf 86' lang='lat' dir='ltr'><strong>habeat</strong></span> <span class='ocrx_word' id='word_1_297' title='bbox 790 974 886 1005; x_wconf 86' lang='lat' dir='ltr'><strong>neque</strong></span> <span class='ocrx_word' id='word_1_298' title='bbox 897 965 1006 1004; x_wconf 90' lang='lat' dir='ltr'><strong>suppli-</strong></span> 
     </span>
    </p>
   </div>
   <div class='ocr_carea' id='block_1_40' title="bbox 1094 963 1880 1006">
    <p class='ocr_par' dir='ltr' id='par_1_40' title="bbox 1098 963 1880 1002">
     <span class='ocr_line' id='line_1_40' title="bbox 1098 963 1880 1002; baseline -0.005 -9"><span class='ocrx_word' id='word_1_299' title='bbox 1098 965 1184 1002; x_wconf 74' lang='grc' dir='ltr'>μονία,</span> <span class='ocrx_word' id='word_1_300' title='bbox 1209 964 1248 992; x_wconf 80' lang='grc' dir='ltr'><strong>ὅτι</strong></span> <span class='ocrx_word' id='word_1_301' title='bbox 1263 965 1321 993; x_wconf 85' lang='grc' dir='ltr'>τότε</span> <span class='ocrx_word' id='word_1_302' title='bbox 1340 963 1439 1001; x_wconf 78' lang='grc' dir='ltr'>μᾶλλον</span> <span class='ocrx_word' id='word_1_303' title='bbox 1468 965 1497 992; x_wconf 86' lang='grc' dir='ltr'><strong>τό</strong></span> <span class='ocrx_word' id='word_1_304' title='bbox 1518 974 1547 992; x_wconf 76' lang='grc' dir='ltr'><strong>τε</strong></span> <span class='ocrx_word' id='word_1_305' title='bbox 1575 963 1707 997; x_wconf 78' lang='grc' dir='ltr'>ὰλάθητον</span> <span class='ocrx_word' id='word_1_306' title='bbox 1726 967 1773 991; x_wconf 76' lang='grc' dir='ltr'>τοῦ</span> <span class='ocrx_word' id='word_1_307' title='bbox 1786 965 1880 1002; x_wconf 67' lang='grc' dir='ltr'>ιριτοῦ</span> 
     </span>
    </p>
   </div>
   <div class='ocr_carea' id='block_1_41' title="bbox 193 1009 1010 1051">
    <p class='ocr_par' dir='ltr' id='par_1_41' title="bbox 193 1009 1010 1051">
     <span class='ocr_line' id='line_1_41' title="bbox 193 1009 1010 1051; baseline -0.004 -9"><span class='ocrx_word' id='word_1_308' title='bbox 193 1012 271 1042; x_wconf 91' lang='lat' dir='ltr'><strong>cium</strong></span> <span class='ocrx_word' id='word_1_309' title='bbox 289 1020 386 1051; x_wconf 89' lang='lat' dir='ltr'><strong>neque</strong></span> <span class='ocrx_word' id='word_1_310' title='bbox 398 1010 534 1046; x_wconf 88' lang='lat' dir='ltr'><strong>felicitas,</strong></span> <span class='ocrx_word' id='word_1_311' title='bbox 553 1010 630 1050; x_wconf 91' lang='lat' dir='ltr'><strong>quod</strong></span> <span class='ocrx_word' id='word_1_312' title='bbox 652 1014 720 1040; x_wconf 90' lang='lat' dir='ltr'><strong>tunc</strong></span> <span class='ocrx_word' id='word_1_313' title='bbox 734 1010 824 1049; x_wconf 84' lang='lat' dir='ltr'><strong>magis</strong></span> <span class='ocrx_word' id='word_1_314' title='bbox 841 1009 1010 1040; x_wconf 80' lang='lat' dir='ltr'><strong>manifesta—</strong></span> 
     </span>
    </p>
   </div>
   <div class='ocr_carea' id='block_1_42' title="bbox 193 1054 1013 1096">
    <p class='ocr_par' dir='ltr' id='par_1_42' title="bbox 193 1054 1013 1096">
     <span class='ocr_line' id='line_1_42' title="bbox 193 1054 1013 1096; baseline -0.004 -10"><span class='ocrx_word' id='word_1_315' title='bbox 193 1055 272 1087; x_wconf 91' lang='lat' dir='ltr'><strong>bitur</strong></span> <span class='ocrx_word' id='word_1_316' title='bbox 285 1055 363 1096; x_wconf 90' lang='lat' dir='ltr'><strong>quod</strong></span> <span class='ocrx_word' id='word_1_317' title='bbox 394 1055 467 1085; x_wconf 88' lang='lat' dir='ltr'><strong>nihil</strong></span> <span class='ocrx_word' id='word_1_318' title='bbox 489 1054 621 1094; x_wconf 83' lang='lat' dir='ltr'><strong>judicem</strong></span> <span class='ocrx_word' id='word_1_319' title='bbox 638 1055 735 1091; x_wconf 85' lang='lat' dir='ltr'><strong>lateat,</strong></span> <span class='ocrx_word' id='word_1_320' title='bbox 753 1055 876 1094; x_wconf 78' lang='lat' dir='ltr'><strong>ejusque</strong></span> <span class='ocrx_word' id='word_1_321' title='bbox 888 1054 1013 1094; x_wconf 77' lang='lat' dir='ltr'><strong>justitia,</strong></span> 
     </span>
    </p>
   </div>
   <div class='ocr_carea' id='block_1_43' title="bbox 194 1099 1015 1140">
    <p class='ocr_par' dir='ltr' id='par_1_43' title="bbox 194 1099 1015 1140">
     <span class='ocr_line' id='line_1_43' title="bbox 194 1099 1015 1140; baseline -0.002 -9"><span class='ocrx_word' id='word_1_322' title='bbox 194 1100 345 1140; x_wconf 86' lang='lat' dir='ltr'><strong>multaque</strong></span> <span class='ocrx_word' id='word_1_323' title='bbox 372 1099 440 1130; x_wconf 88' lang='lat' dir='ltr'><strong>alia.</strong></span> <span class='ocrx_word' id='word_1_324' title='bbox 471 1099 530 1129; x_wconf 88' lang='lat' dir='ltr'><strong>Eos</strong></span> <span class='ocrx_word' id='word_1_325' title='bbox 554 1108 626 1138; x_wconf 85' lang='lat' dir='ltr'><strong>ergo</strong></span> <span class='ocrx_word' id='word_1_326' title='bbox 652 1099 702 1138; x_wconf 87' lang='lat' dir='ltr'><strong>qui</strong></span> <span class='ocrx_word' id='word_1_327' title='bbox 731 1099 794 1129; x_wconf 75' lang='lat' dir='ltr'><strong>inec</strong></span> <span class='ocrx_word' id='word_1_328' title='bbox 818 1108 885 1130; x_wconf 88' lang='lat' dir='ltr'><strong>cum</strong></span> <span class='ocrx_word' id='word_1_329' title='bbox 901 1099 1015 1129; x_wconf 60' lang='lat' dir='ltr'><strong>caeteris</strong></span> 
     </span>
    </p>
   </div>
   <div class='ocr_carea' id='block_1_44' title="bbox 193 1143 1014 1184">
    <p class='ocr_par' dir='ltr' id='par_1_44' title="bbox 193 1143 1014 1184">
     <span class='ocr_line' id='line_1_44' title="bbox 193 1143 1014 1184; baseline -0.002 -9"><span class='ocrx_word' id='word_1_330' title='bbox 193 1144 376 1175; x_wconf 82' lang='lat' dir='ltr'><strong>enumeratis</strong></span> <span class='ocrx_word' id='word_1_331' title='bbox 389 1143 481 1174; x_wconf 86' lang='lat' dir='ltr'><strong>rebus</strong></span> <span class='ocrx_word' id='word_1_332' title='bbox 497 1143 677 1180; x_wconf 81' lang='lat' dir='ltr'><strong>didicerunt,</strong></span> <span class='ocrx_word' id='word_1_333' title='bbox 694 1143 798 1184; x_wconf 89' lang='lat' dir='ltr'><strong>inquit,</strong></span> <span class='ocrx_word' id='word_1_334' title='bbox 819 1143 928 1173; x_wconf 88' lang='lat' dir='ltr'><strong>deinde</strong></span> <span class='ocrx_word' id='word_1_335' title='bbox 945 1152 1014 1183; x_wconf 88' lang='lat' dir='ltr'><strong>pro-</strong></span> 
     </span>
    </p>
   </div>
   <div class='ocr_carea' id='block_1_45' title="bbox 191 1187 1015 1229">
    <p class='ocr_par' dir='ltr' id='par_1_45' title="bbox 191 1187 1015 1229">
     <span class='ocr_line' id='line_1_45' title="bbox 191 1187 1015 1229; baseline -0.002 -10"><span class='ocrx_word' id='word_1_336' title='bbox 191 1190 263 1229; x_wconf 83' lang='lat' dir='ltr'><strong>lapsi</strong></span> <span class='ocrx_word' id='word_1_337' title='bbox 294 1193 373 1229; x_wconf 78' lang='lat' dir='ltr'><strong>sunt,</strong></span> <span class='ocrx_word' id='word_1_338' title='bbox 403 1187 588 1228; x_wconf 88' lang='lat' dir='ltr'><strong>impossibile</strong></span> <span class='ocrx_word' id='word_1_339' title='bbox 618 1192 674 1227; x_wconf 85' lang='lat' dir='ltr'><strong>est,</strong></span> <span class='ocrx_word' id='word_1_340' title='bbox 701 1191 756 1218; x_wconf 90' lang='lat' dir='ltr'><strong>etc.</strong></span> <span class='ocrx_word' id='word_1_341' title='bbox 795 1187 858 1218; x_wconf 74' lang='lat' dir='ltr'><strong>uEt</strong></span> <span class='ocrx_word' id='word_1_342' title='bbox 885 1187 1015 1227; x_wconf 84' lang='lat' dir='ltr'><strong>prolapsi</strong></span> 
     </span>
    </p>
   </div>
   <div class='ocr_carea' id='block_1_46' title="bbox 190 1232 1012 1272">
    <p class='ocr_par' dir='ltr' id='par_1_46' title="bbox 190 1232 1012 1272">
     <span class='ocr_line' id='line_1_46' title="bbox 190 1232 1012 1272; baseline -0.002 -8"><span class='ocrx_word' id='word_1_343' title='bbox 190 1238 268 1265; x_wconf 88' lang='lat' dir='ltr'><strong>sunt.</strong></span> <span class='ocrx_word' id='word_1_344' title='bbox 285 1246 299 1262; x_wconf 77' lang='grc' dir='ltr'><strong>ι)</strong></span> <span class='ocrx_word' id='word_1_345' title='bbox 318 1233 372 1270; x_wconf 87' lang='lat' dir='ltr'><strong>Qui</strong></span> <span class='ocrx_word' id='word_1_346' title='bbox 390 1233 488 1264; x_wconf 80' lang='lat' dir='ltr'><strong>omnia</strong></span> <span class='ocrx_word' id='word_1_347' title='bbox 503 1233 566 1263; x_wconf 77' lang='lat' dir='ltr'><strong>haec</strong></span> <span class='ocrx_word' id='word_1_348' title='bbox 579 1232 773 1272; x_wconf 89' lang='lat' dir='ltr'><strong>perdiderunt</strong></span> <span class='ocrx_word' id='word_1_349' title='bbox 784 1236 813 1263; x_wconf 92' lang='lat' dir='ltr'><strong>et</strong></span> <span class='ocrx_word' id='word_1_350' title='bbox 829 1232 1012 1269; x_wconf 86' lang='lat' dir='ltr'><strong>exciderunt,</strong></span> 
     </span>
    </p>
   </div>
   <div class='ocr_carea' id='block_1_47' title="bbox 190 1276 1013 1317">
    <p class='ocr_par' dir='ltr' id='par_1_47' title="bbox 190 1276 1013 1317">
     <span class='ocr_line' id='line_1_47' title="bbox 190 1276 1013 1317; baseline -0.002 -9"><span class='ocrx_word' id='word_1_351' title='bbox 190 1282 221 1308; x_wconf 92' lang='lat' dir='ltr'><strong>ut</strong></span> <span class='ocrx_word' id='word_1_352' title='bbox 230 1278 327 1309; x_wconf 92' lang='lat' dir='ltr'><strong>denuo</strong></span> <span class='ocrx_word' id='word_1_353' title='bbox 337 1287 425 1308; x_wconf 62' lang='lat' dir='ltr'><strong>renow</strong></span> <span class='ocrx_word' id='word_1_354' title='bbox 432 1281 520 1307; x_wconf 91' lang='lat' dir='ltr'><strong>entur</strong></span> <span class='ocrx_word' id='word_1_355' title='bbox 526 1285 580 1317; x_wconf 88' lang='lat' dir='ltr'><strong>per</strong></span> <span class='ocrx_word' id='word_1_356' title='bbox 586 1276 805 1316; x_wconf 77' lang='lat' dir='ltr'><strong>pcenitentiam?</strong></span> <span class='ocrx_word' id='word_1_357' title='bbox 812 1276 867 1306; x_wconf 91' lang='lat' dir='ltr'><strong>hoc</strong></span> <span class='ocrx_word' id='word_1_358' title='bbox 874 1277 913 1306; x_wconf 93' lang='lat' dir='ltr'><strong>im</strong></span> <span class='ocrx_word' id='word_1_359' title='bbox 918 1276 1013 1316; x_wconf 79' lang='lat' dir='ltr'><strong>possi-</strong></span> 
     </span>
    </p>
   </div>
   <div class='ocr_carea' id='block_1_48' title="bbox 191 1321 1015 1361">
    <p class='ocr_par' dir='ltr' id='par_1_48' title="bbox 191 1321 1015 1361">
     <span class='ocr_line' id='line_1_48' title="bbox 191 1321 1015 1361; baseline -0.002 -9"><span class='ocrx_word' id='word_1_360' title='bbox 191 1322 250 1353; x_wconf 91' lang='lat' dir='ltr'><strong>bile</strong></span> <span class='ocrx_word' id='word_1_361' title='bbox 283 1327 338 1353; x_wconf 75' lang='lat' dir='ltr'><strong>est.</strong></span> <span class='ocrx_word' id='word_1_362' title='bbox 372 1322 447 1357; x_wconf 90' lang='lat' dir='ltr'><strong>Quid</strong></span> <span class='ocrx_word' id='word_1_363' title='bbox 480 1321 586 1360; x_wconf 79' lang='lat' dir='ltr'><strong>igitur!</strong></span> <span class='ocrx_word' id='word_1_364' title='bbox 614 1321 764 1361; x_wconf 83' lang='lat' dir='ltr'><strong>abjecitne</strong></span> <span class='ocrx_word' id='word_1_365' title='bbox 789 1321 1015 1361; x_wconf 74' lang='lat' dir='ltr'><strong>paenitentiam?</strong></span> 
     </span>
    </p>
   </div>
   <div class='ocr_carea' id='block_1_49' title="bbox 191 1365 1014 1406">
    <p class='ocr_par' dir='ltr' id='par_1_49' title="bbox 191 1365 1014 1406">
     <span class='ocr_line' id='line_1_49' title="bbox 191 1365 1014 1406; baseline -0.002 -9"><span class='ocrx_word' id='word_1_366' title='bbox 191 1366 277 1398; x_wconf 80' lang='lat' dir='ltr'><strong>Absit</strong></span> <span class='ocrx_word' id='word_1_367' title='bbox 307 1366 557 1406; x_wconf 89' lang='lat' dir='ltr'><strong>quemadmodum</strong></span> <span class='ocrx_word' id='word_1_368' title='bbox 588 1365 676 1395; x_wconf 80' lang='lat' dir='ltr'><strong>habet</strong></span> <span class='ocrx_word' id='word_1_369' title='bbox 697 1365 781 1396; x_wconf 90' lang='lat' dir='ltr'><strong>divus</strong></span> <span class='ocrx_word' id='word_1_370' title='bbox 808 1365 876 1395; x_wconf 73' lang='lat'><strong>557</strong></span> <span class='ocrx_word' id='word_1_371' title='bbox 890 1365 1014 1405; x_wconf 76' lang='lat' dir='ltr'><strong>Cyrillus</strong></span> 
     </span>
    </p>
   </div>
   <div class='ocr_carea' id='block_1_50' title="bbox 192 1409 1015 1450">
    <p class='ocr_par' dir='ltr' id='par_1_50' title="bbox 192 1409 1015 1450">
     <span class='ocr_line' id='line_1_50' title="bbox 192 1409 1015 1450; baseline 0 -10"><span class='ocrx_word' id='word_1_372' title='bbox 192 1414 275 1440; x_wconf 87' lang='lat' dir='ltr'><strong>sexto</strong></span> <span class='ocrx_word' id='word_1_373' title='bbox 290 1409 440 1441; x_wconf 86' lang='lat' dir='ltr'><strong>volumine</strong></span> <span class='ocrx_word' id='word_1_374' title='bbox 455 1410 593 1440; x_wconf 67' lang='lat' dir='ltr'><strong>secunda:</strong></span> <span class='ocrx_word' id='word_1_375' title='bbox 612 1409 702 1448; x_wconf 87' lang='lat' dir='ltr'><strong>partis</strong></span> <span class='ocrx_word' id='word_1_376' title='bbox 717 1409 833 1440; x_wconf 76' lang='lat' dir='ltr'><strong>Latriw</strong></span> <span class='ocrx_word' id='word_1_377' title='bbox 849 1418 915 1450; x_wconf 74' lang='lat' dir='ltr'><strong>quae</strong></span> <span class='ocrx_word' id='word_1_378' title='bbox 924 1413 967 1440; x_wconf 79' lang='lat' dir='ltr'><strong>est</strong></span> <span class='ocrx_word' id='word_1_379' title='bbox 982 1410 1015 1440; x_wconf 82' lang='lat' dir='ltr'><strong>in</strong></span> 
     </span>
    </p>
   </div>
   <div class='ocr_carea' id='block_1_51' title="bbox 190 1453 1015 1494">
    <p class='ocr_par' dir='ltr' id='par_1_51' title="bbox 190 1453 1015 1494">
     <span class='ocr_line' id='line_1_51' title="bbox 190 1453 1015 1494; baseline -0.001 -9"><span class='ocrx_word' id='word_1_380' title='bbox 190 1455 301 1494; x_wconf 77' lang='lat' dir='ltr'><strong>spiritu</strong></span> <span class='ocrx_word' id='word_1_381' title='bbox 316 1459 344 1485; x_wconf 84' lang='lat' dir='ltr'><strong>et</strong></span> <span class='ocrx_word' id='word_1_382' title='bbox 359 1455 485 1484; x_wconf 76' lang='lat' dir='ltr'><strong>veritate</strong></span> <span class='ocrx_word' id='word_1_383' title='bbox 499 1464 504 1483; x_wconf 89' lang='lat'>:</span> <span class='ocrx_word' id='word_1_384' title='bbox 523 1453 574 1483; x_wconf 89' lang='lat' dir='ltr'><strong>sed</strong></span> <span class='ocrx_word' id='word_1_385' title='bbox 597 1453 801 1493; x_wconf 73' lang='lat' dir='ltr'><strong>ptenitentiam</strong></span> <span class='ocrx_word' id='word_1_386' title='bbox 827 1463 892 1494; x_wconf 62' lang='lat' dir='ltr'><strong>quae</strong></span> <span class='ocrx_word' id='word_1_387' title='bbox 903 1458 945 1484; x_wconf 91' lang='lat' dir='ltr'><strong>est</strong></span> <span class='ocrx_word' id='word_1_388' title='bbox 961 1463 1015 1494; x_wconf 91' lang='lat' dir='ltr'><strong>per</strong></span> 
     </span>
    </p>
   </div>
   <div class='ocr_carea' id='block_1_52' title="bbox 192 1497 1012 1538">
    <p class='ocr_par' dir='ltr' id='par_1_52' title="bbox 192 1497 1012 1538">
     <span class='ocr_line' id='line_1_52' title="bbox 192 1497 1012 1538; baseline -0.001 -9"><span class='ocrx_word' id='word_1_389' title='bbox 192 1498 385 1538; x_wconf 83' lang='lat' dir='ltr'><strong>baptismum.</strong></span> <span class='ocrx_word' id='word_1_390' title='bbox 400 1499 523 1538; x_wconf 88' lang='lat' dir='ltr'><strong>Oportet</strong></span> <span class='ocrx_word' id='word_1_391' title='bbox 539 1497 619 1527; x_wconf 92' lang='lat' dir='ltr'><strong>enim</strong></span> <span class='ocrx_word' id='word_1_392' title='bbox 630 1498 755 1536; x_wconf 85' lang='lat' dir='ltr'><strong>primum</strong></span> <span class='ocrx_word' id='word_1_393' title='bbox 769 1498 937 1538; x_wconf 68' lang='lat' dir='ltr'><strong>prtecedere</strong></span> <span class='ocrx_word' id='word_1_394' title='bbox 950 1507 1012 1538; x_wconf 67' lang='lat' dir='ltr'><strong>pae-</strong></span> 
     </span>
    </p>
   </div>
   <div class='ocr_carea' id='block_1_53' title="bbox 194 1541 1012 1582">
    <p class='ocr_par' dir='ltr' id='par_1_53' title="bbox 194 1541 1012 1582">
     <span class='ocr_line' id='line_1_53' title="bbox 194 1541 1012 1582; baseline -0.001 -9"><span class='ocrx_word' id='word_1_395' title='bbox 194 1542 349 1573; x_wconf 91' lang='lat' dir='ltr'><strong>nitentiam</strong></span> <span class='ocrx_word' id='word_1_396' title='bbox 366 1552 399 1573; x_wconf 90' lang='lat' dir='ltr'><strong>ac</strong></span> <span class='ocrx_word' id='word_1_397' title='bbox 413 1541 665 1572; x_wconf 89' lang='lat' dir='ltr'><strong>renuntiationem</strong></span> <span class='ocrx_word' id='word_1_398' title='bbox 683 1551 835 1581; x_wconf 86' lang='lat' dir='ltr'><strong>pravarum</strong></span> <span class='ocrx_word' id='word_1_399' title='bbox 852 1542 1012 1582; x_wconf 83' lang='lat' dir='ltr'><strong>actionum,</strong></span> 
     </span>
    </p>
   </div>
   <div class='ocr_carea' id='block_1_54' title="bbox 193 1586 1016 1627">
    <p class='ocr_par' dir='ltr' id='par_1_54' title="bbox 193 1586 1016 1627">
     <span class='ocr_line' id='line_1_54' title="bbox 193 1586 1016 1627; baseline 0 -10"><span class='ocrx_word' id='word_1_400' title='bbox 193 1591 222 1618; x_wconf 91' lang='lat' dir='ltr'><strong>et</strong></span> <span class='ocrx_word' id='word_1_401' title='bbox 237 1588 276 1617; x_wconf 91' lang='lat' dir='ltr'><strong>ita</strong></span> <span class='ocrx_word' id='word_1_402' title='bbox 293 1587 445 1627; x_wconf 84' lang='lat' dir='ltr'><strong>baptizari.</strong></span> <span class='ocrx_word' id='word_1_403' title='bbox 463 1587 544 1616; x_wconf 93' lang='lat' dir='ltr'><strong>lllam</strong></span> <span class='ocrx_word' id='word_1_404' title='bbox 568 1586 666 1626; x_wconf 87' lang='lat' dir='ltr'><strong>itaque</strong></span> <span class='ocrx_word' id='word_1_405' title='bbox 683 1587 884 1626; x_wconf 59' lang='lat' dir='ltr'><strong>paenitentiam</strong></span> <span class='ocrx_word' id='word_1_406' title='bbox 899 1586 937 1617; x_wconf 89' lang='lat' dir='ltr'><strong>ait</strong></span> <span class='ocrx_word' id='word_1_407' title='bbox 951 1596 1016 1626; x_wconf 62' lang='lat' dir='ltr'><strong>quas</strong></span> 
     </span>
    </p>
   </div>
   <div class='ocr_carea' id='block_1_55' title="bbox 195 1631 1014 1672">
    <p class='ocr_par' dir='ltr' id='par_1_55' title="bbox 195 1631 1014 1672">
     <span class='ocr_line' id='line_1_55' title="bbox 195 1631 1014 1672; baseline -0.001 -10"><span class='ocrx_word' id='word_1_408' title='bbox 195 1632 225 1662; x_wconf 89' lang='lat' dir='ltr'><strong>in</strong></span> <span class='ocrx_word' id='word_1_409' title='bbox 244 1631 420 1672; x_wconf 85' lang='lat' dir='ltr'><strong>baptismate</strong></span> <span class='ocrx_word' id='word_1_410' title='bbox 450 1635 495 1661; x_wconf 87' lang='lat' dir='ltr'><strong>est</strong></span> <span class='ocrx_word' id='word_1_411' title='bbox 514 1641 520 1661; x_wconf 93' lang='lat'>:</span> <span class='ocrx_word' id='word_1_412' title='bbox 549 1631 627 1662; x_wconf 86' lang='lat' dir='ltr'><strong>unde</strong></span> <span class='ocrx_word' id='word_1_413' title='bbox 643 1636 672 1662; x_wconf 88' lang='lat' dir='ltr'><strong>et</strong></span> <span class='ocrx_word' id='word_1_414' title='bbox 686 1632 821 1662; x_wconf 85' lang='lat' dir='ltr'><strong>reuovari</strong></span> <span class='ocrx_word' id='word_1_415' title='bbox 837 1632 919 1668; x_wconf 82' lang='lat' dir='ltr'><strong>dixit,</strong></span> <span class='ocrx_word' id='word_1_416' title='bbox 937 1631 1014 1672; x_wconf 90' lang='lat' dir='ltr'><strong>quod</strong></span> 
     </span>
    </p>
   </div>
   <div class='ocr_carea' id='block_1_56' title="bbox 191 1675 1014 1717">
    <p class='ocr_par' dir='ltr' id='par_1_56' title="bbox 191 1675 1014 1717">
     <span class='ocr_line' id='line_1_56' title="bbox 191 1675 1014 1717; baseline 0 -11"><span class='ocrx_word' id='word_1_417' title='bbox 191 1676 345 1717; x_wconf 89' lang='lat' dir='ltr'><strong>proprium</strong></span> <span class='ocrx_word' id='word_1_418' title='bbox 372 1680 417 1706; x_wconf 90' lang='lat' dir='ltr'><strong>est</strong></span> <span class='ocrx_word' id='word_1_419' title='bbox 443 1675 637 1715; x_wconf 86' lang='lat' dir='ltr'><strong>baptismatis,</strong></span> <span class='ocrx_word' id='word_1_420' title='bbox 670 1679 710 1712; x_wconf 91' lang='lat' dir='ltr'><strong>et,</strong></span> <span class='ocrx_word' id='word_1_421' title='bbox 736 1676 862 1705; x_wconf 78' lang='lat' dir='ltr'><strong>Rursum</strong></span> <span class='ocrx_word' id='word_1_422' title='bbox 894 1677 1014 1707; x_wconf 89' lang='lat' dir='ltr'><strong>cruciﬁ-</strong></span> 
     </span>
    </p>
   </div>
   <div class='ocr_carea' id='block_1_57' title="bbox 190 1720 1015 1761">
    <p class='ocr_par' dir='ltr' id='par_1_57' title="bbox 190 1720 1015 1761">
     <span class='ocr_line' id='line_1_57' title="bbox 190 1720 1015 1761; baseline 0 -10"><span class='ocrx_word' id='word_1_423' title='bbox 190 1726 304 1761; x_wconf 82' lang='lat' dir='ltr'><strong>gentes,</strong></span> <span class='ocrx_word' id='word_1_424' title='bbox 321 1720 400 1760; x_wconf 89' lang='lat' dir='ltr'><strong>quod</strong></span> <span class='ocrx_word' id='word_1_425' title='bbox 417 1724 446 1750; x_wconf 91' lang='lat' dir='ltr'><strong>et</strong></span> <span class='ocrx_word' id='word_1_426' title='bbox 460 1720 516 1750; x_wconf 88' lang='lat' dir='ltr'><strong>hoc</strong></span> <span class='ocrx_word' id='word_1_427' title='bbox 529 1720 679 1760; x_wconf 90' lang='lat' dir='ltr'><strong>proprium</strong></span> <span class='ocrx_word' id='word_1_428' title='bbox 692 1724 735 1750; x_wconf 91' lang='lat' dir='ltr'><strong>est</strong></span> <span class='ocrx_word' id='word_1_429' title='bbox 752 1720 947 1759; x_wconf 85' lang='lat' dir='ltr'><strong>baptismatis.</strong></span> <span class='ocrx_word' id='word_1_430' title='bbox 958 1721 1015 1757; x_wconf 76' lang='lat' dir='ltr'><strong>Qui</strong></span> 
     </span>
    </p>
   </div>
   <div class='ocr_carea' id='block_1_58' title="bbox 189 1763 1013 1805">
    <p class='ocr_par' dir='ltr' id='par_1_58' title="bbox 189 1763 1013 1805">
     <span class='ocr_line' id='line_1_58' title="bbox 189 1763 1013 1805; baseline 0.001 -9"><span class='ocrx_word' id='word_1_431' title='bbox 189 1766 268 1796; x_wconf 92' lang='lat' dir='ltr'><strong>enim</strong></span> <span class='ocrx_word' id='word_1_432' title='bbox 287 1765 481 1805; x_wconf 87' lang='lat' dir='ltr'><strong>baptizantur,</strong></span> <span class='ocrx_word' id='word_1_433' title='bbox 498 1773 557 1795; x_wconf 86' lang='lat' dir='ltr'><strong>una</strong></span> <span class='ocrx_word' id='word_1_434' title='bbox 573 1773 640 1794; x_wconf 84' lang='lat' dir='ltr'><strong>cum</strong></span> <span class='ocrx_word' id='word_1_435' title='bbox 652 1763 776 1794; x_wconf 89' lang='lat' dir='ltr'><strong>Domino</strong></span> <span class='ocrx_word' id='word_1_436' title='bbox 790 1765 1013 1804; x_wconf 77' lang='lat' dir='ltr'><strong>cruciﬁguntur.</strong></span> 
     </span>
    </p>
   </div>
   <div class='ocr_carea' id='block_1_59' title="bbox 1055 1007 1880 1049">
    <p class='ocr_par' dir='ltr' id='par_1_59' title="bbox 1055 1007 1880 1049">
     <span class='ocr_line' id='line_1_59' title="bbox 1055 1007 1880 1049; baseline -0.002 -12"><span class='ocrx_word' id='word_1_437' title='bbox 1055 1010 1143 1037; x_wconf 80' lang='grc' dir='ltr'>καὶτὸ</span> <span class='ocrx_word' id='word_1_438' title='bbox 1157 1008 1254 1037; x_wconf 80' lang='grc' dir='ltr'>δίκαιον</span> <span class='ocrx_word' id='word_1_439' title='bbox 1269 1010 1493 1049; x_wconf 65' lang='grc' dir='ltr'>φανερωθήσεται,</span> <span class='ocrx_word' id='word_1_440' title='bbox 1513 1009 1557 1036; x_wconf 73' lang='grc' dir='ltr'><strong>καὶ</strong></span> <span class='ocrx_word' id='word_1_441' title='bbox 1584 1008 1671 1036; x_wconf 83' lang='grc' dir='ltr'>πολλὰ</span> <span class='ocrx_word' id='word_1_442' title='bbox 1692 1008 1779 1047; x_wconf 78' lang='grc' dir='ltr'>ἕτερα.</span> <span class='ocrx_word' id='word_1_443' title='bbox 1809 1007 1880 1038; x_wconf 69' lang='grc' dir='ltr'>Τοὺς</span> 
     </span>
    </p>
   </div>
   <div class='ocr_carea' id='block_1_60' title="bbox 1056 1051 1881 1092">
    <p class='ocr_par' dir='ltr' id='par_1_60' title="bbox 1056 1051 1881 1092">
     <span class='ocr_line' id='line_1_60' title="bbox 1056 1051 1881 1092; baseline -0.004 -11"><span class='ocrx_word' id='word_1_444' title='bbox 1056 1054 1099 1081; x_wconf 82' lang='grc' dir='ltr'>οὖν</span> <span class='ocrx_word' id='word_1_445' title='bbox 1114 1054 1181 1091; x_wconf 78' lang='grc' dir='ltr'>μετὰ</span> <span class='ocrx_word' id='word_1_446' title='bbox 1201 1056 1253 1081; x_wconf 79' lang='grc' dir='ltr'>τῶν</span> <span class='ocrx_word' id='word_1_447' title='bbox 1269 1053 1355 1081; x_wconf 71' lang='grc' dir='ltr'>ἄλλων</span> <span class='ocrx_word' id='word_1_448' title='bbox 1376 1054 1420 1081; x_wconf 77' lang='grc' dir='ltr'>καὶ</span> <span class='ocrx_word' id='word_1_449' title='bbox 1434 1057 1515 1082; x_wconf 81' lang='grc' dir='ltr'>ταῠτα</span> <span class='ocrx_word' id='word_1_450' title='bbox 1530 1053 1674 1090; x_wconf 71' lang='grc' dir='ltr'>μαθόντας,</span> <span class='ocrx_word' id='word_1_451' title='bbox 1694 1053 1784 1092; x_wconf 65' lang='grc' dir='ltr'><strong>φης-ἠν¹</strong></span> <span class='ocrx_word' id='word_1_452' title='bbox 1816 1051 1881 1079; x_wconf 64' lang='grc' dir='ltr'>εἶτα</span> 
     </span>
    </p>
   </div>
   <div class='ocr_carea' id='block_1_61' title="bbox 1056 1096 1882 1137">
    <p class='ocr_par' dir='ltr' id='par_1_61' title="bbox 1056 1096 1882 1137">
     <span class='ocr_line' id='line_1_61' title="bbox 1056 1096 1882 1137; baseline -0.004 -11"><span class='ocrx_word' id='word_1_453' title='bbox 1056 1098 1267 1137; x_wconf 77' lang='grc' dir='ltr'><strong>παραπεσόντας⁷</strong></span> <span class='ocrx_word' id='word_1_454' title='bbox 1297 1096 1432 1133; x_wconf 81' lang='grc' dir='ltr'>ἀδύνατον,</span> <span class='ocrx_word' id='word_1_455' title='bbox 1454 1098 1498 1125; x_wconf 75' lang='grc' dir='ltr'><strong>καὶ</strong></span> <span class='ocrx_word' id='word_1_456' title='bbox 1519 1097 1592 1130; x_wconf 76' lang='grc' dir='ltr'><strong>ἑξῆς.</strong></span> <span class='ocrx_word' id='word_1_457' title='bbox 1631 1107 1643 1125; x_wconf 67' lang='grc' dir='ltr'><strong><em>ι</em></strong></span> <span class='ocrx_word' id='word_1_458' title='bbox 1675 1097 1724 1126; x_wconf 79' lang='grc' dir='ltr'>Καὶ</span> <span class='ocrx_word' id='word_1_459' title='bbox 1751 1106 1882 1135; x_wconf 81' lang='grc' dir='ltr'>παραπε-</span> 
     </span>
    </p>
   </div>
   <div class='ocr_carea' id='block_1_62' title="bbox 1056 1137 1879 1175">
    <p class='ocr_par' dir='ltr' id='par_1_62' title="bbox 1056 1137 1879 1175">
     <span class='ocr_line' id='line_1_62' title="bbox 1056 1137 1879 1175; baseline -0.005 -5"><span class='ocrx_word' id='word_1_460' title='bbox 1056 1153 1159 1175; x_wconf 84' lang='grc' dir='ltr'>σοντας.</span> <span class='ocrx_word' id='word_1_461' title='bbox 1180 1154 1192 1170; x_wconf 77' lang='grc' dir='ltr'>ι)</span> <span class='ocrx_word' id='word_1_462' title='bbox 1211 1137 1337 1170; x_wconf 54' lang='lat' dir='ltr'><strong>“Amne:</strong></span> <span class='ocrx_word' id='word_1_463' title='bbox 1351 1147 1432 1170; x_wconf 78' lang='grc' dir='ltr'>ταῦτα</span> <span class='ocrx_word' id='word_1_464' title='bbox 1460 1140 1642 1174; x_wconf 71' lang='grc' dir='ltr'>ἀπολέσαντας</span> <span class='ocrx_word' id='word_1_465' title='bbox 1670 1142 1715 1170; x_wconf 75' lang='grc' dir='ltr'>καὶ</span> <span class='ocrx_word' id='word_1_466' title='bbox 1744 1140 1879 1168; x_wconf 71' lang='grc' dir='ltr'><strong>ἐκπεσόν-</strong></span> 
     </span>
    </p>
   </div>
   <div class='ocr_carea' id='block_1_63' title="bbox 1055 1185 1880 1223">
    <p class='ocr_par' dir='ltr' id='par_1_63' title="bbox 1055 1185 1880 1223">
     <span class='ocr_line' id='line_1_63' title="bbox 1055 1185 1880 1223; baseline 0 -9"><span class='ocrx_word' id='word_1_467' title='bbox 1055 1197 1102 1219; x_wconf 83' lang='grc' dir='ltr'><strong>τας</strong></span> <span class='ocrx_word' id='word_1_468' title='bbox 1125 1186 1204 1215; x_wconf 76' lang='grc' dir='ltr'>πόλιν</span> <span class='ocrx_word' id='word_1_469' title='bbox 1218 1187 1390 1221; x_wconf 76' lang='grc' dir='ltr'>ἀνακαινίζειν</span> <span class='ocrx_word' id='word_1_470' title='bbox 1405 1186 1441 1218; x_wconf 80' lang='grc' dir='ltr'>εἷς</span> <span class='ocrx_word' id='word_1_471' title='bbox 1463 1186 1614 1223; x_wconf 78' lang='grc' dir='ltr'>μετάνοιαν,</span> <span class='ocrx_word' id='word_1_472' title='bbox 1644 1185 1770 1214; x_wconf 79' lang='grc' dir='ltr'>ἀδύνατον</span> <span class='ocrx_word' id='word_1_473' title='bbox 1785 1188 1880 1214; x_wconf 80' lang='grc' dir='ltr'>τοῦτο.</span> 
     </span>
    </p>
   </div>
   <div class='ocr_carea' id='block_1_64' title="bbox 1055 1229 1880 1271">
    <p class='ocr_par' dir='ltr' id='par_1_64' title="bbox 1055 1229 1880 1271">
     <span class='ocr_line' id='line_1_64' title="bbox 1055 1229 1880 1271; baseline -0.002 -12"><span class='ocrx_word' id='word_1_474' title='bbox 1055 1232 1085 1260; x_wconf 88' lang='grc' dir='ltr'><strong>Τί</strong></span> <span class='ocrx_word' id='word_1_475' title='bbox 1100 1231 1143 1259; x_wconf 80' lang='grc' dir='ltr'>οὖν</span> <span class='ocrx_word' id='word_1_476' title='bbox 1158 1241 1166 1271; x_wconf 66' lang='grc' dir='ltr'><strong>ς</strong></span> <span class='ocrx_word' id='word_1_477' title='bbox 1183 1230 1286 1264; x_wconf 74' lang='grc' dir='ltr'><strong>ἐξέϐαλε</strong></span> <span class='ocrx_word' id='word_1_478' title='bbox 1301 1231 1350 1264; x_wconf 80' lang='grc' dir='ltr'><strong>τὴν</strong></span> <span class='ocrx_word' id='word_1_479' title='bbox 1365 1231 1528 1270; x_wconf 72' lang='grc' dir='ltr'>μιτάνοιαν”;</span> <span class='ocrx_word' id='word_1_480' title='bbox 1559 1231 1604 1264; x_wconf 74' lang='grc' dir='ltr'><strong>Μὴ</strong></span> <span class='ocrx_word' id='word_1_481' title='bbox 1632 1231 1750 1270; x_wconf 68' lang='grc' dir='ltr'>γένοιτο,</span> <span class='ocrx_word' id='word_1_482' title='bbox 1780 1229 1880 1269; x_wconf 69' lang='grc' dir='ltr'>(οὕτως</span> 
     </span>
    </p>
   </div>
   <div class='ocr_carea' id='block_1_65' title="bbox 1055 1273 1881 1314">
    <p class='ocr_par' dir='ltr' id='par_1_65' title="bbox 1055 1273 1881 1314">
     <span class='ocr_line' id='line_1_65' title="bbox 1055 1273 1881 1314; baseline -0.004 -11"><span class='ocrx_word' id='word_1_483' title='bbox 1055 1277 1069 1303; x_wconf 78' lang='grc' dir='ltr'>ὁ</span> <span class='ocrx_word' id='word_1_484' title='bbox 1085 1275 1110 1303; x_wconf 77' lang='grc' dir='ltr'>ἐν</span> <span class='ocrx_word' id='word_1_485' title='bbox 1125 1276 1197 1314; x_wconf 80' lang='grc' dir='ltr'>ἁγίος</span> <span class='ocrx_word' id='word_1_486' title='bbox 1220 1274 1347 1314; x_wconf 80' lang='grc' dir='ltr'>Κύριλλος</span> <span class='ocrx_word' id='word_1_487' title='bbox 1375 1274 1401 1302; x_wconf 83' lang='grc' dir='ltr'>ἐν</span> <span class='ocrx_word' id='word_1_488' title='bbox 1430 1273 1522 1312; x_wconf 80' lang='grc' dir='ltr'>βιϐλίῳ</span> <span class='ocrx_word' id='word_1_489' title='bbox 1543 1273 1613 1310; x_wconf 70' lang='grc' dir='ltr'>ἕκτῳ</span> <span class='ocrx_word' id='word_1_490' title='bbox 1640 1277 1689 1307; x_wconf 75' lang='grc' dir='ltr'>τῆς</span> <span class='ocrx_word' id='word_1_491' title='bbox 1717 1275 1745 1312; x_wconf 90' lang='grc' dir='ltr'>β,</span> <span class='ocrx_word' id='word_1_492' title='bbox 1773 1274 1821 1306; x_wconf 76' lang='grc' dir='ltr'>τῆς</span> <span class='ocrx_word' id='word_1_493' title='bbox 1849 1273 1881 1300; x_wconf 78' lang='grc' dir='ltr'>ἐν</span> 
     </span>
    </p>
   </div>
   <div class='ocr_carea' id='block_1_66' title="bbox 1055 1318 1880 1358">
    <p class='ocr_par' dir='ltr' id='par_1_66' title="bbox 1055 1318 1880 1358">
     <span class='ocr_line' id='line_1_66' title="bbox 1055 1318 1880 1358; baseline -0.001 -11"><span class='ocrx_word' id='word_1_494' title='bbox 1055 1320 1169 1357; x_wconf 75' lang='grc' dir='ltr'>πνύματι</span> <span class='ocrx_word' id='word_1_495' title='bbox 1190 1320 1234 1348; x_wconf 76' lang='grc' dir='ltr'>καὶ</span> <span class='ocrx_word' id='word_1_496' title='bbox 1252 1319 1361 1355; x_wconf 72' lang='grc' dir='ltr'>ἀληθείᾳ</span> <span class='ocrx_word' id='word_1_497' title='bbox 1380 1318 1512 1358; x_wconf 78' lang='grc' dir='ltr'>λατρείας)</span> <span class='ocrx_word' id='word_1_498' title='bbox 1539 1318 1607 1346; x_wconf 75' lang='grc' dir='ltr'>ἀλλὰ</span> <span class='ocrx_word' id='word_1_499' title='bbox 1635 1319 1682 1352; x_wconf 72' lang='grc' dir='ltr'><strong>τὴν</strong></span> <span class='ocrx_word' id='word_1_500' title='bbox 1712 1318 1754 1347; x_wconf 79' lang='grc' dir='ltr'>διὰ</span> <span class='ocrx_word' id='word_1_501' title='bbox 1782 1319 1880 1347; x_wconf 73' lang='grc' dir='ltr'>βαπτί-</span> 
     </span>
    </p>
   </div>
   <div class='ocr_carea' id='block_1_67' title="bbox 1057 1363 1881 1402">
    <p class='ocr_par' dir='ltr' id='par_1_67' title="bbox 1057 1363 1881 1402">
     <span class='ocr_line' id='line_1_67' title="bbox 1057 1363 1881 1402; baseline -0.002 -10"><span class='ocrx_word' id='word_1_502' title='bbox 1057 1375 1156 1402; x_wconf 83' lang='grc' dir='ltr'>σματος</span> <span class='ocrx_word' id='word_1_503' title='bbox 1171 1365 1322 1401; x_wconf 77' lang='grc' dir='ltr'>μετάιοιαν.</span> <span class='ocrx_word' id='word_1_504' title='bbox 1342 1369 1389 1391; x_wconf 75' lang='grc' dir='ltr'><strong>Δεῖ</strong></span> <span class='ocrx_word' id='word_1_505' title='bbox 1403 1365 1452 1402; x_wconf 81' lang='grc' dir='ltr'>γὰρ</span> <span class='ocrx_word' id='word_1_506' title='bbox 1479 1366 1583 1402; x_wconf 79' lang='grc' dir='ltr'>πρῶτον</span> <span class='ocrx_word' id='word_1_507' title='bbox 1610 1364 1759 1402; x_wconf 61' lang='grc' dir='ltr'><strong>ἡγήσασθαι</strong></span> <span class='ocrx_word' id='word_1_508' title='bbox 1790 1363 1881 1401; x_wconf 51' lang='grc' dir='ltr'>μετά,</span> 
     </span>
    </p>
   </div>
   <div class='ocr_carea' id='block_1_68' title="bbox 1056 1407 1881 1446">
    <p class='ocr_par' dir='ltr' id='par_1_68' title="bbox 1056 1407 1881 1446">
     <span class='ocr_line' id='line_1_68' title="bbox 1056 1407 1881 1446; baseline -0.001 -10"><span class='ocrx_word' id='word_1_509' title='bbox 1056 1419 1128 1437; x_wconf 84' lang='grc' dir='ltr'>νοιαν</span> <span class='ocrx_word' id='word_1_510' title='bbox 1142 1410 1186 1436; x_wconf 80' lang='grc' dir='ltr'><strong>καὶ</strong></span> <span class='ocrx_word' id='word_1_511' title='bbox 1200 1408 1324 1440; x_wconf 81' lang='grc' dir='ltr'>ἀπόταξιν</span> <span class='ocrx_word' id='word_1_512' title='bbox 1337 1411 1390 1436; x_wconf 86' lang='grc' dir='ltr'>τῶν</span> <span class='ocrx_word' id='word_1_513' title='bbox 1410 1411 1533 1446; x_wconf 86' lang='grc' dir='ltr'>πονηρῶν</span> <span class='ocrx_word' id='word_1_514' title='bbox 1561 1407 1691 1446; x_wconf 73' lang='grc' dir='ltr'>πράξεων,</span> <span class='ocrx_word' id='word_1_515' title='bbox 1720 1408 1764 1435; x_wconf 76' lang='grc' dir='ltr'><strong>καὶ</strong></span> <span class='ocrx_word' id='word_1_516' title='bbox 1793 1407 1881 1440; x_wconf 62' lang='grc' dir='ltr'>οὕτως</span> 
     </span>
    </p>
   </div>
   <div class='ocr_carea' id='block_1_69' title="bbox 1056 1451 1882 1492">
    <p class='ocr_par' dir='ltr' id='par_1_69' title="bbox 1056 1451 1882 1492">
     <span class='ocr_line' id='line_1_69' title="bbox 1056 1451 1882 1492; baseline -0.004 -11"><span class='ocrx_word' id='word_1_517' title='bbox 1056 1453 1245 1491; x_wconf 74' lang='grc' dir='ltr'>βαπτισθῆναι,</span> <span class='ocrx_word' id='word_1_518' title='bbox 1273 1451 1392 1485; x_wconf 75' lang='grc' dir='ltr'>Ἐκείνην</span> <span class='ocrx_word' id='word_1_519' title='bbox 1407 1452 1450 1480; x_wconf 81' lang='grc' dir='ltr'>οὖν</span> <span class='ocrx_word' id='word_1_520' title='bbox 1478 1453 1555 1492; x_wconf 75' lang='grc' dir='ltr'>φησὶ,</span> <span class='ocrx_word' id='word_1_521' title='bbox 1577 1452 1626 1485; x_wconf 77' lang='grc' dir='ltr'><strong>τὴν</strong></span> <span class='ocrx_word' id='word_1_522' title='bbox 1656 1452 1683 1479; x_wconf 78' lang='grc' dir='ltr'>ἐν</span> <span class='ocrx_word' id='word_1_523' title='bbox 1711 1455 1750 1489; x_wconf 83' lang='grc' dir='ltr'>τῷ</span> <span class='ocrx_word' id='word_1_524' title='bbox 1778 1451 1882 1490; x_wconf 83' lang='grc' dir='ltr'>βαπτί-</span> 
     </span>
    </p>
   </div>
   <div class='ocr_carea' id='block_1_70' title="bbox 1057 1495 1882 1535">
    <p class='ocr_par' dir='ltr' id='par_1_70' title="bbox 1057 1495 1882 1535">
     <span class='ocr_line' id='line_1_70' title="bbox 1057 1495 1882 1535; baseline 0 -11"><span class='ocrx_word' id='word_1_525' title='bbox 1057 1508 1136 1534; x_wconf 82' lang='grc' dir='ltr'>σματι</span> <span class='ocrx_word' id='word_1_526' title='bbox 1159 1497 1310 1534; x_wconf 78' lang='grc' dir='ltr'>μετάνοιαν,</span> <span class='ocrx_word' id='word_1_527' title='bbox 1335 1496 1392 1524; x_wconf 79' lang='grc' dir='ltr'>ὅθεν</span> <span class='ocrx_word' id='word_1_528' title='bbox 1414 1497 1457 1524; x_wconf 77' lang='grc' dir='ltr'><strong>καὶ</strong></span> <span class='ocrx_word' id='word_1_529' title='bbox 1477 1496 1565 1532; x_wconf 75' lang='grc' dir='ltr'>εἶπεν,</span> <span class='ocrx_word' id='word_1_530' title='bbox 1593 1495 1782 1532; x_wconf 76' lang='grc' dir='ltr'>Ἀναχαινίζειν</span> <span class='ocrx_word' id='word_1_531' title='bbox 1812 1495 1882 1535; x_wconf 77' lang='grc' dir='ltr'>ὅπερ</span> 
     </span>
    </p>
   </div>
   <div class='ocr_carea' id='block_1_71' title="bbox 1057 1540 1882 1582">
    <p class='ocr_par' dir='ltr' id='par_1_71' title="bbox 1057 1540 1882 1582">
     <span class='ocr_line' id='line_1_71' title="bbox 1057 1540 1882 1582; baseline 0.001 -14"><span class='ocrx_word' id='word_1_532' title='bbox 1057 1541 1124 1569; x_wconf 76' lang='grc' dir='ltr'>ἴδιον</span> <span class='ocrx_word' id='word_1_533' title='bbox 1137 1543 1328 1582; x_wconf 69' lang='grc' dir='ltr'>βαπτίσματος,</span> <span class='ocrx_word' id='word_1_534' title='bbox 1343 1543 1386 1569; x_wconf 80' lang='grc' dir='ltr'>καὶ</span> <span class='ocrx_word' id='word_1_535' title='bbox 1400 1540 1648 1581; x_wconf 74' lang='grc' dir='ltr'>Ἀνασταυροῦντας,</span> <span class='ocrx_word' id='word_1_536' title='bbox 1665 1540 1730 1579; x_wconf 77' lang='grc' dir='ltr'>ὅπερ</span> <span class='ocrx_word' id='word_1_537' title='bbox 1744 1542 1788 1569; x_wconf 77' lang='grc' dir='ltr'>καὶ</span> <span class='ocrx_word' id='word_1_538' title='bbox 1800 1544 1882 1569; x_wconf 76' lang='grc' dir='ltr'>τοῦτο</span> 
     </span>
    </p>
   </div>
   <div class='ocr_carea' id='block_1_72' title="bbox 1056 1585 1882 1625">
    <p class='ocr_par' dir='ltr' id='par_1_72' title="bbox 1056 1585 1882 1625">
     <span class='ocr_line' id='line_1_72' title="bbox 1056 1585 1882 1625; baseline 0 -11"><span class='ocrx_word' id='word_1_539' title='bbox 1056 1586 1234 1625; x_wconf 68' lang='grc' dir='ltr'>βαπτίσματος</span> <span class='ocrx_word' id='word_1_540' title='bbox 1247 1585 1326 1617; x_wconf 77' lang='grc' dir='ltr'>ἴδιον.</span> <span class='ocrx_word' id='word_1_541' title='bbox 1349 1587 1378 1614; x_wconf 82' lang='grc' dir='ltr'>Οἱ</span> <span class='ocrx_word' id='word_1_542' title='bbox 1393 1586 1442 1624; x_wconf 65' lang='grc' dir='ltr'>γὰρ</span> <span class='ocrx_word' id='word_1_543' title='bbox 1457 1586 1655 1623; x_wconf 80' lang='grc' dir='ltr'>βαπτιζόμενοι,</span> <span class='ocrx_word' id='word_1_544' title='bbox 1673 1589 1882 1624; x_wconf 69' lang='grc' dir='ltr'>συσταυροῠνται</span> 
     </span>
    </p>
   </div>
   <div class='ocr_carea' id='block_1_73' title="bbox 1056 1627 1881 1669">
    <p class='ocr_par' dir='ltr' id='par_1_73' title="bbox 1056 1627 1881 1669">
     <span class='ocr_line' id='line_1_73' title="bbox 1056 1627 1881 1669; baseline 0.001 -11"><span class='ocrx_word' id='word_1_545' title='bbox 1056 1635 1093 1668; x_wconf 81' lang='grc' dir='ltr'><strong>τῷ</strong></span> <span class='ocrx_word' id='word_1_546' title='bbox 1115 1632 1208 1669; x_wconf 78' lang='grc' dir='ltr'>Κυρίῳ,</span> <span class='ocrx_word' id='word_1_547' title='bbox 1229 1627 1257 1659; x_wconf 82' lang='grc' dir='ltr'>Ὀ</span> <span class='ocrx_word' id='word_1_548' title='bbox 1280 1631 1323 1659; x_wconf 76' lang='grc' dir='ltr'>οὖν</span> <span class='ocrx_word' id='word_1_549' title='bbox 1336 1630 1418 1658; x_wconf 76' lang='grc' dir='ltr'>πάλιν</span> <span class='ocrx_word' id='word_1_550' title='bbox 1432 1629 1473 1657; x_wconf 79' lang='grc' dir='ltr'>διὰ</span> <span class='ocrx_word' id='word_1_551' title='bbox 1487 1630 1668 1667; x_wconf 77' lang='grc' dir='ltr'>βαπτίσματος</span> <span class='ocrx_word' id='word_1_552' title='bbox 1690 1629 1810 1669; x_wconf 71' lang='grc' dir='ltr'>δευτέρου</span> <span class='ocrx_word' id='word_1_553' title='bbox 1826 1641 1881 1668; x_wconf 79' lang='grc' dir='ltr'><strong>με-</strong></span> 
     </span>
    </p>
   </div>
   <div class='ocr_carea' id='block_1_74' title="bbox 1056 1674 1882 1714">
    <p class='ocr_par' dir='ltr' id='par_1_74' title="bbox 1056 1674 1882 1714">
     <span class='ocr_line' id='line_1_74' title="bbox 1056 1674 1882 1714; baseline -0.001 -11"><span class='ocrx_word' id='word_1_554' title='bbox 1056 1682 1161 1704; x_wconf 71' lang='grc' dir='ltr'>τανοεῖν</span> <span class='ocrx_word' id='word_1_555' title='bbox 1175 1674 1268 1712; x_wconf 73' lang='grc' dir='ltr'>Οέλων,</span> <span class='ocrx_word' id='word_1_556' title='bbox 1278 1675 1432 1713; x_wconf 77' lang='grc' dir='ltr'>ὲνασταυροῖ</span> <span class='ocrx_word' id='word_1_557' title='bbox 1443 1675 1487 1702; x_wconf 80' lang='grc' dir='ltr'>τὸν</span> <span class='ocrx_word' id='word_1_558' title='bbox 1504 1675 1613 1713; x_wconf 81' lang='grc' dir='ltr'>Χριστὸν</span> <span class='ocrx_word' id='word_1_559' title='bbox 1627 1677 1664 1710; x_wconf 82' lang='grc' dir='ltr'>τῷ</span> <span class='ocrx_word' id='word_1_560' title='bbox 1673 1677 1882 1714; x_wconf 78' lang='grc' dir='ltr'>συσταυρούσθαι</span> 
     </span>
    </p>
   </div>
   <div class='ocr_carea' id='block_1_75' title="bbox 1056 1721 1136 1757">
    <p class='ocr_par' dir='ltr' id='par_1_75' title="bbox 1056 1721 1136 1757">
     <span class='ocr_line' id='line_1_75' title="bbox 1056 1721 1136 1757; baseline 0.013 -9"><span class='ocrx_word' id='word_1_561' title='bbox 1056 1721 1136 1757; x_wconf 61' lang='grc' dir='ltr'>ανὶντῴ.</span> 
     </span>
    </p>
   </div>
   <div class='ocr_carea' id='block_1_76' title="bbox 187 1808 1881 1850">
    <p class='ocr_par' dir='ltr' id='par_1_76' title="bbox 187 1808 1881 1850">
     <span class='ocr_line' id='line_1_76' title="bbox 187 1808 1881 1850; baseline -0.001 -9"><span class='ocrx_word' id='word_1_562' title='bbox 187 1810 241 1847; x_wconf 88' lang='lat' dir='ltr'><strong>Qui</strong></span> <span class='ocrx_word' id='word_1_563' title='bbox 258 1810 349 1850; x_wconf 81' lang='lat' dir='ltr'><strong>igitur</strong></span> <span class='ocrx_word' id='word_1_564' title='bbox 363 1819 480 1840; x_wconf 91' lang='lat' dir='ltr'><strong>rursum</strong></span> <span class='ocrx_word' id='word_1_565' title='bbox 497 1809 558 1839; x_wconf 90' lang='lat' dir='ltr'><strong>vult</strong></span> <span class='ocrx_word' id='word_1_566' title='bbox 573 1818 625 1848; x_wconf 90' lang='lat' dir='ltr'><strong>per</strong></span> <span class='ocrx_word' id='word_1_567' title='bbox 640 1808 765 1840; x_wconf 86' lang='lat' dir='ltr'><strong>alterum</strong></span> <span class='ocrx_word' id='word_1_568' title='bbox 781 1809 925 1849; x_wconf 85' lang='lat' dir='ltr'><strong>baptisma</strong></span> <span class='ocrx_word' id='word_1_569' title='bbox 941 1812 1096 1850; x_wconf 65' lang='lat' dir='ltr'><strong>poenitere,</strong></span> <span class='ocrx_word' id='word_1_570' title='bbox 1113 1808 1261 1839; x_wconf 88' lang='lat' dir='ltr'><strong>Christum</strong></span> <span class='ocrx_word' id='word_1_571' title='bbox 1278 1817 1397 1839; x_wconf 83' lang='lat' dir='ltr'><strong>rursum</strong></span> <span class='ocrx_word' id='word_1_572' title='bbox 1418 1808 1573 1849; x_wconf 77' lang='lat' dir='ltr'><strong>cruciﬁgit,</strong></span> <span class='ocrx_word' id='word_1_573' title='bbox 1591 1817 1627 1840; x_wconf 91' lang='lat' dir='ltr'><strong>eo</strong></span> <span class='ocrx_word' id='word_1_574' title='bbox 1642 1808 1720 1849; x_wconf 81' lang='lat' dir='ltr'><strong>quod</strong></span> <span class='ocrx_word' id='word_1_575' title='bbox 1734 1817 1794 1840; x_wconf 84' lang='lat' dir='ltr'><strong>una</strong></span> <span class='ocrx_word' id='word_1_576' title='bbox 1808 1818 1881 1840; x_wconf 83' lang='lat' dir='ltr'><strong>cum</strong></span> 
     </span>
    </p>
   </div>
   <div class='ocr_carea' id='block_1_77' title="bbox 186 1855 463 1896">
    <p class='ocr_par' dir='ltr' id='par_1_77' title="bbox 186 1855 463 1896">
     <span class='ocr_line' id='line_1_77' title="bbox 186 1855 463 1896; baseline -0.007 -10"><span class='ocrx_word' id='word_1_577' title='bbox 186 1856 249 1896; x_wconf 92' lang='lat' dir='ltr'><strong>ipso</strong></span> <span class='ocrx_word' id='word_1_578' title='bbox 266 1855 463 1894; x_wconf 78' lang='lat' dir='ltr'><strong>cruciﬁgatur.</strong></span> 
     </span>
    </p>
   </div>
   <div class='ocr_carea' id='block_1_78' title="bbox 229 1897 1006 1938">
    <p class='ocr_par' dir='ltr' id='par_1_78' title="bbox 229 1897 1006 1938">
     <span class='ocr_line' id='line_1_78' title="bbox 229 1897 1006 1938; baseline 0.001 -10"><span class='ocrx_word' id='word_1_579' title='bbox 229 1900 376 1933; x_wconf 76' lang='lat' dir='ltr'><strong>«Rursum</strong></span> <span class='ocrx_word' id='word_1_580' title='bbox 386 1899 593 1938; x_wconf 77' lang='lat' dir='ltr'><strong>cruciﬁgentes</strong></span> <span class='ocrx_word' id='word_1_581' title='bbox 600 1897 794 1938; x_wconf 87' lang='lat' dir='ltr'><strong>sibimetipsis</strong></span> <span class='ocrx_word' id='word_1_582' title='bbox 803 1898 910 1929; x_wconf 88' lang='lat' dir='ltr'><strong>Filium</strong></span> <span class='ocrx_word' id='word_1_583' title='bbox 923 1900 1006 1931; x_wconf 60' lang='lat' dir='ltr'><strong>Dei.»</strong></span> 
     </span>
    </p>
   </div>
   <div class='ocr_carea' id='block_1_79' title="bbox 187 1942 1006 1983">
    <p class='ocr_par' dir='ltr' id='par_1_79' title="bbox 187 1942 1006 1983">
     <span class='ocr_line' id='line_1_79' title="bbox 187 1942 1006 1983; baseline -0.002 -7"><span class='ocrx_word' id='word_1_584' title='bbox 187 1944 262 1981; x_wconf 89' lang='lat' dir='ltr'><strong>Quid</strong></span> <span class='ocrx_word' id='word_1_585' title='bbox 280 1949 325 1975; x_wconf 87' lang='lat' dir='ltr'><strong>est</strong></span> <span class='ocrx_word' id='word_1_586' title='bbox 353 1955 359 1974; x_wconf 89' lang='lat'><strong><em>:</em></strong></span> <span class='ocrx_word' id='word_1_587' title='bbox 378 1943 506 1974; x_wconf 79' lang='lat' dir='ltr'><strong>Rursum</strong></span> <span class='ocrx_word' id='word_1_588' title='bbox 527 1942 734 1982; x_wconf 80' lang='lat' dir='ltr'><strong>cruciﬁgentes</strong></span> <span class='ocrx_word' id='word_1_589' title='bbox 750 1943 942 1983; x_wconf 88' lang='lat' dir='ltr'><strong>sibimetipsis</strong></span> <span class='ocrx_word' id='word_1_590' title='bbox 956 1944 1006 1974; x_wconf 90' lang='lat' dir='ltr'><strong>Fi-</strong></span> 
     </span>
    </p>
   </div>
   <div class='ocr_carea' id='block_1_80' title="bbox 187 1987 1008 2027">
    <p class='ocr_par' dir='ltr' id='par_1_80' title="bbox 187 1987 1008 2027">
     <span class='ocr_line' id='line_1_80' title="bbox 187 1987 1008 2027; baseline -0.001 -7"><span class='ocrx_word' id='word_1_591' title='bbox 187 1989 259 2020; x_wconf 89' lang='lat' dir='ltr'><strong>lium</strong></span> <span class='ocrx_word' id='word_1_592' title='bbox 276 1989 329 2020; x_wconf 90' lang='lat' dir='ltr'><strong>Dei</strong></span> <span class='ocrx_word' id='word_1_593' title='bbox 348 1993 377 2019; x_wconf 91' lang='lat' dir='ltr'><strong>et</strong></span> <span class='ocrx_word' id='word_1_594' title='bbox 392 1988 521 2018; x_wconf 89' lang='lat' dir='ltr'><strong>ostentui</strong></span> <span class='ocrx_word' id='word_1_595' title='bbox 540 1992 721 2027; x_wconf 78' lang='lat' dir='ltr'><strong>exponentes</strong></span> <span class='ocrx_word' id='word_1_596' title='bbox 732 1988 747 2017; x_wconf 84' lang='lat'><strong>?</strong></span> <span class='ocrx_word' id='word_1_597' title='bbox 758 1988 800 2017; x_wconf 87' lang='lat' dir='ltr'><strong>Ab</strong></span> <span class='ocrx_word' id='word_1_598' title='bbox 814 1987 925 2027; x_wconf 84' lang='lat' dir='ltr'><strong>integro</strong></span> <span class='ocrx_word' id='word_1_599' title='bbox 934 1989 1008 2019; x_wconf 90' lang='lat' dir='ltr'><strong>sibi-</strong></span> 
     </span>
    </p>
   </div>
   <div class='ocr_carea' id='block_1_81' title="bbox 188 2031 1009 2074">
    <p class='ocr_par' dir='ltr' id='par_1_81' title="bbox 188 2031 1009 2074">
     <span class='ocr_line' id='line_1_81' title="bbox 188 2031 1009 2074; baseline 0 -10"><span class='ocrx_word' id='word_1_600' title='bbox 188 2034 324 2074; x_wconf 87' lang='lat' dir='ltr'><strong>metipsis</strong></span> <span class='ocrx_word' id='word_1_601' title='bbox 331 2033 538 2069; x_wconf 78' lang='lat' dir='ltr'><strong>cruciﬁgentes</strong></span> <span class='ocrx_word' id='word_1_602' title='bbox 545 2035 573 2062; x_wconf 87' lang='lat' dir='ltr'><strong>et</strong></span> <span class='ocrx_word' id='word_1_603' title='bbox 580 2031 899 2071; x_wconf 81' lang='lat' dir='ltr'><strong>pudefacientes.Quod</strong></span> <span class='ocrx_word' id='word_1_604' title='bbox 908 2038 1009 2064; x_wconf 88' lang='lat' dir='ltr'><strong>autem</strong></span> 
     </span>
    </p>
   </div>
   <div class='ocr_carea' id='block_1_82' title="bbox 187 2077 1010 2117">
    <p class='ocr_par' dir='ltr' id='par_1_82' title="bbox 187 2077 1010 2117">
     <span class='ocr_line' id='line_1_82' title="bbox 187 2077 1010 2117; baseline -0.001 -8"><span class='ocrx_word' id='word_1_605' title='bbox 187 2078 324 2109; x_wconf 87' lang='lat' dir='ltr'><strong>dicittale</strong></span> <span class='ocrx_word' id='word_1_606' title='bbox 337 2077 489 2117; x_wconf 83' lang='lat' dir='ltr'><strong>quippiam</strong></span> <span class='ocrx_word' id='word_1_607' title='bbox 502 2081 564 2107; x_wconf 83' lang='lat' dir='ltr'><strong>est:</strong></span> <span class='ocrx_word' id='word_1_608' title='bbox 579 2077 676 2107; x_wconf 87' lang='lat' dir='ltr'><strong>Semel</strong></span> <span class='ocrx_word' id='word_1_609' title='bbox 690 2077 850 2107; x_wconf 88' lang='lat' dir='ltr'><strong>cruciﬁxus</strong></span> <span class='ocrx_word' id='word_1_610' title='bbox 869 2082 912 2108; x_wconf 90' lang='lat' dir='ltr'><strong>est</strong></span> <span class='ocrx_word' id='word_1_611' title='bbox 923 2078 1010 2109; x_wconf 87' lang='lat' dir='ltr'><strong>Chri-</strong></span> 
     </span>
    </p>
   </div>
   <div class='ocr_carea' id='block_1_83' title="bbox 187 2121 1011 2161">
    <p class='ocr_par' dir='ltr' id='par_1_83' title="bbox 187 2121 1011 2161">
     <span class='ocr_line' id='line_1_83' title="bbox 187 2121 1011 2161; baseline -0.001 -8"><span class='ocrx_word' id='word_1_612' title='bbox 187 2127 261 2160; x_wconf 85' lang='lat' dir='ltr'><strong>stus,</strong></span> <span class='ocrx_word' id='word_1_613' title='bbox 280 2126 308 2153; x_wconf 88' lang='lat' dir='ltr'><strong>et</strong></span> <span class='ocrx_word' id='word_1_614' title='bbox 323 2131 376 2152; x_wconf 91' lang='lat' dir='ltr'><strong>nos</strong></span> <span class='ocrx_word' id='word_1_615' title='bbox 400 2121 493 2152; x_wconf 88' lang='lat' dir='ltr'><strong>semel</strong></span> <span class='ocrx_word' id='word_1_616' title='bbox 516 2130 575 2151; x_wconf 89' lang='lat' dir='ltr'><strong>una</strong></span> <span class='ocrx_word' id='word_1_617' title='bbox 598 2130 664 2152; x_wconf 89' lang='lat' dir='ltr'><strong>cum</strong></span> <span class='ocrx_word' id='word_1_618' title='bbox 681 2121 745 2161; x_wconf 90' lang='lat' dir='ltr'><strong>ipso</strong></span> <span class='ocrx_word' id='word_1_619' title='bbox 762 2121 894 2152; x_wconf 85' lang='lat' dir='ltr'><strong>cruciﬁxi</strong></span> <span class='ocrx_word' id='word_1_620' title='bbox 910 2131 1011 2152; x_wconf 91' lang='lat' dir='ltr'><strong>sumus</strong></span> 
     </span>
    </p>
   </div>
   <div class='ocr_carea' id='block_1_84' title="bbox 187 2165 1011 2207">
    <p class='ocr_par' dir='ltr' id='par_1_84' title="bbox 187 2165 1011 2207">
     <span class='ocr_line' id='line_1_84' title="bbox 187 2165 1011 2207; baseline 0 -9"><span class='ocrx_word' id='word_1_621' title='bbox 187 2176 241 2207; x_wconf 93' lang='lat' dir='ltr'><strong>per</strong></span> <span class='ocrx_word' id='word_1_622' title='bbox 269 2166 437 2207; x_wconf 89' lang='lat' dir='ltr'><strong>baptisma:</strong></span> <span class='ocrx_word' id='word_1_623' title='bbox 466 2166 515 2206; x_wconf 90' lang='lat' dir='ltr'><strong>qui</strong></span> <span class='ocrx_word' id='word_1_624' title='bbox 543 2175 612 2204; x_wconf 83' lang='lat' dir='ltr'><strong>ergo</strong></span> <span class='ocrx_word' id='word_1_625' title='bbox 641 2165 780 2205; x_wconf 87' lang='lat' dir='ltr'><strong>opinatur</strong></span> <span class='ocrx_word' id='word_1_626' title='bbox 804 2166 928 2197; x_wconf 86' lang='lat' dir='ltr'><strong>alterum</strong></span> <span class='ocrx_word' id='word_1_627' title='bbox 946 2176 1011 2198; x_wconf 80' lang='lat' dir='ltr'><strong>esse</strong></span> 
     </span>
    </p>
   </div>
   <div class='ocr_carea' id='block_1_85' title="bbox 187 2210 1011 2252">
    <p class='ocr_par' dir='ltr' id='par_1_85' title="bbox 187 2210 1011 2252">
     <span class='ocr_line' id='line_1_85' title="bbox 187 2210 1011 2252; baseline 0 -11"><span class='ocrx_word' id='word_1_628' title='bbox 187 2211 344 2252; x_wconf 84' lang='lat' dir='ltr'><strong>baptisma,</strong></span> <span class='ocrx_word' id='word_1_629' title='bbox 363 2215 504 2251; x_wconf 89' lang='lat' dir='ltr'><strong>quantum</strong></span> <span class='ocrx_word' id='word_1_630' title='bbox 521 2210 551 2240; x_wconf 88' lang='lat' dir='ltr'><strong>in</strong></span> <span class='ocrx_word' id='word_1_631' title='bbox 566 2210 632 2250; x_wconf 89' lang='lat' dir='ltr'><strong>ipso</strong></span> <span class='ocrx_word' id='word_1_632' title='bbox 648 2213 706 2247; x_wconf 78' lang='lat' dir='ltr'><strong>est,</strong></span> <span class='ocrx_word' id='word_1_633' title='bbox 722 2210 758 2240; x_wconf 91' lang='lat' dir='ltr'><strong>ab</strong></span> <span class='ocrx_word' id='word_1_634' title='bbox 774 2210 890 2250; x_wconf 83' lang='lat' dir='ltr'><strong>integro</strong></span> <span class='ocrx_word' id='word_1_635' title='bbox 908 2211 1011 2242; x_wconf 88' lang='lat' dir='ltr'><strong>Domi-</strong></span> 
     </span>
    </p>
   </div>
   <div class='ocr_carea' id='block_1_86' title="bbox 187 2255 1011 2295">
    <p class='ocr_par' dir='ltr' id='par_1_86' title="bbox 187 2255 1011 2295">
     <span class='ocr_line' id='line_1_86' title="bbox 187 2255 1011 2295; baseline -0.001 -8"><span class='ocrx_word' id='word_1_636' title='bbox 187 2266 257 2287; x_wconf 93' lang='lat' dir='ltr'><strong>num</strong></span> <span class='ocrx_word' id='word_1_637' title='bbox 268 2256 424 2295; x_wconf 85' lang='lat' dir='ltr'><strong>cruciﬁgit.</strong></span> <span class='ocrx_word' id='word_1_638' title='bbox 443 2255 518 2291; x_wconf 88' lang='lat' dir='ltr'><strong>Quid</strong></span> <span class='ocrx_word' id='word_1_639' title='bbox 541 2255 620 2286; x_wconf 93' lang='lat' dir='ltr'><strong>enim</strong></span> <span class='ocrx_word' id='word_1_640' title='bbox 632 2255 711 2285; x_wconf 91' lang='lat' dir='ltr'><strong>aliud</strong></span> <span class='ocrx_word' id='word_1_641' title='bbox 724 2255 793 2286; x_wconf 81' lang='lat' dir='ltr'><strong>facit</strong></span> <span class='ocrx_word' id='word_1_642' title='bbox 806 2255 855 2295; x_wconf 93' lang='lat' dir='ltr'><strong>qui</strong></span> <span class='ocrx_word' id='word_1_643' title='bbox 878 2256 1011 2286; x_wconf 86' lang='lat' dir='ltr'><strong>secundo</strong></span> 
     </span>
    </p>
   </div>
   <div class='ocr_carea' id='block_1_87' title="bbox 186 2299 1008 2340">
    <p class='ocr_par' dir='ltr' id='par_1_87' title="bbox 186 2299 1008 2340">
     <span class='ocr_line' id='line_1_87' title="bbox 186 2299 1008 2340; baseline -0.001 -9"><span class='ocrx_word' id='word_1_644' title='bbox 186 2300 347 2332; x_wconf 88' lang='lat' dir='ltr'><strong>arbitratur</strong></span> <span class='ocrx_word' id='word_1_645' title='bbox 376 2309 429 2340; x_wconf 93' lang='lat' dir='ltr'><strong>per</strong></span> <span class='ocrx_word' id='word_1_646' title='bbox 458 2299 605 2340; x_wconf 87' lang='lat' dir='ltr'><strong>baptisma</strong></span> <span class='ocrx_word' id='word_1_647' title='bbox 629 2308 696 2330; x_wconf 90' lang='lat' dir='ltr'><strong>cum</strong></span> <span class='ocrx_word' id='word_1_648' title='bbox 713 2308 750 2330; x_wconf 89' lang='lat' dir='ltr'><strong>eo</strong></span> <span class='ocrx_word' id='word_1_649' title='bbox 765 2299 897 2339; x_wconf 83' lang='lat' dir='ltr'><strong>cruciﬁgi</strong></span> <span class='ocrx_word' id='word_1_650' title='bbox 911 2309 1008 2340; x_wconf 88' lang='lat' dir='ltr'><strong>posse,</strong></span> 
     </span>
    </p>
   </div>
   <div class='ocr_carea' id='block_1_88' title="bbox 187 2344 1012 2386">
    <p class='ocr_par' dir='ltr' id='par_1_88' title="bbox 187 2344 1012 2386">
     <span class='ocr_line' id='line_1_88' title="bbox 187 2344 1012 2386; baseline -0.001 -10"><span class='ocrx_word' id='word_1_651' title='bbox 187 2355 276 2386; x_wconf 88' lang='lat' dir='ltr'><strong>quam</strong></span> <span class='ocrx_word' id='word_1_652' title='bbox 292 2345 370 2385; x_wconf 90' lang='lat' dir='ltr'><strong>quod</strong></span> <span class='ocrx_word' id='word_1_653' title='bbox 386 2345 484 2383; x_wconf 87' lang='lat' dir='ltr'><strong>ipsum</strong></span> <span class='ocrx_word' id='word_1_654' title='bbox 498 2353 615 2384; x_wconf 85' lang='lat' dir='ltr'><strong>quoque</strong></span> <span class='ocrx_word' id='word_1_655' title='bbox 632 2344 778 2374; x_wconf 85' lang='lat' dir='ltr'><strong>existimat</strong></span> <span class='ocrx_word' id='word_1_656' title='bbox 793 2344 926 2374; x_wconf 90' lang='lat' dir='ltr'><strong>secundo</strong></span> <span class='ocrx_word' id='word_1_657' title='bbox 942 2353 1012 2375; x_wconf 90' lang='lat' dir='ltr'><strong>cru-</strong></span> 
     </span>
    </p>
   </div>
   <div class='ocr_carea' id='block_1_89' title="bbox 186 2387 1012 2430">
    <p class='ocr_par' dir='ltr' id='par_1_89' title="bbox 186 2387 1012 2430">
     <span class='ocr_line' id='line_1_89' title="bbox 186 2387 1012 2430; baseline -0.002 -10"><span class='ocrx_word' id='word_1_658' title='bbox 186 2390 263 2429; x_wconf 84' lang='lat' dir='ltr'><strong>ciﬁgi</strong></span> <span class='ocrx_word' id='word_1_659' title='bbox 278 2398 331 2430; x_wconf 83' lang='lat' dir='ltr'><strong>per</strong></span> <span class='ocrx_word' id='word_1_660' title='bbox 342 2398 378 2420; x_wconf 86' lang='lat' dir='ltr'><strong>ea</strong></span> <span class='ocrx_word' id='word_1_661' title='bbox 389 2398 452 2429; x_wconf 80' lang='lat' dir='ltr'><strong>quae</strong></span> <span class='ocrx_word' id='word_1_662' title='bbox 463 2388 557 2419; x_wconf 80' lang='lat' dir='ltr'><strong>facit?</strong></span> <span class='ocrx_word' id='word_1_663' title='bbox 573 2387 709 2419; x_wconf 90' lang='lat' dir='ltr'><strong>Secundo</strong></span> <span class='ocrx_word' id='word_1_664' title='bbox 725 2392 823 2418; x_wconf 88' lang='lat' dir='ltr'><strong>autem</strong></span> <span class='ocrx_word' id='word_1_665' title='bbox 838 2388 1012 2428; x_wconf 82' lang='lat' dir='ltr'><strong>cruciﬁgere</strong></span> 
     </span>
    </p>
   </div>
   <div class='ocr_carea' id='block_1_90' title="bbox 186 2433 1010 2474">
    <p class='ocr_par' dir='ltr' id='par_1_90' title="bbox 186 2433 1010 2474">
     <span class='ocr_line' id='line_1_90' title="bbox 186 2433 1010 2474; baseline -0.005 -8"><span class='ocrx_word' id='word_1_666' title='bbox 186 2435 334 2467; x_wconf 86' lang='lat' dir='ltr'><strong>Christum</strong></span> <span class='ocrx_word' id='word_1_667' title='bbox 360 2437 503 2474; x_wconf 88' lang='lat' dir='ltr'><strong>qttantum</strong></span> <span class='ocrx_word' id='word_1_668' title='bbox 516 2433 546 2463; x_wconf 94' lang='lat' dir='ltr'><strong>in</strong></span> <span class='ocrx_word' id='word_1_669' title='bbox 559 2442 594 2464; x_wconf 92' lang='lat' dir='ltr'><strong>eo</strong></span> <span class='ocrx_word' id='word_1_670' title='bbox 614 2436 667 2470; x_wconf 89' lang='lat' dir='ltr'><strong>est,</strong></span> <span class='ocrx_word' id='word_1_671' title='bbox 685 2433 758 2463; x_wconf 87' lang='lat' dir='ltr'><strong>nihil</strong></span> <span class='ocrx_word' id='word_1_672' title='bbox 774 2433 852 2463; x_wconf 86' lang='lat' dir='ltr'><strong>aliud</strong></span> <span class='ocrx_word' id='word_1_673' title='bbox 865 2438 908 2463; x_wconf 88' lang='lat' dir='ltr'><strong>est</strong></span> <span class='ocrx_word' id='word_1_674' title='bbox 924 2442 1010 2473; x_wconf 87' lang='lat' dir='ltr'><strong>quam</strong></span> 
     </span>
    </p>
   </div>
   <div class='ocr_carea' id='block_1_91' title="bbox 185 2477 1010 2519">
    <p class='ocr_par' dir='ltr' id='par_1_91' title="bbox 185 2477 1010 2519">
     <span class='ocr_line' id='line_1_91' title="bbox 185 2477 1010 2519; baseline -0.004 -9"><span class='ocrx_word' id='word_1_675' title='bbox 185 2479 476 2519; x_wconf 86' lang='lat' dir='ltr'><strong>ostentuiexponere</strong></span> <span class='ocrx_word' id='word_1_676' title='bbox 489 2477 584 2517; x_wconf 89' lang='lat' dir='ltr'><strong>ipsum</strong></span> <span class='ocrx_word' id='word_1_677' title='bbox 598 2482 626 2508; x_wconf 91' lang='lat' dir='ltr'><strong>et</strong></span> <span class='ocrx_word' id='word_1_678' title='bbox 639 2477 814 2517; x_wconf 81' lang='lat' dir='ltr'><strong>pudefacere</strong></span> <span class='ocrx_word' id='word_1_679' title='bbox 825 2477 1010 2517; x_wconf 87' lang='lat' dir='ltr'><strong>ipsum.Nam</strong></span> 
     </span>
    </p>
   </div>
   <div class='ocr_carea' id='block_1_92' title="bbox 189 2521 1012 2565">
    <p class='ocr_par' dir='ltr' id='par_1_92' title="bbox 189 2521 1012 2565">
     <span class='ocr_line' id='line_1_92' title="bbox 189 2521 1012 2565; baseline -0.005 -10"><span class='ocrx_word' id='word_1_680' title='bbox 189 2529 345 2565; x_wconf 84' lang='lat' dir='ltr'><strong>postquam</strong></span> <span class='ocrx_word' id='word_1_681' title='bbox 370 2523 465 2553; x_wconf 91' lang='lat' dir='ltr'><strong>semel</strong></span> <span class='ocrx_word' id='word_1_682' title='bbox 492 2522 648 2552; x_wconf 72' lang='lat' dir='ltr'><strong>cruciﬁxus</strong></span> <span class='ocrx_word' id='word_1_683' title='bbox 664 2526 716 2552; x_wconf 63' lang='lat' dir='ltr'><strong>est,</strong></span> <span class='ocrx_word' id='word_1_684' title='bbox 737 2521 911 2552; x_wconf 90' lang='lat' dir='ltr'><strong>immortalis</strong></span> <span class='ocrx_word' id='word_1_685' title='bbox 926 2522 1012 2552; x_wconf 89' lang='lat' dir='ltr'><strong>dein-</strong></span> 
     </span>
    </p>
   </div>
   <div class='ocr_carea' id='block_1_93' title="bbox 185 2566 1011 2609">
    <p class='ocr_par' dir='ltr' id='par_1_93' title="bbox 185 2566 1011 2609">
     <span class='ocr_line' id='line_1_93' title="bbox 185 2566 1011 2609; baseline -0.005 -9"><span class='ocrx_word' id='word_1_686' title='bbox 185 2578 255 2609; x_wconf 90' lang='lat' dir='ltr'><strong>ceps</strong></span> <span class='ocrx_word' id='word_1_687' title='bbox 270 2568 393 2600; x_wconf 73' lang='lat' dir='ltr'><strong>affectus</strong></span> <span class='ocrx_word' id='word_1_688' title='bbox 407 2572 454 2598; x_wconf 90' lang='lat' dir='ltr'><strong>est</strong></span> <span class='ocrx_word' id='word_1_689' title='bbox 465 2576 472 2598; x_wconf 87' lang='lat'><strong><em>:</em></strong></span> <span class='ocrx_word' id='word_1_690' title='bbox 484 2567 532 2607; x_wconf 88' lang='lat' dir='ltr'><strong>qui</strong></span> <span class='ocrx_word' id='word_1_691' title='bbox 544 2575 612 2598; x_wconf 89' lang='lat' dir='ltr'><strong>vero</strong></span> <span class='ocrx_word' id='word_1_692' title='bbox 631 2575 746 2597; x_wconf 83' lang='lat' dir='ltr'><strong>rursum</strong></span> <span class='ocrx_word' id='word_1_693' title='bbox 763 2566 1011 2605; x_wconf 74' lang='lat' dir='ltr'><strong>cruciﬁgit,men—</strong></span> 
     </span>
    </p>
   </div>
   <div class='ocr_carea' id='block_1_94' title="bbox 185 2611 1012 2652">
    <p class='ocr_par' dir='ltr' id='par_1_94' title="bbox 185 2611 1012 2652">
     <span class='ocr_line' id='line_1_94' title="bbox 185 2611 1012 2652; baseline -0.004 -8"><span class='ocrx_word' id='word_1_694' title='bbox 185 2614 301 2644; x_wconf 86' lang='lat' dir='ltr'><strong>dacium</strong></span> <span class='ocrx_word' id='word_1_695' title='bbox 333 2613 403 2644; x_wconf 81' lang='lat' dir='ltr'><strong>facit</strong></span> <span class='ocrx_word' id='word_1_696' title='bbox 430 2612 540 2652; x_wconf 88' lang='lat' dir='ltr'><strong>ipsum,</strong></span> <span class='ocrx_word' id='word_1_697' title='bbox 570 2611 647 2651; x_wconf 91' lang='lat' dir='ltr'><strong>quod</strong></span> <span class='ocrx_word' id='word_1_698' title='bbox 676 2611 819 2651; x_wconf 79' lang='lat' dir='ltr'><strong>pudorem</strong></span> <span class='ocrx_word' id='word_1_699' title='bbox 846 2611 901 2651; x_wconf 92' lang='lat' dir='ltr'><strong>ipsi</strong></span> <span class='ocrx_word' id='word_1_700' title='bbox 917 2611 1012 2642; x_wconf 81' lang='lat' dir='ltr'><strong>adfert</strong></span> 
     </span>
    </p>
   </div>
   <div class='ocr_carea' id='block_1_95' title="bbox 186 2656 1007 2700">
    <p class='ocr_par' dir='ltr' id='par_1_95' title="bbox 186 2656 1007 2700">
     <span class='ocr_line' id='line_1_95' title="bbox 186 2656 1007 2700; baseline -0.005 -11"><span class='ocrx_word' id='word_1_701' title='bbox 186 2663 323 2700; x_wconf 87' lang='lat' dir='ltr'><strong>tanquam</strong></span> <span class='ocrx_word' id='word_1_702' title='bbox 340 2656 463 2688; x_wconf 87' lang='lat' dir='ltr'><strong>mentito</strong></span> <span class='ocrx_word' id='word_1_703' title='bbox 494 2656 571 2696; x_wconf 91' lang='lat' dir='ltr'><strong>quod</strong></span> <span class='ocrx_word' id='word_1_704' title='bbox 591 2656 684 2686; x_wconf 90' lang='lat' dir='ltr'><strong>semel</strong></span> <span class='ocrx_word' id='word_1_705' title='bbox 700 2660 811 2686; x_wconf 88' lang='lat' dir='ltr'><strong>tantum</strong></span> <span class='ocrx_word' id='word_1_706' title='bbox 829 2660 1007 2686; x_wconf 89' lang='lat' dir='ltr'><strong>moreretur.</strong></span> 
     </span>
    </p>
   </div>
   <div class='ocr_carea' id='block_1_96' title="bbox 1094 1898 1878 1937">
    <p class='ocr_par' dir='ltr' id='par_1_96' title="bbox 1094 1898 1878 1937">
     <span class='ocr_line' id='line_1_96' title="bbox 1094 1898 1878 1937; baseline -0.003 -9"><span class='ocrx_word' id='word_1_707' title='bbox 1094 1911 1105 1928; x_wconf 81' lang='lat' dir='ltr'><strong>tt</strong></span> <span class='ocrx_word' id='word_1_708' title='bbox 1131 1898 1370 1937; x_wconf 77' lang='grc' dir='ltr'>Ἀνασταυροῧντας</span> <span class='ocrx_word' id='word_1_709' title='bbox 1399 1899 1505 1931; x_wconf 72' lang='grc' dir='ltr'>ἑαυτοῖς</span> <span class='ocrx_word' id='word_1_710' title='bbox 1533 1900 1578 1927; x_wconf 78' lang='grc' dir='ltr'><strong>τὸν</strong></span> <span class='ocrx_word' id='word_1_711' title='bbox 1600 1900 1659 1927; x_wconf 68' lang='grc' dir='ltr'><strong>Γὶὸν</strong></span> <span class='ocrx_word' id='word_1_712' title='bbox 1687 1898 1734 1927; x_wconf 76' lang='grc' dir='ltr'><strong>τοῦ</strong></span> <span class='ocrx_word' id='word_1_713' title='bbox 1755 1900 1836 1930; x_wconf 68' lang='grc' dir='ltr'>Θεοῦ,</span> <span class='ocrx_word' id='word_1_714' title='bbox 1866 1912 1878 1926; x_wconf 81' lang='grc' dir='ltr'>ι</span> 
     </span>
    </p>
   </div>
   <div class='ocr_carea' id='block_1_97' title="bbox 1050 1943 1883 1984">
    <p class='ocr_par' dir='ltr' id='par_1_97' title="bbox 1050 1943 1883 1984">
     <span class='ocr_line' id='line_1_97' title="bbox 1050 1943 1883 1984; baseline 0 -12"><span class='ocrx_word' id='word_1_715' title='bbox 1050 1945 1079 1972; x_wconf 90' lang='grc' dir='ltr'>Τί</span> <span class='ocrx_word' id='word_1_716' title='bbox 1114 1943 1196 1984; x_wconf 72' lang='grc' dir='ltr'><strong>ἐςττιν⁷</strong></span> <span class='ocrx_word' id='word_1_717' title='bbox 1227 1943 1467 1982; x_wconf 75' lang='grc' dir='ltr'>’Λνασταυρούντας</span> <span class='ocrx_word' id='word_1_718' title='bbox 1510 1944 1616 1984; x_wconf 64' lang='grc' dir='ltr'>ἑαυτοῖς</span> <span class='ocrx_word' id='word_1_719' title='bbox 1646 1944 1690 1971; x_wconf 79' lang='grc' dir='ltr'>τὸν</span> <span class='ocrx_word' id='word_1_720' title='bbox 1727 1944 1786 1971; x_wconf 78' lang='grc' dir='ltr'>Υὶὸν</span> <span class='ocrx_word' id='word_1_721' title='bbox 1831 1950 1883 1974; x_wconf 78' lang='grc' dir='ltr'>τοῦ</span> 
     </span>
    </p>
   </div>
   <div class='ocr_carea' id='block_1_98' title="bbox 1050 1981 1883 2028">
    <p class='ocr_par' dir='ltr' id='par_1_98' title="bbox 1050 1981 1883 2028">
     <span class='ocr_line' id='line_1_98' title="bbox 1050 1981 1883 2028; baseline 0 -11"><span class='ocrx_word' id='word_1_722' title='bbox 1050 1993 1114 2017; x_wconf 81' lang='grc' dir='ltr'><strong>Θεοῦ</strong></span> <span class='ocrx_word' id='word_1_723' title='bbox 1129 1990 1172 2017; x_wconf 75' lang='grc' dir='ltr'>καὶ</span> <span class='ocrx_word' id='word_1_724' title='bbox 1186 1981 1468 2028; x_wconf 73' lang='grc' dir='ltr'>παραδειγματίζοντας</span> <span class='ocrx_word' id='word_1_725' title='bbox 1484 1998 1492 2028; x_wconf 81' lang='grc'>;</span> <span class='ocrx_word' id='word_1_726' title='bbox 1522 1981 1656 2026; x_wconf 57' lang='grc' dir='ltr'><strong>’Ὰνωθιη</strong></span> <span class='ocrx_word' id='word_1_727' title='bbox 1693 1988 1767 2028; x_wconf 76' lang='grc' dir='ltr'>φησὶ,</span> <span class='ocrx_word' id='word_1_728' title='bbox 1792 1999 1883 2017; x_wconf 80' lang='grc' dir='ltr'>σταυ-</span> 
     </span>
    </p>
   </div>
   <div class='ocr_carea' id='block_1_99' title="bbox 1052 2031 1882 2073">
    <p class='ocr_par' dir='ltr' id='par_1_99' title="bbox 1052 2031 1882 2073">
     <span class='ocr_line' id='line_1_99' title="bbox 1052 2031 1882 2073; baseline 0 -11"><span class='ocrx_word' id='word_1_729' title='bbox 1052 2039 1159 2072; x_wconf 81' lang='grc' dir='ltr'>ροῦντας</span> <span class='ocrx_word' id='word_1_730' title='bbox 1201 2034 1304 2066; x_wconf 73' lang='grc' dir='ltr'>ἑαυτοῖς</span> <span class='ocrx_word' id='word_1_731' title='bbox 1337 2034 1381 2061; x_wconf 79' lang='grc' dir='ltr'>καὶ</span> <span class='ocrx_word' id='word_1_732' title='bbox 1408 2033 1643 2072; x_wconf 69' lang='grc' dir='ltr'>καταισχύνοντας.</span> <span class='ocrx_word' id='word_1_733' title='bbox 1684 2038 1705 2061; x_wconf 93' lang='grc' dir='ltr'>Ο</span> <span class='ocrx_word' id='word_1_734' title='bbox 1737 2031 1764 2060; x_wconf 81' lang='grc' dir='ltr'><strong>δὲ</strong></span> <span class='ocrx_word' id='word_1_735' title='bbox 1801 2032 1882 2073; x_wconf 77' lang='grc' dir='ltr'>λέγει</span> 
     </span>
    </p>
   </div>
   <div class='ocr_carea' id='block_1_100' title="bbox 1051 2072 1882 2117">
    <p class='ocr_par' dir='ltr' id='par_1_100' title="bbox 1051 2072 1882 2117">
     <span class='ocr_line' id='line_1_100' title="bbox 1051 2072 1882 2117; baseline 0 -11"><span class='ocrx_word' id='word_1_736' title='bbox 1051 2078 1168 2107; x_wconf 78' lang='grc' dir='ltr'>τοιοῦτόν</span> <span class='ocrx_word' id='word_1_737' title='bbox 1196 2077 1265 2106; x_wconf 78' lang='grc' dir='ltr'>ἐστιν</span> <span class='ocrx_word' id='word_1_738' title='bbox 1284 2087 1292 2095; x_wconf 83' lang='grc'><strong>”</strong></span> <span class='ocrx_word' id='word_1_739' title='bbox 1325 2072 1417 2110; x_wconf 63' lang='grc' dir='ltr'><strong>ιἈπαξ</strong></span> <span class='ocrx_word' id='word_1_740' title='bbox 1446 2077 1596 2117; x_wconf 75' lang='grc' dir='ltr'>ἐσταυρώθη</span> <span class='ocrx_word' id='word_1_741' title='bbox 1625 2079 1638 2105; x_wconf 82' lang='grc' dir='ltr'>ὁ</span> <span class='ocrx_word' id='word_1_742' title='bbox 1676 2081 1798 2116; x_wconf 78' lang='grc' dir='ltr'>Χριστος,</span> <span class='ocrx_word' id='word_1_743' title='bbox 1833 2072 1882 2106; x_wconf 49' lang='grc' dir='ltr'><strong>ἰαὶ</strong></span> 
     </span>
    </p>
   </div>
   <div class='ocr_carea' id='block_1_101' title="bbox 1022 2121 1881 2170">
    <p class='ocr_par' dir='ltr' id='par_1_101' title="bbox 1022 2121 1881 2170">
     <span class='ocr_line' id='line_1_101' title="bbox 1022 2121 1881 2170; baseline 0.002 -21"><span class='ocrx_word' id='word_1_744' title='bbox 1022 2123 1133 2170; x_wconf 65' lang='grc' dir='ltr'><strong>Ι)πῖ,μ.ιεῖς</strong></span> <span class='ocrx_word' id='word_1_745' title='bbox 1168 2121 1236 2154; x_wconf 77' lang='grc' dir='ltr'>ἅπαξ</span> <span class='ocrx_word' id='word_1_746' title='bbox 1272 2122 1342 2159; x_wconf 71' lang='grc' dir='ltr'><strong>αὖτῷ</strong></span> <span class='ocrx_word' id='word_1_747' title='bbox 1376 2123 1598 2161; x_wconf 74' lang='grc' dir='ltr'>συσταυρωθῶμεν</span> <span class='ocrx_word' id='word_1_748' title='bbox 1625 2121 1667 2150; x_wconf 78' lang='grc' dir='ltr'><strong>διὰ</strong></span> <span class='ocrx_word' id='word_1_749' title='bbox 1688 2125 1735 2150; x_wconf 79' lang='grc' dir='ltr'>τοὺ</span> <span class='ocrx_word' id='word_1_750' title='bbox 1774 2123 1881 2160; x_wconf 75' lang='grc' dir='ltr'>βαπτί-</span> 
     </span>
    </p>
   </div>
   <div class='ocr_carea' id='block_1_102' title="bbox 1052 2162 1881 2207">
    <p class='ocr_par' dir='ltr' id='par_1_102' title="bbox 1052 2162 1881 2207">
     <span class='ocr_line' id='line_1_102' title="bbox 1052 2162 1881 2207; baseline 0 -12"><span class='ocrx_word' id='word_1_751' title='bbox 1052 2177 1164 2204; x_wconf 82' lang='grc' dir='ltr'>σματος.</span> <span class='ocrx_word' id='word_1_752' title='bbox 1202 2162 1231 2195; x_wconf 68' lang='grc' dir='ltr'><strong>Ὀ</strong></span> <span class='ocrx_word' id='word_1_753' title='bbox 1266 2166 1360 2206; x_wconf 64' lang='grc' dir='ltr'>τοίνυν,</span> <span class='ocrx_word' id='word_1_754' title='bbox 1391 2167 1481 2206; x_wconf 73' lang='grc' dir='ltr'><strong>φησὶν,</strong></span> <span class='ocrx_word' id='word_1_755' title='bbox 1506 2166 1625 2204; x_wconf 71' lang='grc' dir='ltr'>οἰόμενος</span> <span class='ocrx_word' id='word_1_756' title='bbox 1654 2166 1725 2195; x_wconf 76' lang='grc' dir='ltr'>εἶναι</span> <span class='ocrx_word' id='word_1_757' title='bbox 1755 2165 1881 2207; x_wconf 63' lang='grc' dir='ltr'>δεύτερον</span> 
     </span>
    </p>
   </div>
   <div class='ocr_carea' id='block_1_103' title="bbox 1051 2209 1880 2251">
    <p class='ocr_par' dir='ltr' id='par_1_103' title="bbox 1051 2209 1880 2251">
     <span class='ocr_line' id='line_1_103' title="bbox 1051 2209 1880 2251; baseline 0.004 -12"><span class='ocrx_word' id='word_1_758' title='bbox 1051 2211 1196 2249; x_wconf 80' lang='grc' dir='ltr'>βάπτισμα,</span> <span class='ocrx_word' id='word_1_759' title='bbox 1213 2210 1274 2239; x_wconf 73' lang='grc' dir='ltr'>ὅσον</span> <span class='ocrx_word' id='word_1_760' title='bbox 1295 2212 1325 2238; x_wconf 79' lang='grc' dir='ltr'>τὸ</span> <span class='ocrx_word' id='word_1_761' title='bbox 1349 2211 1408 2240; x_wconf 76' lang='grc' dir='ltr'>κατ’</span> <span class='ocrx_word' id='word_1_762' title='bbox 1437 2210 1528 2251; x_wconf 68' lang='grc' dir='ltr'>αὐτὸν,</span> <span class='ocrx_word' id='word_1_763' title='bbox 1557 2209 1653 2239; x_wconf 69' lang='grc' dir='ltr'>ἄνωθεν</span> <span class='ocrx_word' id='word_1_764' title='bbox 1681 2218 1792 2251; x_wconf 75' lang='grc' dir='ltr'>σταυροϊ</span> <span class='ocrx_word' id='word_1_765' title='bbox 1827 2215 1880 2242; x_wconf 81' lang='grc' dir='ltr'>τὸν</span> 
     </span>
    </p>
   </div>
   <div class='ocr_carea' id='block_1_104' title="bbox 1053 2254 1881 2295">
    <p class='ocr_par' dir='ltr' id='par_1_104' title="bbox 1053 2254 1881 2295">
     <span class='ocr_line' id='line_1_104' title="bbox 1053 2254 1881 2295; baseline 0.004 -11"><span class='ocrx_word' id='word_1_766' title='bbox 1053 2256 1156 2295; x_wconf 77' lang='grc' dir='ltr'>Κύριον.</span> <span class='ocrx_word' id='word_1_767' title='bbox 1182 2257 1212 2284; x_wconf 89' lang='grc' dir='ltr'>Τί</span> <span class='ocrx_word' id='word_1_768' title='bbox 1232 2256 1282 2295; x_wconf 73' lang='grc' dir='ltr'>γὰρ</span> <span class='ocrx_word' id='word_1_769' title='bbox 1309 2255 1397 2295; x_wconf 66' lang='grc' dir='ltr'>ἕτερον</span> <span class='ocrx_word' id='word_1_770' title='bbox 1424 2261 1498 2284; x_wconf 76' lang='grc' dir='ltr'>ποιεῖ</span> <span class='ocrx_word' id='word_1_771' title='bbox 1533 2256 1547 2283; x_wconf 82' lang='grc' dir='ltr'><strong>ὁ</strong></span> <span class='ocrx_word' id='word_1_772' title='bbox 1577 2254 1695 2295; x_wconf 67' lang='grc' dir='ltr'>δεύτερον</span> <span class='ocrx_word' id='word_1_773' title='bbox 1724 2255 1797 2293; x_wconf 60' lang='grc' dir='ltr'>αὖθεῇ</span> <span class='ocrx_word' id='word_1_774' title='bbox 1835 2257 1881 2287; x_wconf 69' lang='grc' dir='ltr'><strong>διὰ</strong></span> 
     </span>
    </p>
   </div>
   <div class='ocr_carea' id='block_1_105' title="bbox 1051 2300 1880 2339">
    <p class='ocr_par' dir='ltr' id='par_1_105' title="bbox 1051 2300 1880 2339">
     <span class='ocr_line' id='line_1_105' title="bbox 1051 2300 1880 2339; baseline 0.001 -11"><span class='ocrx_word' id='word_1_775' title='bbox 1051 2303 1097 2328; x_wconf 79' lang='grc' dir='ltr'>τοῦ</span> <span class='ocrx_word' id='word_1_776' title='bbox 1113 2300 1294 2338; x_wconf 80' lang='grc' dir='ltr'>βαπτίσματος</span> <span class='ocrx_word' id='word_1_777' title='bbox 1323 2301 1524 2339; x_wconf 62' lang='grc' dir='ltr'>συσταυροτζσθαι</span> <span class='ocrx_word' id='word_1_778' title='bbox 1553 2300 1677 2339; x_wconf 71' lang='grc' dir='ltr'><strong>νομίζων⁷</strong></span> <span class='ocrx_word' id='word_1_779' title='bbox 1713 2300 1732 2334; x_wconf 74' lang='grc' dir='ltr'>ἢ</span> <span class='ocrx_word' id='word_1_780' title='bbox 1760 2300 1801 2329; x_wconf 79' lang='grc' dir='ltr'>ὅτι</span> <span class='ocrx_word' id='word_1_781' title='bbox 1833 2304 1880 2331; x_wconf 74' lang='grc' dir='ltr'><strong>καὶ</strong></span> 
     </span>
    </p>
   </div>
   <div class='ocr_carea' id='block_1_106' title="bbox 1053 2343 1879 2388">
    <p class='ocr_par' dir='ltr' id='par_1_106' title="bbox 1053 2343 1879 2388">
     <span class='ocr_line' id='line_1_106' title="bbox 1053 2343 1879 2388; baseline 0.004 -15"><span class='ocrx_word' id='word_1_782' title='bbox 1053 2344 1131 2373; x_wconf 77' lang='grc' dir='ltr'>αὐτὸν</span> <span class='ocrx_word' id='word_1_783' title='bbox 1151 2346 1259 2383; x_wconf 72' lang='grc' dir='ltr'>ἡγεῖται</span> <span class='ocrx_word' id='word_1_784' title='bbox 1280 2344 1398 2384; x_wconf 73' lang='grc' dir='ltr'>δεύτερον</span> <span class='ocrx_word' id='word_1_785' title='bbox 1430 2344 1617 2384; x_wconf 76' lang='grc' dir='ltr'>ἐσταυρῶσθαι,</span> <span class='ocrx_word' id='word_1_786' title='bbox 1647 2343 1681 2373; x_wconf 76' lang='grc' dir='ltr'>δι’</span> <span class='ocrx_word' id='word_1_787' title='bbox 1708 2346 1746 2373; x_wconf 76' lang='grc' dir='ltr'>ὧν</span> <span class='ocrx_word' id='word_1_788' title='bbox 1772 2354 1879 2388; x_wconf 65' lang='lat' dir='ltr'><strong>«cert;</strong></span> 
     </span>
    </p>
   </div>
   <div class='ocr_carea' id='block_1_107' title="bbox 1056 2388 1884 2428">
    <p class='ocr_par' dir='ltr' id='par_1_107' title="bbox 1056 2388 1884 2428">
     <span class='ocr_line' id='line_1_107' title="bbox 1056 2388 1884 2428; baseline 0.002 -12"><span class='ocrx_word' id='word_1_789' title='bbox 1056 2390 1082 2416; x_wconf 79' lang='grc' dir='ltr'>τὸ</span> <span class='ocrx_word' id='word_1_790' title='bbox 1111 2388 1137 2417; x_wconf 74' lang='grc' dir='ltr'><strong>δὲ</strong></span> <span class='ocrx_word' id='word_1_791' title='bbox 1173 2389 1290 2428; x_wconf 82' lang='grc' dir='ltr'>δεύτερον</span> <span class='ocrx_word' id='word_1_792' title='bbox 1317 2400 1452 2428; x_wconf 67' lang='grc' dir='ltr'>σταυρουν,</span> <span class='ocrx_word' id='word_1_793' title='bbox 1489 2390 1553 2428; x_wconf 76' lang='grc' dir='ltr'>φησί</span> <span class='ocrx_word' id='word_1_794' title='bbox 1594 2389 1640 2418; x_wconf 82' lang='grc' dir='ltr'>τὸν</span> <span class='ocrx_word' id='word_1_795' title='bbox 1679 2391 1802 2428; x_wconf 69' lang='grc' dir='ltr'>Χριστὸν,</span> <span class='ocrx_word' id='word_1_796' title='bbox 1851 2395 1884 2421; x_wconf 73' lang='grc' dir='ltr'>τὸ</span> 
     </span>
    </p>
   </div>
   <div class='ocr_carea' id='block_1_108' title="bbox 1053 2433 1882 2475">
    <p class='ocr_par' dir='ltr' id='par_1_108' title="bbox 1053 2433 1882 2475">
     <span class='ocr_line' id='line_1_108' title="bbox 1053 2433 1882 2475; baseline 0.004 -14"><span class='ocrx_word' id='word_1_797' title='bbox 1053 2433 1113 2462; x_wconf 77' lang='grc' dir='ltr'>ὅσον</span> <span class='ocrx_word' id='word_1_798' title='bbox 1127 2435 1190 2467; x_wconf 79' lang='grc' dir='ltr'>ἧκεν</span> <span class='ocrx_word' id='word_1_799' title='bbox 1220 2435 1255 2466; x_wconf 82' lang='grc' dir='ltr'><strong>είς</strong></span> <span class='ocrx_word' id='word_1_800' title='bbox 1284 2434 1374 2470; x_wconf 70' lang='grc' dir='ltr'>αὐτὸν,</span> <span class='ocrx_word' id='word_1_801' title='bbox 1404 2433 1477 2463; x_wconf 70' lang='grc' dir='ltr'>οὐδὲν</span> <span class='ocrx_word' id='word_1_802' title='bbox 1498 2433 1585 2473; x_wconf 72' lang='grc' dir='ltr'>ἕτερόν</span> <span class='ocrx_word' id='word_1_803' title='bbox 1613 2434 1682 2463; x_wconf 81' lang='grc' dir='ltr'>ἐστιν</span> <span class='ocrx_word' id='word_1_804' title='bbox 1703 2435 1720 2469; x_wconf 76' lang='grc' dir='ltr'><strong>ἢ</strong></span> <span class='ocrx_word' id='word_1_805' title='bbox 1747 2436 1882 2475; x_wconf 79' lang='grc' dir='ltr'>παραδει-</span> 
     </span>
    </p>
   </div>
   <div class='ocr_carea' id='block_1_109' title="bbox 1054 2474 1880 2519">
    <p class='ocr_par' dir='ltr' id='par_1_109' title="bbox 1054 2474 1880 2519">
     <span class='ocr_line' id='line_1_109' title="bbox 1054 2474 1880 2519; baseline 0.004 -13"><span class='ocrx_word' id='word_1_806' title='bbox 1054 2479 1179 2517; x_wconf 82' lang='grc' dir='ltr'>γματίσαι</span> <span class='ocrx_word' id='word_1_807' title='bbox 1208 2480 1285 2507; x_wconf 69' lang='grc' dir='ltr'>αὺτὸν</span> <span class='ocrx_word' id='word_1_808' title='bbox 1314 2480 1357 2506; x_wconf 77' lang='grc' dir='ltr'>καὶ</span> <span class='ocrx_word' id='word_1_809' title='bbox 1380 2479 1565 2519; x_wconf 82' lang='grc' dir='ltr'>καθαισχύναι.</span> <span class='ocrx_word' id='word_1_810' title='bbox 1599 2474 1690 2512; x_wconf 54' lang='grc' dir='ltr'>(Ἀπαξ</span> <span class='ocrx_word' id='word_1_811' title='bbox 1719 2481 1768 2519; x_wconf 83' lang='grc' dir='ltr'>γὰρ</span> <span class='ocrx_word' id='word_1_812' title='bbox 1790 2491 1880 2510; x_wconf 78' lang='grc' dir='ltr'>σταυ-</span> 
     </span>
    </p>
   </div>
   <div class='ocr_carea' id='block_1_110' title="bbox 1054 2518 1877 2567">
    <p class='ocr_par' dir='ltr' id='par_1_110' title="bbox 1054 2518 1877 2567">
     <span class='ocr_line' id='line_1_110' title="bbox 1054 2518 1877 2567; baseline 0.005 -17"><span class='ocrx_word' id='word_1_813' title='bbox 1054 2525 1156 2563; x_wconf 84' lang='grc' dir='ltr'><strong>ρωθεὶς⁷</strong></span> <span class='ocrx_word' id='word_1_814' title='bbox 1193 2523 1319 2555; x_wconf 70' lang='grc' dir='ltr'>ἀθάνατός</span> <span class='ocrx_word' id='word_1_815' title='bbox 1355 2523 1409 2550; x_wconf 81' lang='grc' dir='ltr'>ἐστι</span> <span class='ocrx_word' id='word_1_816' title='bbox 1441 2523 1546 2555; x_wconf 85' lang='grc' dir='ltr'>λοιπόν,</span> <span class='ocrx_word' id='word_1_817' title='bbox 1580 2518 1608 2552; x_wconf 73' lang='grc' dir='ltr'><em>Ὀ</em></span> <span class='ocrx_word' id='word_1_818' title='bbox 1636 2523 1663 2552; x_wconf 76' lang='grc' dir='ltr'><strong>δὲ</strong></span> <span class='ocrx_word' id='word_1_819' title='bbox 1691 2524 1877 2567; x_wconf 69' lang='grc' dir='ltr'><strong>ἔινςιονταυριῖιν⁷</strong></span> 
     </span>
    </p>
   </div>
   <div class='ocr_carea' id='block_1_111' title="bbox 1053 2567 1879 2609">
    <p class='ocr_par' dir='ltr' id='par_1_111' title="bbox 1053 2567 1879 2609">
     <span class='ocr_line' id='line_1_111' title="bbox 1053 2567 1879 2609; baseline 0.004 -14"><span class='ocrx_word' id='word_1_820' title='bbox 1053 2567 1146 2605; x_wconf 75' lang='grc' dir='ltr'>ψεῦδος</span> <span class='ocrx_word' id='word_1_821' title='bbox 1176 2571 1252 2596; x_wconf 73' lang='grc' dir='ltr'>τοῦτο</span> <span class='ocrx_word' id='word_1_822' title='bbox 1282 2575 1364 2604; x_wconf 73' lang='grc' dir='ltr'>ποιεῖ,</span> <span class='ocrx_word' id='word_1_823' title='bbox 1395 2568 1459 2607; x_wconf 80' lang='grc' dir='ltr'>ὅπερ</span> <span class='ocrx_word' id='word_1_824' title='bbox 1488 2569 1717 2609; x_wconf 57' lang='grc' dir='ltr'><strong>αὶσκλύνηναῦτῷ</strong></span> <span class='ocrx_word' id='word_1_825' title='bbox 1738 2570 1810 2609; x_wconf 76' lang='grc' dir='ltr'>φέρει</span> <span class='ocrx_word' id='word_1_826' title='bbox 1841 2573 1879 2603; x_wconf 80' lang='grc' dir='ltr'>ὡς</span> 
     </span>
    </p>
   </div>
   <div class='ocr_carea' id='block_1_112' title="bbox 1053 2607 1881 2654">
    <p class='ocr_par' dir='ltr' id='par_1_112' title="bbox 1053 2607 1881 2654">
     <span class='ocr_line' id='line_1_112' title="bbox 1053 2607 1881 2654; baseline 0.004 -14"><span class='ocrx_word' id='word_1_827' title='bbox 1053 2612 1210 2650; x_wconf 70' lang='grc' dir='ltr'>ψευσαμένῳ</span> <span class='ocrx_word' id='word_1_828' title='bbox 1230 2613 1260 2640; x_wconf 77' lang='grc' dir='ltr'>τὸ</span> <span class='ocrx_word' id='word_1_829' title='bbox 1276 2612 1342 2645; x_wconf 71' lang='grc' dir='ltr'>ἅπαξ</span> <span class='ocrx_word' id='word_1_830' title='bbox 1357 2613 1501 2641; x_wconf 81' lang='grc' dir='ltr'>ἀποθανεῖν</span> <span class='ocrx_word' id='word_1_831' title='bbox 1517 2607 1609 2650; x_wconf 66' lang='grc' dir='ltr'>μόνον,</span> <span class='ocrx_word' id='word_1_832' title='bbox 1629 2607 1750 2646; x_wconf 49' lang='grc' dir='ltr'>’Ἄλλωςξ</span> <span class='ocrx_word' id='word_1_833' title='bbox 1767 2607 1881 2654; x_wconf 76' lang='grc' dir='ltr'><strong>[ΦΩΤ,]</strong></span> 
     </span>
    </p>
   </div>
   <div class='ocr_carea' id='block_1_113' title="bbox 1052 2657 1878 2698">
    <p class='ocr_par' dir='ltr' id='par_1_113' title="bbox 1052 2657 1878 2698">
     <span class='ocr_line' id='line_1_113' title="bbox 1052 2657 1878 2698; baseline 0.006 -14"><span class='ocrx_word' id='word_1_834' title='bbox 1052 2658 1081 2686; x_wconf 84' lang='grc' dir='ltr'>Τί</span> <span class='ocrx_word' id='word_1_835' title='bbox 1122 2657 1192 2684; x_wconf 70' lang='grc' dir='ltr'>ἐστιν</span> <span class='ocrx_word' id='word_1_836' title='bbox 1242 2657 1473 2697; x_wconf 67' lang='grc' dir='ltr'>ἀναστορούνταςς</span> <span class='ocrx_word' id='word_1_837' title='bbox 1525 2657 1566 2686; x_wconf 82' lang='grc' dir='ltr'>ἐπὶ</span> <span class='ocrx_word' id='word_1_838' title='bbox 1619 2657 1738 2698; x_wconf 78' lang='grc' dir='ltr'>δευτέραν</span> <span class='ocrx_word' id='word_1_839' title='bbox 1791 2662 1878 2689; x_wconf 77' lang='grc' dir='ltr'>σταύ-</span> 
     </span>
    </p>
   </div>
   <div class='ocr_carea' id='block_1_114' title="bbox 185 2699 1006 2744">
    <p class='ocr_par' dir='ltr' id='par_1_114' title="bbox 185 2699 1006 2740">
     <span class='ocr_line' id='line_1_114' title="bbox 185 2699 1006 2740; baseline -0.004 -6"><span class='ocrx_word' id='word_1_840' title='bbox 185 2703 255 2734; x_wconf 81' lang='lat' dir='ltr'><strong>Atio</strong></span> <span class='ocrx_word' id='word_1_841' title='bbox 282 2702 379 2733; x_wconf 84' lang='lat' dir='ltr'><strong>modo.</strong></span> <span class='ocrx_word' id='word_1_842' title='bbox 398 2700 473 2737; x_wconf 92' lang='lat' dir='ltr'><strong>Quid</strong></span> <span class='ocrx_word' id='word_1_843' title='bbox 490 2705 554 2731; x_wconf 86' lang='lat' dir='ltr'><strong>est:</strong></span> <span class='ocrx_word' id='word_1_844' title='bbox 572 2699 701 2731; x_wconf 78' lang='lat' dir='ltr'><strong>Rursum</strong></span> <span class='ocrx_word' id='word_1_845' title='bbox 719 2700 950 2740; x_wconf 78' lang='lat' dir='ltr'><strong>cruciﬁgentes‘?</strong></span> <span class='ocrx_word' id='word_1_846' title='bbox 965 2701 1006 2731; x_wconf 91' lang='lat' dir='ltr'><strong>Ad</strong></span> 
     </span>
    </p>
   </div>
   <div class='ocr_carea' id='block_1_115' title="bbox 1094 2699 1877 2744">
    <p class='ocr_par' dir='ltr' id='par_1_115' title="bbox 1094 2700 1877 2744">
     <span class='ocr_line' id='line_1_115' title="bbox 1094 2700 1877 2744; baseline 0.004 -15"><span class='ocrx_word' id='word_1_847' title='bbox 1094 2713 1131 2730; x_wconf 63' lang='grc' dir='ltr'><strong>τιν</strong></span> <span class='ocrx_word' id='word_1_848' title='bbox 1146 2702 1190 2729; x_wconf 80' lang='grc' dir='ltr'>καὶ</span> <span class='ocrx_word' id='word_1_849' title='bbox 1206 2700 1323 2739; x_wconf 74' lang='grc' dir='ltr'>δεύτερον</span> <span class='ocrx_word' id='word_1_850' title='bbox 1351 2702 1431 2733; x_wconf 74' lang='grc' dir='ltr'>πάθος</span> <span class='ocrx_word' id='word_1_851' title='bbox 1462 2701 1609 2734; x_wconf 77' lang='grc' dir='ltr'>καλοῦνσας</span> <span class='ocrx_word' id='word_1_852' title='bbox 1638 2703 1726 2740; x_wconf 66' lang='grc' dir='ltr'>αὐτὸν,</span> <span class='ocrx_word' id='word_1_853' title='bbox 1751 2703 1831 2744; x_wconf 79' lang='grc' dir='ltr'>εἴπερ</span> <span class='ocrx_word' id='word_1_854' title='bbox 1859 2706 1877 2739; x_wconf 86' lang='grc' dir='ltr'><strong>ἡ</strong></span> 
     </span>
    </p>
   </div>
   <div class='ocr_carea' id='block_1_116' title="bbox 185 2745 1006 2785">
    <p class='ocr_par' dir='ltr' id='par_1_116' title="bbox 185 2745 1006 2785">
     <span class='ocr_line' id='line_1_116' title="bbox 185 2745 1006 2785; baseline -0.005 -6"><span class='ocrx_word' id='word_1_855' title='bbox 185 2747 349 2779; x_wconf 87' lang='lat' dir='ltr'><strong>secundum</strong></span> <span class='ocrx_word' id='word_1_856' title='bbox 379 2745 602 2777; x_wconf 87' lang='lat' dir='ltr'><strong>cruciﬁxionem</strong></span> <span class='ocrx_word' id='word_1_857' title='bbox 617 2749 644 2776; x_wconf 89' lang='lat' dir='ltr'><strong>et</strong></span> <span class='ocrx_word' id='word_1_858' title='bbox 661 2745 823 2776; x_wconf 89' lang='lat' dir='ltr'><strong>secundam</strong></span> <span class='ocrx_word' id='word_1_859' title='bbox 842 2745 1006 2785; x_wconf 82' lang='lat' dir='ltr'><strong>passionem</strong></span> 
     </span>
    </p>
   </div>
   <div class='ocr_carea' id='block_1_117' title="bbox 1094 2745 1880 2785">
    <p class='ocr_par' dir='ltr' id='par_1_117' title="bbox 1095 2745 1880 2783">
     <span class='ocr_line' id='line_1_117' title="bbox 1095 2745 1880 2783; baseline 0.005 -10"><span class='ocrx_word' id='word_1_860' title='bbox 1095 2746 1160 2779; x_wconf 83' lang='grc' dir='ltr'>αύτη</span> <span class='ocrx_word' id='word_1_861' title='bbox 1191 2746 1325 2783; x_wconf 78' lang='grc' dir='ltr'>μετάνοια,</span> <span class='ocrx_word' id='word_1_862' title='bbox 1356 2747 1400 2774; x_wconf 81' lang='grc' dir='ltr'><strong>καὶ</strong></span> <span class='ocrx_word' id='word_1_863' title='bbox 1429 2747 1459 2774; x_wconf 83' lang='grc' dir='ltr'>τὸ</span> <span class='ocrx_word' id='word_1_864' title='bbox 1493 2745 1634 2781; x_wconf 77' lang='grc' dir='ltr'>ἀξιωθῆναι</span> <span class='ocrx_word' id='word_1_865' title='bbox 1669 2750 1717 2781; x_wconf 79' lang='grc' dir='ltr'><strong>τῆς</strong></span> <span class='ocrx_word' id='word_1_866' title='bbox 1753 2747 1796 2776; x_wconf 80' lang='grc' dir='ltr'>διὰ</span> <span class='ocrx_word' id='word_1_867' title='bbox 1831 2749 1880 2778; x_wconf 74' lang='grc' dir='ltr'>τοῦ</span> 
     </span>
    </p>
   </div>
   <div class='ocr_carea' id='block_1_118' title="bbox 184 2789 1006 2835">
    <p class='ocr_par' dir='ltr' id='par_1_118' title="bbox 184 2789 1006 2835">
     <span class='ocr_line' id='line_1_118' title="bbox 184 2789 1006 2835; baseline -0.005 -11"><span class='ocrx_word' id='word_1_868' title='bbox 184 2793 281 2835; x_wconf 89' lang='lat' dir='ltr'><strong>ipsum</strong></span> <span class='ocrx_word' id='word_1_869' title='bbox 296 2795 436 2823; x_wconf 84' lang='lat' dir='ltr'><strong>vocantes</strong></span> <span class='ocrx_word' id='word_1_870' title='bbox 453 2801 460 2822; x_wconf 87' lang='lat'>:</span> <span class='ocrx_word' id='word_1_871' title='bbox 479 2790 626 2831; x_wconf 88' lang='lat' dir='ltr'><strong>siquidem</strong></span> <span class='ocrx_word' id='word_1_872' title='bbox 645 2790 710 2821; x_wconf 86' lang='lat' dir='ltr'><strong>talis</strong></span> <span class='ocrx_word' id='word_1_873' title='bbox 729 2789 902 2831; x_wconf 88' lang='lat' dir='ltr'><strong>poenitentia</strong></span> <span class='ocrx_word' id='word_1_874' title='bbox 912 2793 941 2820; x_wconf 90' lang='lat' dir='ltr'><strong>et</strong></span> <span class='ocrx_word' id='word_1_875' title='bbox 954 2799 1006 2829; x_wconf 92' lang='lat' dir='ltr'><strong>pe-</strong></span> 
     </span>
    </p>
   </div>
   <div class='ocr_carea' id='block_1_119' title="bbox 1094 2789 1879 2835">
    <p class='ocr_par' dir='ltr' id='par_1_119' title="bbox 1094 2791 1879 2834">
     <span class='ocr_line' id='line_1_119' title="bbox 1094 2791 1879 2834; baseline 0.006 -16"><span class='ocrx_word' id='word_1_876' title='bbox 1094 2791 1232 2828; x_wconf 70' lang='grc' dir='ltr'>ττίσματος</span> <span class='ocrx_word' id='word_1_877' title='bbox 1261 2791 1388 2830; x_wconf 73' lang='grc' dir='ltr'><strong>ἀφέσεως,</strong></span> <span class='ocrx_word' id='word_1_878' title='bbox 1418 2794 1455 2828; x_wconf 85' lang='grc' dir='ltr'>τῷ</span> <span class='ocrx_word' id='word_1_879' title='bbox 1484 2795 1588 2830; x_wconf 77' lang='grc' dir='ltr'>σταυρῷ</span> <span class='ocrx_word' id='word_1_880' title='bbox 1615 2796 1662 2821; x_wconf 83' lang='grc' dir='ltr'>τοῦ</span> <span class='ocrx_word' id='word_1_881' title='bbox 1683 2796 1797 2832; x_wconf 71' lang='grc' dir='ltr'>Χριστοῦ</span> <span class='ocrx_word' id='word_1_882' title='bbox 1825 2794 1879 2834; x_wconf 82' lang='grc' dir='ltr'>μό-</span> 
     </span>
    </p>
   </div>
  </div>
