1929 3079
201 145 262 179 383

770 148 977 181 CECUMENII
1000 149 1147 181 TRlCC/E
1169 149 1334 182 EPISCOPI

1841 149 1897 182 384

203 213 258 245 sub
274 215 531 247 consummatione
560 215 748 247 saeculorum.
783 228 794 243 .›
823 215 886 247 Hoc
900 219 956 254 est,
973 214 1017 246 sul

1103 227 1151 244 ’ται
1167 223 1174 231 ·
1201 216 1382 257 πεφανέρωται
1399 216 1426 245 δὲ
1443 218 1478 250 εἰς
1499 219 1530 246 τὸ
1546 218 1671 253 ἀθετῆσαι
1688 219 1731 246 καὶ
1744 217 1837 246 σϐέσαι
1851 218 1902 250 τὴν

200 258 295 298 ipsam
311 259 540 300 completionem
557 261 733 291 smculorum
759 264 788 291 et
812 260 866 291 sub
879 260 975 301 ipsum
992 261 1029 291 ti-

201 312 283 334 nem.
295 303 332 334 Et
347 313 400 344 per
411 304 596 345 hyperbaton
605 304 794 345 jungendum
808 309 862 340 est.
873 305 1024 345 Apparuit.

199 347 346 388 Apparuit
361 352 460 379 autem
477 353 510 380 ut
525 350 697 389 proﬂigaret
707 353 736 380 et
747 349 948 388 exstingueret
962 359 1029 390 pec-

201 396 300 423 catum
325 393 428 424 mundi
441 402 494 434 per
504 394 656 424 victimam
669 402 763 424 suam.
778 403 865 433 quam
878 403 930 434 pro
945 393 1030 424 nobis

202 436 320 469 obtulit.
339 449 350 462 -
373 438 429 469 Per
447 438 595 469 victimam
612 447 694 469 suam
710 438 855 478 apparuit,
873 451 883 466 ι
902 439 956 469 hoc
973 442 1027 478 est,

202 489 269 511 eum
284 490 374 511 carne
385 481 415 512 in
424 482 545 514 mundo.
556 495 568 510 α
581 482 618 513 Ει
627 486 773 523 quatenus
785 482 856 513 illud
868 482 1026 513 homines»

202 524 314 562 Semel,
329 525 437 566 inquit,
456 536 546 557 omne
574 536 668 566 genus
697 527 860 558 humanum
876 527 1030 567 oportebat

204 569 282 600 mori
296 578 302 600 :
328 570 385 600 hoc
401 574 432 600 ut
445 571 536 602 semel
554 571 649 604 ﬁeret.
669 581 721 611 pro
737 571 822 602 nobis
838 576 970 603 mortuus
986 577 1030 603 est

203 614 353 646 Christus.
369 614 454 646 Nunc
470 616 568 656 itaque
596 615 684 646 etiam
710 617 734 646 si
764 617 938 654 moriamur,
969 627 1028 648 non

202 658 372 689 detinemur
388 668 404 689 a
425 664 519 690 morte
536 670 542 692 :
572 660 631 691 imo
663 661 693 690 in
719 660 826 691 virtute
842 662 897 692 hoc
911 671 971 692 non
985 666 1028 692 est

205 703 291 733 mori.
311 716 323 731 α
342 705 384 735 lta
400 709 429 734 et
457 704 601 736 Christus.
633 717 646 732 ιι
678 705 823 740 Quoniam
849 706 936 736 homo
953 711 1024 743 erat,

201 756 371 788 quanquam
389 748 478 778 simul
495 753 573 779 esset
587 749 676 789 Deus,
693 750 780 779 etiam
798 749 860 789 ipse
875 750 954 789 quod
971 751 1025 780 ho-

205 791 335 823 minibus
350 802 509 823 commune
526 798 590 824 erat
605 793 755 824 sustinuit.
770 794 1025 830 Quemadmodum

201 836 280 867 enim
297 837 433 867 homines
458 838 550 868 semel
583 839 760 875 moriuntur,
786 839 825 868 ita
853 843 880 869 et
895 839 1027 869 Christus

201 882 294 912 semel
305 881 433 919 oblatus,
442 882 506 922 ipse
516 883 650 923 seipsum
665 883 784 913 obtulit.
797 884 1026 923 59DSiquidem
1038 877 1057 900 Β

203 935 261 956 non
276 930 391 956 tantum
409 927 606 966 estpontifex,
617 928 667 957 sed
677 934 704 957 et
715 928 843 959 victima.
869 941 881 956 (ι
909 928 1028 958 Perfer-

201 974 248 1000 ret
260 975 390 1010 peccata.
407 984 420 999 ι
436 971 563 1002 Pertulit
578 981 611 1002 ac
629 973 728 1002 retulit
740 973 893 1003 hominum
910 977 1029 1013 peccata

200 1015 292 1053 Patri,
305 1021 336 1046 ut
348 1016 399 1047 ille
410 1016 603 1050 condonaret.
613 1018 735 1058 ipsaque
745 1017 1027 1054 deleret.Quamob-

200 1068 265 1090 rem
294 1070 364 1091 vero
394 1061 478 1098 dixit,
504 1061 675 1099 Multorum,
705 1066 734 1092 et
760 1071 831 1098 non,
862 1061 1027 1094 Omnium?

202 1104 276 1141 Quia
289 1115 348 1136 non
361 1115 466 1137 omnes
477 1106 671 1137 crediderunt
685 1117 692 1147 ;
712 1116 816 1138 eorum
833 1117 961 1148 namque
975 1110 1027 1148 qui

201 1150 434 1181 creduntaufert
448 1155 580 1190 peccata.
599 1153 732 1182 Mortuus
744 1151 821 1182 enim
834 1155 1026 1184 estutomnes

201 1194 297 1225 salvos
308 1195 430 1232 faceret,
444 1196 521 1236 quod
532 1196 567 1226 ad
582 1196 678 1236 ipsum
687 1196 825 1236 pertinet,
839 1205 940 1227 verum
952 1206 1023 1237 pec—

199 1243 264 1269 cata
278 1239 350 1269 solis
362 1240 487 1270 remittit
503 1240 706 1271 credentibus.
723 1240 792 1276 Aut,
813 1241 851 1272 Ut
866 1241 1024 1272 multorum

201 1283 349 1322 perferret
361 1288 482 1324 peccata
493 1284 522 1315 in
538 1293 627 1315 cruce
640 1284 713 1314 dicit
725 1292 733 1321 ',
745 1288 776 1314 ut
786 1284 850 1323 ipsa
862 1284 948 1314 etiam
961 1294 1024 1316 exs-

200 1327 358 1367 tingueret,
376 1328 451 1360 dans
463 1338 564 1368 poenas
578 1338 630 1369 pro
642 1329 725 1369 ipsis.
753 1341 765 1356 ε
789 1328 900 1359 Rursus
911 1328 1024 1369 absque

200 1376 335 1412 peccato.
356 1384 367 1401 υ
385 1373 442 1404 Aut
456 1373 511 1404 hoc
525 1374 595 1404 dicit
606 1373 684 1413 quod
696 1373 771 1405 Uubi
781 1382 885 1403 rursus
896 1374 1021 1413 venerit,

200 1426 259 1446 non
278 1417 358 1448 venit
373 1422 405 1448 ut
419 1418 526 1449 iterum
545 1418 651 1449 debeat
681 1428 733 1458 pro
763 1417 892 1458 peccatis
921 1419 1023 1449 vestris

201 1461 288 1499 mori,
301 1462 454 1502 autquod,
466 1472 524 1493 non
548 1463 675 1502 amplius
698 1462 834 1493 liberabit
852 1471 903 1492 vos
924 1467 992 1493 tunc
1007 1473 1023 1494 a

196 1506 342 1544 peccatis,
361 1506 438 1537 sicut
452 1507 515 1547 ipsa
532 1517 610 1537 nunc
639 1507 733 1537 aufert
750 1518 756 1537 :
789 1511 839 1537 aut
864 1506 942 1546 quod
959 1507 1022 1538 Non

1070 261 1198 300 ἁμαρτίαν
1219 265 1264 289 τοῦ
1278 261 1379 299 κόσμου
1401 261 1443 290 διὰ
1471 265 1521 296 τῆς
1542 264 1632 295 θυσίας
1662 264 1756 302 αὺτοῦ,
1788 263 1823 295 ἦν
1839 262 1903 300 ὑπὲρ

1070 305 1146 338 ἡμῶν
1167 306 1344 345 προσήνεγκε.
1371 318 1384 333 ι
1404 307 1453 334 Δια
1475 309 1523 340 τῆς
1550 307 1639 340 θυσίας
1661 307 1846 348 πεφανέρωται
1861 316 1869 323 ”
1887 318 1900 333 ιι

1069 349 1187 378 τουτέστι
1202 350 1268 388 μετὰ
1282 353 1331 384 τῆς
1355 351 1451 390 σαρκὸς
1474 351 1501 379 ἐν
1515 354 1554 388 τῷ
1568 351 1674 389 κόσμῳ,
1694 361 1709 381 ι
1725 352 1774 380 Καὶ
1788 351 1902 379 καθόσον

1070 394 1209 422 ἀπόκειται
1232 395 1292 427 τοῖς
1321 395 1477 434 ἀνθρώποις.
1497 407 1509 424 ι
1554 396 1639 433 Δπαξ,
1665 397 1740 436 gnat,
1769 396 1821 430 τὴν
1852 395 1902 423 ἆν-

1070 439 1228 477 θρωπότητα
1253 443 1340 468 πᾶσαν
1361 440 1446 479 ἐχρῆν
1470 440 1624 470 ἀποθανεῖν,
1654 444 1736 469 Τοῦτο
1764 440 1794 467 τὸ
1831 438 1903 472 ἅπαξ

1069 484 1133 523 ὑπὲρ
1148 484 1226 520 ἡμῶν
1248 483 1373 511 ἀπέθανεν
1390 485 1403 512 ὁ
1431 484 1555 523 Χριστός,
1588 480 1674 513 “Qa-ts
1702 485 1747 512 καὶ
1776 484 1901 518 ἀποθνή-

1071 538 1177 559 σκοντες
1200 531 1253 568 νῦν,
1276 528 1305 556 οὗ
1333 529 1497 568 κρατούμεθα
1525 529 1578 557 ἀπὸ
1603 533 1648 557 τοῦ
1675 530 1797 564 θανάτου,
1823 529 1839 556 ὃ

1070 571 1186 610 δυνάμει,
1205 571 1262 601 οὒόὲ
1287 573 1430 601 ἀποθανεῖν
1460 572 1526 602 ἔστι.
1561 584 1572 601 ιι
1590 574 1679 606 Οὕτως
1702 574 1746 602 καὶ
1780 574 1796 602 ὁ
1829 576 1898 613 Χρι-

1070 617 1141 648 στός,
1173 628 1184 645 ι)
1212 615 1320 650 Ἐπειδὴ
1342 617 1477 656 ἄνθρωπος
1501 618 1533 652 ἦν
1563 619 1629 655 μετὰ
1650 621 1697 646 τοῦ
1717 618 1790 646 εἶναι
1821 618 1898 654 Θεὸς,

1068 662 1112 689 καὶ
1133 662 1222 700 αυτὸς,
1254 662 1329 700 φησὶ,
1356 663 1386 689 τὸ
1414 663 1502 689 κοινὸν
1530 666 1582 690 τῶν
1618 662 1761 702 ἀνθρώπων
1783 662 1900 699 ὑπέμει-

1069 717 1121 736 νεν,
1147 701 1254 744 υιέο-περ
1286 707 1334 745 γὰρ
1366 707 1388 733 οἳ
1416 706 1546 746 ἅνθρωποι
1576 706 1644 739 ἅπαξ
1673 707 1898 743 ἀποθνήσκουσιν,

1467 750 1536 784 ἅπαξ
1577 752 1774 791 προσενεχθεὶς,
1821 752 1900 782 αὐτὸς

1637 797 1716 834 μόνον
1744 797 1898 836 ἀρχιερεὺς,

1068 750 1149 782 οὕτως
1179 751 1222 778 καὶ
1252 751 1266 778 ὁ
1294 751 1422 790 Χριστὸς,

1067 796 1157 823 ἑαυτὸν
1186 796 1374 835 προσενέγκας.
1409 796 1444 824 Οὔ
1471 797 1521 835 γάρ
1553 797 1607 825 ἐστι

1068 840 1135 868 ἄλλα
1164 841 1206 868 καὶ
1237 842 1315 877 θῦμα,
1345 841 1510 879 Ἐνενεγκεϊν
1547 842 1686 880 ἁμαρτίας.
1708 853 1720 869 n
1751 840 1898 879 Ἀνῆνεγκε

1068 886 1114 917 τὰς
1143 885 1270 924 ἁμαρτίας
1300 886 1352 912 τῶν
1381 885 1524 924 ἀνθρώπιον
1553 890 1591 923 τῷ
1618 887 1710 925 Πατρὶ,
1736 886 1784 913 ’ίνα
1821 887 1897 917 αὖςος

1069 930 1233 968 συγγωριίσῃ
1256 930 1298 957 καὶ
1325 929 1448 967 ἐξαλείψῃ
1472 930 1561 961 αότάς.
1581 931 1628 958 Διὰ
1643 931 1667 957 τί
1688 929 1714 958 δὲ
1730 931 1805 967 εἶπε,
1832 930 1898 958 Πολ-

1069 973 1076 979 κ
1092 977 1101 979 _
1133 964 1140 969 '
1185 975 1190 979 .
1234 974 1238 979 .
1282 975 1318 979 κ.
1442 969 1459 979 ει
1558 975 1563 979 .
1631 975 1636 979 .
1729 975 1735 979 .
1765 976 1769 979 .

1069 973 1133 1010 λῶν,
1150 974 1258 1010 καὶμὴ,
1282 975 1414 1012 Πάντων;
1442 971 1505 1003 εὈτι
1534 975 1572 1012 μὴ
1602 975 1698 1006 πάντες
1727 975 1895 1005 ἐπίστευσαν.

1069 999 1104 1001 νννη
1126 999 1133 1010 1
1209 999 1258 1010 σπι,
1282 999 1386 1002 """"‘
1407 999 1414 1014 ν
1462 999 1505 1003 ν““
1534 999 1572 1012 Γ“ι
1605 999 1697 1006 """“'
1728 999 1784 1003 ""'
1795 999 1895 1005 """"

1069 1022 1126 1047 Τῶν
1167 1019 1216 1058 γὰρ
1258 1020 1434 1047 πιστευόντων
1475 1019 1628 1059 ἀφαιρεῖται
1671 1021 1716 1051 τὰς
1751 1021 1895 1059 ἁμαρτίας.

1069 1061 1195 1091 Ἀπέθανε
1210 1064 1270 1103 γὰρ,
1287 1066 1323 1096 εἷς
1349 1065 1379 1092 τὸ
1398 1064 1497 1096 πάντας
1529 1066 1623 1103 σῶσαι,
1653 1065 1682 1092 τό
1711 1075 1741 1102 γε
1770 1065 1838 1098 ἧκον
1862 1065 1896 1096 εἰς

1068 1108 1156 1146 αυτὸν,
1174 1108 1220 1139 τὰς
1237 1107 1264 1136 δὲ
1286 1109 1412 1148 ἁμαρτίας
1439 1108 1530 1148 ἀφίησι
1556 1115 1615 1140 τοῖς
1650 1115 1760 1140 πιστοῖς
1789 1109 1894 1146 μόνοις.

1078 1155 1099 1179 Η
1131 1153 1173 1192 τὸ,
1204 1153 1247 1184 Εἰς
1269 1153 1299 1181 τὸ
1328 1152 1434 1181 πολλῶν
1456 1153 1606 1191 ἀνενεγκεῖν
1628 1153 1770 1192 ἀμαγτίας,
1802 1155 1831 1182 ἓν
1859 1156 1895 1190 τῷ

1066 1199 1180 1236 σταυρῷ,
1218 1198 1308 1236 φησὶν,
1343 1198 1390 1226 ’ίνα
1424 1198 1504 1229 αὐτὰς
1532 1198 1576 1225 καὶ
1604 1197 1698 1235 σϐέσῃ,
1727 1196 1814 1229 διδοὺς
1846 1198 1892 1231 τὴν

1065 1240 1129 1280 ὑπὲρ
1142 1241 1227 1269 αὒτῶν
1242 1240 1328 1275 δίκην.
1359 1253 1369 1269 ι
1398 1241 1445 1270 Ἐκ
1458 1241 1577 1281 δευτέρου
1604 1243 1688 1282 χωρὶς
1717 1243 1861 1282 ἁμαρτίας,
1879 1254 1892 1269 ι

1075 1289 1098 1314 Η
1132 1289 1209 1314 τοῦτο
1239 1285 1321 1325 λέγει,
1352 1287 1391 1314 ὅτι
1420 1285 1468 1316 Ἐκ
1492 1286 1610 1326 δευτέρου
1646 1287 1807 1327 ἐρχόμενος,
1845 1287 1894 1326 οὔχ

1068 1329 1120 1363 ἥξει
1143 1330 1222 1358 πάλιν
1251 1330 1292 1359 διὰ
1313 1332 1360 1363 τὰς
1389 1332 1461 1369 ὑμῶν
1497 1331 1625 1371 ἁμαρτίας
1654 1331 1765 1371 ὀφείλων
1791 1332 1895 1359 ἀποθα-

1064 1382 1119 1403 νεῖν
1136 1385 1141 1393 ¹
1172 1375 1202 1413 ἢ,
1232 1375 1271 1403 ὅτι
1300 1376 1392 1405 Οὐκέτι
1427 1376 1529 1415 ῥύσεται
1571 1377 1637 1413 ὑμᾶς
1669 1376 1727 1404 τότε
1757 1377 1896 1415 ἁμαρτιῶν

1064 1419 1153 1458 ὥσπερ
1168 1420 1211 1447 καὶ
1226 1423 1269 1447 νῦν
1290 1420 1407 1460 ἀφαιρῶν
1434 1421 1512 1452 αὐτάς
1530 1429 1537 1436 ⁸
1561 1420 1591 1459 ἢ,
1608 1420 1648 1448 ὅτι
1669 1422 1726 1460 Οὐχ
1741 1420 1894 1460 ἁμαρτήσει

1063 1463 1180 1499 κολάζων
1208 1465 1267 1496 τοὺς
1293 1465 1388 1496 αἱτίους
1414 1466 1457 1493 καὶ
1485 1465 1608 1506 ἐνόχους,
1638 1465 1680 1493 διὰ
1700 1466 1730 1494 τὸ
1767 1477 1890 1504 σταυρω-

1064 1509 1140 1540 θῆναι
1173 1509 1236 1547 ὑπὲρ
1264 1510 1354 1545 ἡμῶν.
1385 1508 1548 1548 [ΟΙΚΟΥΜ,]
1588 1515 1639 1539 Νῦν
1674 1510 1723 1549 γὰρ
1760 1510 1890 1549 ἁμαρτίαν

201 1549 346 1590 peccabit,
360 1561 429 1581 reos
441 1556 468 1582 et
477 1551 605 1591 peccatis
612 1551 936 1591 obnoxiospuniens,eo
944 1552 1017 1592 quod

1103 1553 1178 1587 ιήσας
1194 1554 1299 1581 αὖτονὸ
1316 1554 1406 1589 Πατὴρ
1435 1553 1549 1591 ἔπεμψε.
1582 1555 1629 1583 Καὶ
1656 1555 1705 1594 γὰρ
1731 1555 1764 1588 ἧν
1793 1554 1891 1594 σφόδρα

201 1603 252 1632 pro
264 1595 349 1626 nobis
362 1596 520 1628 cruciﬁxus
532 1597 579 1627 sit.
596 1614 622 1619 —-
657 1597 742 1628 Nunc
755 1596 833 1627 enim
847 1597 931 1626 Pater
945 1597 1024 1627 misit

198 1637 295 1678 ipsum
305 1639 411 1671 factum
421 1645 573 1681 peccatum
581 1641 707 1672 .Etenim
718 1641 853 1672 Christus
862 1640 1023 1671 vehemen-

199 1687 246 1714 ter
257 1689 394 1724 peccator
406 1691 478 1723 eral,
494 1686 583 1726 utqui
605 1686 694 1716 totius
714 1685 815 1716 mundi
839 1690 957 1724 peccata
972 1695 1023 1716 as-

199 1734 377 1769 sumpserat,
390 1731 506 1771 sibique
521 1731 639 1770 propria
664 1731 794 1762 fecerat:
811 1730 864 1760 sed
882 1729 956 1760 datis
971 1740 1025 1770 per

199 1782 317 1804 crucem
335 1775 431 1815 poenis
446 1785 510 1815 quae
526 1776 613 1806 nobis
639 1775 844 1815 peccatortbus
861 1775 1022 1806 convenie-

199 1817 267 1848 bant
277 1828 310 1849 ac
323 1819 520 1857 debebantur,
537 1820 724 1860 postmodum
738 1829 804 1851 cum
819 1821 942 1850 l'aterna
955 1829 1021 1852 ven-

197 1865 280 1893 turus
296 1868 341 1895 est
355 1865 458 1904 gloria,
477 1875 535 1895 non
551 1865 608 1903 jam
627 1870 763 1905 tanquam
773 1869 1021 1905 peccatoretcum

199 1906 309 1952 iniquis
324 1914 490 1949 reputatus.
515 1909 598 1945 Quod
632 1909 709 1939 enim
734 1909 868 1941 Christus
885 1917 1022 1952 peccator

196 1950 298 1990 fuerit,
313 1953 381 1984 audi
396 1963 402 1985 :
420 1953 494 1984 Eum
512 1954 561 1994 qui
579 1957 731 1994 peccatum
749 1964 808 1985 non
824 1950 956 1993 noverat,
972 1957 1020 1987 in—

196 1997 271 2036 quit,
302 2007 355 2038 pro
384 1999 470 2029 nobis
498 2003 651 2039 peccatum
680 1999 759 2036 fecit,
792 2003 928 2040 tanquam
958 2011 1021 2032 rem

196 2040 288 2081 ipsam
307 2052 373 2083 quae
388 2048 541 2083 peccatum
558 2048 612 2074 est.

236 2086 272 2126 X,
291 2088 356 2119 1-4.
373 2088 453 2119 Nam
479 2088 527 2119 lea;
551 2088 690 2119 umbram
716 2089 831 2120 habens
844 2090 1017 2128 futurorum

198 2131 357 2173 bonorum,
375 2142 432 2164 non
448 2134 545 2172 ipsam
557 2134 722 2174 imaginem
737 2134 1019 2174 rerum,hishostt’is

195 2185 271 2216 quas
285 2177 413 2217 singulis
426 2179 517 2209 annis
537 2178 654 2209 easdem
669 2179 860 2209 continenter
874 2180 1017 2218 offerunt.

1065 1596 1221 1636 ἁμαρτωλὸς
1257 1599 1271 1625 ὁ
1299 1599 1421 1636 Χριστὸς,
1452 1599 1488 1630 ὠς
1513 1599 1558 1631 τὰς
1587 1603 1633 1626 τοῦ
1661 1600 1760 1630 παντὸς
1791 1599 1891 1637 κόσμου

1065 1641 1202 1670 ἀναλαεὼν
1231 1643 1275 1669 καὶ
1311 1643 1514 1680 οἰκειωσάμενος
1547 1644 1686 1683 ἁμαρτίας,
1724 1642 1811 1671 Ἀλλὰ
1846 1644 1892 1677 τὴν

1064 1687 1132 1724 ἡμῖν
1147 1694 1205 1718 τοῖς
1234 1687 1404 1726 ἁμαρτωλοῖς
1433 1689 1617 1727 προσήκουσαν
1643 1690 1686 1717 καὶ
1714 1688 1891 1727 ὀφειλομένην

1064 1730 1137 1764 δίκην
1161 1730 1243 1763 διδοὺς
1273 1730 1314 1758 διὰ
1339 1737 1385 1761 τοῦ
1400 1737 1521 1771 σταυροῦ,
1551 1732 1643 1760 λοιπὸν
1661 1733 1739 1770 ιμετὰ
1760 1734 1812 1765 τῆς
1843 1736 1891 1760 [Ια-

1063 1777 1148 1816 τρῴα;
1181 1776 1233 1809 ἣξει
1254 1776 1342 1812 δόξης,
1373 1777 1458 1806 ο-ὒκέτι
1487 1779 1523 1810 ὡς
1551 1779 1708 1818 ἁμαρτωλὸς
1743 1779 1788 1806 καὶ
1827 1778 1891 1816 μετὰ

1064 1821 1169 1859 ἀνόμων
1209 1821 1461 1860 καταλογιζόμενος.
1504 1818 1571 1851 εΟτι
1607 1823 1655 1862 γὰρ
1683 1822 1844 1860 ἁμαρτωλὸς
1878 1823 1890 1849 ὁ

1065 1867 1186 1904 Χριστὸς,
1211 1864 1300 1895 ἄκουε,
1324 1867 1375 1894 Τὸν
1401 1867 1450 1906 γὰρ
1478 1868 1517 1904 μὴ
1547 1867 1653 1905 γνόντα,
1684 1868 1775 1907 φησὶν,
1801 1869 1887 1906 ἁμαρ-

1064 1910 1131 1950 τίαν,
1147 1910 1211 1950 ὑπὲρ
1235 1912 1311 1948 ἡμῶν
1337 1911 1464 1951 ἁμαρτίαν
1492 1911 1625 1948 ἐποίησεν,
1649 1914 1707 1939 οἷον
1729 1912 1888 1952 αὐτόχρημα

1064 1955 1202 1994 ἁμαρτίαν,

1151 2045 1170 2053 κ

1104 2101 1116 2116 α
1147 2089 1228 2117 Σκιὰν
1255 2089 1304 2128 γὰρ
1332 2089 1403 2129 ἔχων
1432 2091 1445 2117 ὁ
1473 2090 1554 2128 νόμος
1569 2093 1622 2118 τῶν
1638 2089 1790 2128 μελλόντων
1818 2091 1886 2130 ἀγα-

1061 2135 1124 2172 θῶν,
1154 2133 1200 2161 οὐκ
1229 2133 1310 2166 αὐτὴν
1336 2134 1386 2167 τὴν
1414 2133 1502 2162 εἰκόνα
1537 2137 1590 2162 τῶν
1622 2136 1799 2174 πραγμάτων,
1830 2134 1886 2164 κατ’

1061 2178 1178 2205 ἐνιαυτὸν
1219 2184 1280 2209 ταῖς
1333 2180 1428 2210 αὒταῒς
1475 2179 1575 2211 θυσίαις
1624 2180 1655 2211 ἃς
1696 2180 1883 2220 προσφέρουσιν

195 2230 352 2266 nunquam
373 2226 471 2263 potest
494 2223 668 2254 accedentes
696 2224 846 2262 pe-rfertos
881 2225 1017 2256 reddere.

1123 2223 1154 2250 τὸ
1184 2221 1315 2260 διηνεκὲς,
1352 2222 1474 2251 οὒδέποτε
1509 2222 1629 2252 δύνανται
1667 2224 1729 2256 τοὺς
1772 2236 1884 2265 προσερ-

192 2265 313 2305 Alioqui
327 2276 428 2298 nonne
447 2267 604 2299 desiissent
629 2267 734 2307 offerri
762 2271 923 2308 propterea
938 2271 1017 2310 quod

1103 2266 1191 2304 μένοξς
1206 2265 1356 2298 τελειῶσαι.
1373 2265 1448 2296 Ἐπεὶ
1463 2268 1509 2296 οὐκ
1524 2267 1554 2296 ἂν
1569 2268 1717 2297 ἐπαύσαντο
1738 2270 1884 2310 προσφερό-

195 2311 258 2349 iam
274 2311 393 2343 nullam
409 2311 586 2343 habuissent
601 2315 816 2343 conscientiam
830 2318 1019 2352 percalornm

193 2357 246 2394 qui
256 2356 478 2396 sacriﬁcassent
492 2365 526 2388 ac
539 2358 630 2388 semel
639 2358 768 2397 purgati
782 2357 905 2388 essent?
923 2359 1020 2399 Atqui

192 2403 225 2431 in
240 2401 308 2432 istis
322 2401 564 2433 commemoratio
587 2402 622 2441 ﬁt
639 2405 834 2442 peccatorum
850 2404 1018 2442 quotannis

189 2444 259 2476 Non
274 2448 354 2477 em‘m
368 2449 465 2486 potest
479 2447 606 2487 sanguis
631 2450 793 2478 taurorum
816 2450 846 2477 et
861 2446 1017 2478 hircorum

195 2491 318 2529 auferre
330 2495 465 2531 peccata.

238 2547 248 2562 ι
265 2534 406 2566 Umbram
420 2535 534 2566 habens
546 2536 602 2567 lex.
620 2549 631 2564 η
653 2535 766 2576 Typum
783 2535 924 2566 duntaxat
937 2536 1018 2567 tutu-

191 2588 292 2610 rorum
313 2579 470 2618 bonorum,
489 2581 555 2611 novi
570 2580 710 2612 videlicet
733 2582 911 2611 testamenti.
931 2581 1018 2613 Potes

191 2628 220 2655 et
235 2624 291 2655 hoc
308 2625 395 2656 modo
413 2625 595 2665 intelligere.
614 2627 637 2657 A
655 2625 721 2656 divo
739 2624 1016 2666 GregorioinApo-

186 2669 317 2710 logetico
333 2669 397 2700 etin
406 2671 551 2702 Oratione
558 2671 598 2702 ad
604 2670 739 2701 subditos
747 2670 833 2705 dicta
841 2674 907 2700 sunt
915 2679 948 2701 ea
955 2680 1019 2710 quae

192 2723 271 2745 nunc
287 2718 414 2754 aguntur
430 2724 463 2745 ac
480 2719 643 2746 tractantur
658 2714 811 2755 myderia,
839 2715 1020 2755 exemplaria

193 2768 259 2790 esse
274 2760 420 2799 majorum
434 2761 501 2791 '59!
531 2760 753 2800 mysteriorum.
783 2760 973 2799 Rursumque
989 2759 1019 2790 in

194 2803 270 2835 libro
282 2805 325 2836 De
336 2805 561 2836 resurrectione
576 2814 582 2836 :
600 2800 776 2845 Ratrticipes,
795 2803 903 2845 inquit,
919 2813 1021 2835 sumus

199 2848 322 2882 Paschae
336 2858 343 2880 :
361 2859 439 2881 nunc
452 2849 573 2891 quidem
588 2849 684 2881 adhuc
708 2849 816 2890 typice,
832 2849 1021 2889 postmodum

1061 2323 1138 2349 μεναι
1152 2311 1194 2339 διὰ
1220 2312 1251 2340 τὸ
1273 2311 1404 2350 μηδεμίαν
1425 2311 1502 2352 ἔχειν
1524 2312 1562 2341 ἔτι
1592 2313 1737 2347 συνείδησιν
1752 2314 1886 2354 ἁμαρτιῶν

1060 2357 1119 2388 τοὺς
1135 2355 1306 2395 λατρεύοντας
1328 2355 1397 2389 ἅπαξ
1411 2357 1620 2396 κεκαθαρμένους
1638 2367 1646 2394 ;
1662 2356 1736 2386 Ἀλλ’
1750 2360 1778 2386 εν
1794 2360 1884 2389 αὐταῖς

1060 2401 1206 2440 ἂνάμνησις
1249 2401 1395 2441 ἁμαρτιῶν,
1450 2401 1509 2429 κατ’
1558 2402 1688 2431 ἐνιαυτόν.
1745 2401 1885 2432 Ἀδύνατον

1059 2446 1108 2485 γὰρ
1155 2447 1225 2483 αἷμα
1270 2446 1370 2485 ταύρων
1413 2446 1457 2474 καὶ
1496 2447 1599 2486 τράγων
1634 2447 1757 2486 ἀφαιρεῖν
1799 2449 1882 2487 ἆμαρ-

1059 2492 1126 2523 τίας.
1147 2505 1156 2518 ι

1103 2547 1114 2563 ιι
1144 2535 1225 2562 Σκιὰν
1253 2535 1303 2575 γὰρ
1334 2534 1406 2575 ἔχων
1427 2536 1441 2563 ὁ
1463 2535 1555 2573 νόμος.
1590 2548 1602 2565 ν
1635 2537 1721 2566 Τόπον
1735 2537 1818 2573 μόνον
1832 2538 1882 2564 τῶν

1060 2579 1210 2618 μελλόντων
1242 2579 1357 2619 ἀγαθῶν,
1394 2581 1443 2614 τῆς
1485 2580 1543 2612 νέας
1588 2579 1715 2616 διαθήκης
1748 2579 1880 2614 δηλονότι.

1062 2625 1132 2662 Δύνῃ
1161 2625 1204 2652 καὶ
1232 2624 1315 2656 οῧτως
1357 2626 1462 2657 νοῆσαι,
1505 2641 1540 2647 -
1575 2623 1737 2666 [οικοΥΜ]
1774 2625 1881 2665 Εἴρηται

1060 2673 1098 2706 τῴ
1139 2668 1166 2696 ἐν
1208 2669 1290 2708 ἁγίοις
1333 2669 1467 2708 Γρηγορίί)
1521 2669 1548 2697 ἐν
1589 2670 1628 2707 τῷ
1669 2669 1880 2709 Ἀπολογητικῷ,

1061 2715 1104 2742 καὶ
1146 2713 1172 2741 ἐν
1213 2717 1252 2750 τῷ
1295 2715 1361 2753 Πρὸς
1404 2714 1463 2746 τοὺς
1505 2714 1732 2751 πολιτευομένους,
1775 2715 1808 2743 τὰ
1842 2717 1882 2741 νῦν

1060 2761 1120 2787 θεῖα
1149 2759 1292 2798 μυστήρια,
1316 2758 1442 2789 ἀντίτυπα
1469 2759 1540 2787 εἶναι
1569 2759 1696 2797 μειζόνων
1724 2759 1879 2798 μυστηρίων.

1064 2805 1112 2833 Καὶ
1153 2803 1232 2832 πάλιν
1274 2803 1302 2831 ἓν
1342 2806 1381 2841 τῷ
1422 2804 1483 2844 Περὶ
1524 2803 1692 2836 ἀναστάσεως
1709 2812 1715 2818 ·
1763 2803 1881 2835 M51111}-

1064 2849 1167 2886 ψόμεθα
1188 2848 1233 2877 τοῦ
1260 2848 1369 2889 Πάσχα,
1398 2849 1473 2889 φησὶ²
1497 2852 1540 2878 νῦν
1563 2848 1611 2886 μὲν
1639 2851 1767 2885 τυπικῶς,
1791 2848 1828 2876 ἔτι
1848 2847 1880 2877 εἰς
