1929 3079
192 150 253 184 383
762 151 936 184 (ECUMEN
940 152 968 183 II
991 152 1138 184 TRICC/E
1160 152 1326 185 EPISGOPI
1835 151 1895 184 384

195 218 250 250 sub
265 221 524 252 consummatione
552 220 740 250 saeculorum.
775 231 786 246 δ
814 218 877 250 Hoc
892 222 948 257 est,
965 217 1011 249 sul

1096 230 1142 247 ιται
1159 226 1166 234 '
1193 219 1374 260 πεφανέρωται
1391 219 1418 248 δὲ
1435 221 1470 252 εἰς
1491 222 1522 248 τὸ
1537 220 1663 256 ἀθετῆσαι
1680 221 1722 249 καὶ
1736 219 1830 248 σϐέσαι
1846 219 1899 252 τὴν

193 263 288 303 ipsam
303 265 532 305 completionem
549 264 725 295 smculorum
751 268 780 294 et
804 263 858 294 sub
871 263 967 304 ipsum
984 263 1011 293 fi-

1096 264 1189 302 αρτίαν
1210 267 1256 292 τοῦ
1270 264 1371 302 κόσμου
1392 264 1434 293 διὰ
1463 267 1513 298 τῆς
1534 266 1623 297 θυσίας
1654 266 1748 304 αὒτοῦ,
1781 265 1815 298 ἦν
1832 264 1899 302 ὑπὲρ

194 317 275 338 nem.
288 307 325 339 Et
340 318 392 348 per
404 309 587 350 hyperbaton
596 308 786 348 jungendum
800 312 854 342 est.
865 308 1009 348 Apparuit

1096 311 1138 336 ,ὧν
1159 309 1336 348 προσήνεγκε.
1363 320 1376 336 c
1395 309 1444 337 Διὰ
1467 312 1515 343 τῆς
1542 309 1631 342 θυσίας
1653 309 1839 350 πεφανέρωται
1855 318 1863 325 ”
1883 320 1897 335 ιι

192 352 338 392 Apparuit
353 357 453 384 autem
470 357 501 384 ut
516 353 688 393 prodigeret
699 356 728 383 et
738 352 940 391 exstingueret
954 361 1008 392 pec

1096 352 1179 380 υτέστι
1193 353 1260 391 μετὰ
1274 355 1324 387 τῆς
1347 354 1443 393 σαρκὸς
1466 353 1493 381 ἒν
1507 357 1546 391 τῷ
1560 354 1666 392 κόσμῳ,
1686 364 1700 383 (
1717 355 1767 383 Καὶ
1780 353 1900 381 καθόσον

194 401 292 427 catum
317 397 420 428 mundi
432 405 486 437 per
496 397 647 427 victimam
660 406 755 427 suam.
769 406 856 436 quam
869 406 922 437 pro
937 396 1011 427 nobi:

1096 397 1201 425 εόκειται
1223 397 1284 430 τοῖς
1313 398 1469 437 ἀνθρώποις.
1489 409 1501 426 1
1547 398 1630 435 Απαῖς1
1657 399 1732 438 φησὶ,
1762 398 1812 432 τὴν
1845 397 1899 425 ἆν-

195 440 312 472 obtulit.
331 453 342 466 ι·
365 442 421 472 Per
439 441 586 472 victimam
603 450 686 472 suam
701 441 847 481 apparuit,
865 454 874 469 ι
893 442 948 472 hoc
964 445 1008 471 est

1096 441 1220 474 ωπότητα
1245 445 1332 470 πᾶσαν
1353 443 1437 482 ὲχρῆν
1462 442 1616 472 ἀποθανεῖν.
1646 446 1728 472 Τοῦτο
1757 443 1787 470 τὸ
1823 440 1900 474 ἅπαξ

194 493 260 515 eum
275 493 365 514 carne
377 485 536 516 inmundo.
547 498 559 513 α
573 485 609 516 Et
619 489 765 526 quatenus
778 485 847 516 illud
860 485 1011 516 homines:

1099 486 1125 525 ὶρ
1140 487 1218 523 ἡμῶν
1240 486 1366 514 ἀπέθανεν
1382 488 1395 514 ὁ
1423 487 1546 526 Χριστός,
1580 482 1667 515 ’Ὥστε
1694 487 1739 515 καὶ
1768 487 1899 520 ἀποθνή-

194 528 305 565 Semel,
321 529 428 569 inquit,
447 539 537 560 omne
565 539 660 569 genus
689 530 852 561 humanum
867 530 1009 570 oporteba

1096 541 1169 562 οντες
1192 534 1245 570 νῦν,
1268 530 1298 559 οὗ
1325 531 1488 570 κρατούμεθα
1517 531 1570 559 ἀπὸ
1595 535 1640 559 τοῦ
1667 532 1789 567 θανάτου,
1813 531 1830 559 ὃ

195 573 273 603 mori
287 582 293 603 :
319 573 376 604 hoc
392 577 423 603 ut
436 575 528 605 semel
546 575 641 607 fieret,
661 584 712 614 pro
728 575 815 605 nobis
830 579 962 606 mortuus
978 585 1009 606 es

1096 575 1179 612 νέμει,
1197 574 1254 604 οὔδε
1279 575 1422 603 ἀποθανεῖν
1452 575 1518 605 ἔστι.
1552 586 1564 604 α
1582 576 1672 608 Οὕτως
1694 577 1738 604 καὶ
1773 577 1787 604 ὁ
1819 579 1895 615 Χρι-

195 617 344 650 Christus.
360 618 445 649 Nunc
461 619 560 659 itaque
588 619 676 650 etiam
702 619 726 649 si
756 620 930 657 moriamur,
961 629 1011 650 nor

1096 620 1134 650 ός,
1165 631 1176 647 ι)
1204 618 1311 653 Ἐπειδὴ
1334 619 1469 659 ἅνθρωπος
1493 621 1525 654 ἧν
1555 621 1621 658 μετὰ
1642 624 1689 648 τοῦ
1710 620 1781 648 εἶναι
1811 621 1895 656 Θεὸς,

194 662 364 693 detinemur
380 671 395 692 a
416 666 510 693 morte
528 673 534 694 :
564 663 624 694 imo
655 664 685 693 in
711 663 818 694 virtute
834 665 890 694 hoc
903 674 963 694 non
977 673 1008 694 es

1096 665 1214 703 ὶαῦτὸς,
1246 665 1321 703 φησὶ,
1348 665 1378 691 τὸ
1406 665 1494 692 κοινὸν
1523 668 1574 693 τῶν
1610 665 1753 704 ἀνθρώπων
1775 664 1896 702 ὑπέμει-

196 706 282 736 mori.
303 719 315 734 ιι
335 708 376 738 [ta
392 711 420 737 et
448 708 594 739 Christus.
626 720 639 735 ι»
670 708 815 744 Quoniam
841 708 928 739 homo
945 714 1011 739 erat

1096 720 1113 739 θ,
1139 703 1247 747 ’λὶς-περ
1278 709 1326 747 γὰρ
1358 710 1380 736 οἳ
1409 708 1538 748 ἅνθρωποι
1568 708 1636 741 ἅπαξ
1666 709 1895 746 ἀποθνήσκουσιν,

193 760 363 791 quanquam
381 752 470 782 simul
488 756 565 782 esset
579 752 668 792 Deus,
686 752 772 782 etiam
790 752 853 792 ipse
868 753 946 792 quod
963 754 1011 783 ho-

1096 764 1142 784 τως
1171 754 1215 780 καὶ
1245 754 1257 781 ὁ
1287 754 1414 792 Χριστὸς,
1459 753 1528 786 ἅπαξ
1569 754 1766 793 προσενεχθεὶς,
1812 754 1897 784 αὐτὸς

197 795 327 826 minibus
343 805 501 826 commune
518 801 582 827 erat
597 796 747 827 sustinuit.
762 797 1011 832 Quemadmodum

1096 800 1149 826 κον
1178 798 1366 837 προσενέγκας.
1401 798 1436 827 Οὔ
1464 799 1513 837 γάρ
1545 799 1599 827 ἐστι
1629 799 1708 836 μόνον
1736 799 1894 838 ἀρχιερεὺς,

193 839 273 870 enim
289 840 426 870 homines
450 841 542 871 semel
575 842 751 877 moriuntur,
777 842 817 870 ita
845 845 872 871 et
888 842 1011 872 Christus

1096 842 1128 870 λὰ
1156 844 1198 870 καὶ
1230 845 1307 880 θῦμα,
1338 843 1502 882 Ἐνενεγκεῖν
1539 844 1678 882 ἁμαρτίας.
1701 855 1712 872 o
1743 842 1895 881 Ἀνῆνεγκε

193 885 287 915 semel
298 885 499 926 oblatus,ipse
509 885 642 926 seipsum
657 886 776 916 obtulit.
789 887 1011 926 59ttSiquiden

1096 899 1107 919 ς
1136 888 1262 926 ἁμαρτίας
1293 888 1344 915 τῶν
1374 888 1516 927 ἀνθρώπιον
1545 892 1583 925 τῷ
1610 889 1703 927 Πατρὶ,
1729 888 1775 916 ἵνα
1811 889 1894 919 αὐτὸς

195 938 253 959 non
269 933 383 960 tantum
401 930 658 970 estpontifex,sed
669 937 696 960 et
708 931 835 962 victima.
861 944 874 959 α
901 931 1011 961 Perfer-

1096 933 1225 971 γχωρ-ιςσῃ
1248 932 1290 960 καὶ
1317 931 1441 969 ἐξαλείψῃ
1464 933 1553 964 αὒτάς.
1573 933 1620 960 Διὰ
1635 933 1659 960 τί
1680 932 1707 960 δὲ
1723 934 1796 969 εἶπε,
1823 932 1895 961 Πολ-

194 977 240 1004 ret
253 979 382 1014 peccata.
399 987 412 1002 ι
429 974 555 1005 Pertulit
570 985 603 1005 ac
621 976 720 1005 retulit
732 976 885 1006 hominum
902 980 1011 1016 peccat:

1096 987 1126 1013 ιν,
1142 978 1186 1004 καὶ
1202 977 1251 1013 μὴ,
1274 977 1406 1016 Πάντων,
1435 972 1498 1005 "Ott
1526 978 1564 1014 μὴ
1595 977 1690 1008 πάντες
1720 977 1892 1007 ἐπίστευσαν.

1061 720 1113 739 νεν,

192 1018 284 1056 Patri,
297 1024 328 1049 ut
340 1019 391 1050 ille
402 1019 595 1053 condonaret.
605 1021 727 1060 ipsaque
737 1020 1019 1056 deleret.Quamob-

192 1072 256 1093 rem
286 1073 356 1094 vero
386 1064 469 1101 dixit,
496 1065 667 1102 Multorum,
697 1069 726 1095 et
752 1075 824 1101 non,
855 1064 1019 1097 Omnium?

194 1107 268 1144 Quia
281 1118 340 1139 non
353 1118 458 1140 omnes
469 1109 663 1140 crediderunt
677 1121 684 1150 ;
704 1119 808 1141 eorum
825 1119 953 1151 namque
968 1112 1019 1150 qui

194 1153 320 1184 credunt
330 1153 426 1184 aufert
440 1158 572 1194 peccata.
591 1156 724 1185 Mortuus
736 1153 813 1185 enim
826 1158 1018 1187 estutomnes

193 1198 289 1228 salvos
300 1198 422 1235 faceret,
436 1199 513 1239 quod
524 1199 559 1229 ad
573 1199 670 1239 ipsum
679 1199 817 1239 pertinet,
831 1208 932 1229 verum
945 1209 1015 1240 pec-

193 1247 256 1272 cata
271 1242 342 1272 solis
355 1243 480 1273 remittit
495 1243 698 1274 credentibus.
715 1243 784 1279 Aut,
805 1243 843 1275 Ut
859 1243 1016 1275 multorum

194 1286 340 1325 perferret
354 1291 474 1327 peccata
485 1287 514 1317 in
531 1296 619 1318 cruce
632 1287 705 1318 dicit
718 1296 725 1324 ;
737 1291 768 1317 ut
778 1287 842 1327 ipsa
854 1287 941 1317 etiam
953 1296 1017 1318 exs-

192 1330 351 1370 tingueret,
368 1331 443 1362 daus
455 1341 556 1371 poenas
570 1341 621 1372 pro
634 1331 717 1372 ipsis.
745 1344 757 1359 ε
781 1331 893 1362 Rursus
904 1331 1017 1372 absque

193 1380 327 1415 peccato.
348 1388 359 1405 »
377 1377 434 1407 Aut
448 1376 504 1407 hoc
516 1377 587 1407 dicit
598 1376 676 1417 quod
688 1375 877 1408 Uubirursus
888 1376 1014 1417 venerit,

192 1429 252 1450 non
271 1420 349 1451 venit
365 1425 397 1452 ut
411 1421 518 1452 iterum
537 1421 643 1452 debeat
673 1431 725 1461 pro
756 1420 885 1460 peccatis
913 1421 1015 1452 vestris

193 1464 280 1502 mori,
293 1469 342 1495 aut
356 1466 445 1505 quod,
459 1475 516 1496 non
541 1466 667 1506 amplius
690 1465 827 1496 liberabit
845 1474 895 1495 vos
917 1470 984 1496 tunc
999 1476 1016 1496 a

192 1509 334 1547 peccatis,
353 1510 430 1540 sicut
443 1510 507 1550 ipsa
525 1520 602 1541 nunc
631 1510 725 1541 aufert
743 1521 749 1540 :
782 1514 831 1540 aut
856 1509 934 1549 quod
951 1509 1015 1541 Non

1061 1024 1118 1050 Τῶν
1160 1022 1208 1060 γὰρ
1251 1023 1426 1050 πιστευόντων
1468 1022 1621 1062 ἀφαιρεῖται
1663 1023 1709 1053 τὰς
1745 1023 1892 1061 ἁμαρτίας.

1061 1064 1187 1094 Ἀπέθανε
1202 1067 1262 1105 γὰρ,
1280 1067 1315 1098 εἷς
1342 1067 1372 1094 τὸ
1391 1067 1490 1098 πάντας
1521 1069 1616 1106 σῶσαι,
1645 1067 1675 1094 τό
1703 1078 1734 1105 γε
1762 1067 1830 1100 ἧκον
1855 1068 1892 1098 εἰς

1060 1110 1148 1148 αὐτὸν,
1166 1111 1213 1142 τὰς
1230 1109 1256 1138 δὲ
1278 1111 1405 1150 ἁμαρτίας
1431 1111 1523 1150 ἀφίησι
1549 1118 1607 1142 τοῖς
1643 1118 1753 1142 πιστοῖς
1781 1111 1890 1148 μόνοις.

1070 1157 1092 1181 Η
1123 1155 1165 1194 τὸ,
1196 1156 1240 1186 Εἷς
1262 1156 1292 1183 τὸ
1321 1155 1426 1183 πολλῶν
1448 1155 1599 1194 ἀνενεγκεῖν
1621 1156 1762 1195 ἁμαγτίας,
1793 1157 1822 1184 ἒν
1853 1158 1891 1192 τῷ

1059 1202 1173 1238 σταυρῷ1
1210 1200 1302 1239 φησὶν,
1336 1200 1383 1228 ’ἕνα
1417 1200 1496 1232 αὐτὰς
1525 1200 1569 1227 καὶ
1596 1199 1691 1238 σϐέσῃ,
1720 1199 1804 1231 διδοὺς
1839 1200 1889 1233 τὴν

1058 1243 1122 1282 ὑπὲρ
1135 1244 1220 1271 αὖτῶν
1235 1243 1321 1277 δίκην.
1351 1255 1362 1272 l
1390 1243 1438 1273 Ἐκ
1451 1243 1570 1284 δευτέρου
1597 1245 1680 1284 χωρὶς
1710 1245 1856 1284 ἁμαρτίας,
1874 1256 1888 1271 ι

1068 1291 1090 1316 Η
1125 1292 1203 1317 τοῦτο
1231 1288 1313 1327 λέγει1
1344 1289 1383 1317 ὅτι
1413 1288 1461 1318 Ἐκ
1485 1288 1603 1328 δευτέρου
1638 1289 1797 1329 ἐρχόμενος,
1838 1289 1891 1328 οὔχ

1061 1331 1113 1366 ἥξει
1135 1333 1215 1361 πάλιν
1244 1333 1285 1362 διὰ
1306 1334 1353 1365 τὰς
1381 1334 1454 1371 ὑμῶν
1489 1333 1618 1373 ἁμαρτίας
1647 1333 1758 1374 ὀφείλων
1783 1334 1892 1362 ἀποθα-

1057 1384 1112 1405 νεῖν
1129 1387 1134 1396 ·
1164 1378 1195 1415 ἢ,
1224 1377 1264 1406 ὅτι
1293 1378 1384 1407 Οὐκέτι
1419 1379 1522 1417 ῥύσεται
1564 1379 1630 1415 ὑμᾶς
1662 1378 1720 1406 τότε
1750 1379 1893 1417 ἁμαρτιῶν

1057 1422 1145 1461 ὥσπερ
1161 1423 1203 1449 καὶ
1219 1426 1262 1450 νῦν
1283 1423 1400 1462 ἀφαιρῶν
1427 1423 1505 1454 αὐτάς
1523 1432 1530 1438 ·
1554 1422 1583 1461 ἢ,
1601 1422 1640 1450 ὅί
1662 1424 1719 1462 Οὐχ
1734 1423 1890 1462 ἁμαρτήσει

1056 1465 1174 1501 κολάζων
1201 1467 1260 1498 τοὺς
1286 1467 1381 1498 αἰτίους
1407 1468 1450 1495 καὶ
1478 1468 1601 1508 ἐνόχους,
1630 1467 1673 1495 διὰ
1693 1469 1723 1496 τὸ
1760 1478 1887 1506 σταυρω-

1057 1512 1133 1543 θῆναι
1166 1511 1229 1549 ὑπὲρ
1257 1512 1346 1548 ἡμῶν.
1378 1511 1541 1551 [OIKOI‘M.]
1580 1517 1632 1542 Νῦν
1667 1513 1717 1551 γὰρ
1753 1512 1887 1551 ἁμαρτίαν

194 1553 338 1593 peccabit,
352 1564 422 1585 reos
433 1559 461 1585 et
469 1555 598 1594 peccatis
605 1555 747 1585 obnoxios
753 1554 929 1594 puniens,e0
937 1555 1011 1594 quod

1096 1556 1171 1589 ιῆσας
1188 1556 1292 1583 αὖτονὸ
1309 1557 1399 1591 Πατὴρ
1428 1555 1542 1594 ἔπεμψε.
1575 1558 1623 1585 Καὶ
1649 1557 1698 1596 γὰρ
1725 1557 1757 1591 ἦν
1785 1556 1889 1596 σφόδρα

193 1607 245 1635 ιιι-ο
256 1598 342 1630 nobis
355 1600 513 1631 cruciﬁxus
525 1600 572 1630 sit.
589 1618 614 1623 -—
649 1601 734 1631 Nunc
747 1599 826 1630 enim
839 1600 923 1628 Pater
938 1599 1017 1629 misit

190 1641 288 1682 ipsum
296 1643 403 1674 factum
413 1644 699 1684 peccatum.Etenim
710 1644 845 1675 Christus
855 1643 1015 1674 vehemen-

191 1690 239 1717 ter
250 1692 386 1727 peccator
399 1694 471 1726 eral,
486 1689 576 1729 utqui
597 1689 687 1720 totius
708 1689 808 1719 mundi
832 1692 950 1727 peccata
965 1698 1016 1718 ns-

191 1738 369 1772 sumpserat,
383 1734 499 1774 sibique
513 1734 632 1773 propria
656 1734 787 1764 fecerat:
805 1733 856 1763 sed
875 1732 948 1763 datis
964 1742 1017 1773 per

192 1786 310 1807 crucem
328 1778 423 1818 poenis
438 1788 503 1818 qua;
519 1778 605 1808 nobis
631 1778 837 1818 peccatoribus
853 1778 1016 1808 convertie-

191 1820 260 1852 bant
270 1831 303 1852 ac
315 1822 512 1860 debebantur,
530 1823 717 1863 postmodum
731 1832 798 1853 cum
812 1824 935 1853 l'aterna
948 1832 1015 1854 ven-

190 1869 272 1897 turus
289 1871 334 1899 est
348 1868 451 1907 gloria,
470 1878 527 1898 non
544 1868 601 1906 jam
619 1874 756 1908 tanquam
766 1872 902 1908 peccator
911 1874 1014 1901 etcum

191 1909 302 1951 iniquis
318 1917 482 1952 reputatus.
508 1911 591 1948 Quod
625 1912 702 1942 enim
727 1913 861 1944 Christus
878 1919 1016 1954 peccator

189 1954 290 1993 fuerit,
306 1957 395 1988 audi:
413 1957 487 1988 Eum
504 1957 554 1998 qui
572 1960 725 1997 peccatum
742 1966 801 1987 non
817 1963 949 1995 noverat,
965 1959 1014 1990 in-

189 2000 263 2039 quit,
295 2011 348 2041 pro
377 2001 463 2032 nobis
491 2006 644 2042 peccatum
673 2001 752 2038 fecit,
785 2006 921 2042 tanquam
952 2014 1014 2034 rem

189 2043 282 2084 ipsam
299 2055 365 2086 quae
381 2051 534 2086 peccatum
551 2051 605 2077 est.

229 2089 265 2130 X,
284 2091 349 2122 1-4.
366 2091 446 2122 Nam
471 2091 520 2122 lem
544 2091 683 2122 umbram
709 2092 824 2123 habens
837 2093 1011 2131 futurorum

191 2134 350 2176 bonorum,
368 2145 425 2167 non
441 2137 538 2175 ipsum
549 2137 715 2177 imaginem
730 2137 1012 2176 rerum,hishostiis

187 2187 264 2219 quas
278 2180 406 2220 singulis
419 2182 510 2212 annis
530 2180 646 2212 easdem
662 2182 853 2212 continenter
868 2183 1010 2221 offerunt.

1058 1599 1214 1639 ἁμαρτωλὸς
1251 1601 1264 1628 ὁ
1292 1601 1414 1639 Χριστὸς,
1445 1601 1482 1632 ὡς
1506 1601 1552 1633 τὰς
1580 1605 1626 1629 τοῦ
1654 1602 1753 1632 παντὸς
1782 1601 1889 1639 κόσμου

1058 1643 1195 1672 ἀναλαϐὼν
1224 1645 1268 1672 καὶ
1304 1645 1507 1682 οἰκειωσάμενος
1541 1646 1680 1685 ἁμαρτίας,
1717 1644 1800 1673 Ἀλλὰ
1841 1646 1890 1679 τὴν

1057 1690 1124 1726 ἡμῖν
1140 1696 1197 1721 τοῖς
1227 1689 1397 1729 ἁμαρτωλοῖς
1426 1691 1610 1730 προσήκουσαν
1636 1692 1680 1719 καὶ
1707 1690 1889 1729 ὀφειλομένην

1058 1732 1130 1766 δίκην
1153 1732 1237 1766 διδοὺς
1266 1733 1307 1761 διὰ
1333 1739 1378 1763 τοῦ
1394 1739 1514 1773 σταυροῦ,
1544 1734 1636 1762 λοιπὸν
1654 1735 1733 1772 ιμετὰ
1753 1736 1802 1767 τῆς
1836 1738 1889 1762 Πα-

1056 1780 1140 1818 τρῴατ
1174 1778 1226 1812 ἥξει
1247 1779 1335 1814 δόξης,
1367 1779 1451 1808 οὗκέτι
1480 1781 1516 1812 ὼς
1544 1781 1701 1820 ἁμαρτωλὸς
1736 1781 1780 1808 καὶ
1817 1781 1888 1818 μετὰ

1057 1824 1163 1861 ἀνόμων
1202 1823 1454 1863 καταλογιζόμενος.
1497 1821 1564 1853 “Οτι
1600 1825 1648 1864 γὰρ
1677 1824 1837 1863 ἁμαρτωλὸς
1874 1826 1887 1852 ὁ

1058 1869 1179 1907 Χριστὸς,
1204 1866 1293 1897 ἄκουε.
1318 1869 1368 1896 Τὸν
1394 1869 1443 1908 γὰρ
1471 1870 1510 1906 μὴ
1540 1870 1646 1908 γνόντα,
1677 1870 1768 1909 φησὶν,
1792 1870 1884 1909 ἆμαρ-

1057 1913 1124 1952 τίαν,
1141 1913 1204 1952 ὑπὲρ
1228 1914 1304 1950 ἡμῶν
1330 1913 1457 1953 ἁμαρτίαν
1485 1913 1618 1951 ἐποίησεν,
1643 1916 1700 1942 οἷον
1723 1914 1886 1954 αὐτόχρημα

1057 1957 1196 1996 ἁμαρτίαν.

1144 2047 1162 2055 ε

1097 2104 1109 2118 α
1140 2091 1221 2119 Σκιὰν
1249 2092 1297 2130 γὰρ
1326 2091 1396 2131 ἔχων
1425 2093 1438 2119 ὁ
1467 2092 1548 2129 νόμος
1562 2095 1615 2120 τῶν
1631 2091 1783 2130 μελλόντων
1812 2094 1883 2133 αγα-

1054 2137 1117 2175 θῶν,
1147 2136 1193 2164 οὐκ
1222 2135 1304 2168 αὐτὴν
1330 2136 1379 2169 τὴν
1407 2136 1495 2164 εὶκόνα
1530 2139 1582 2164 τῶν
1616 2137 1792 2176 πραγμάτων,
1823 2137 1883 2167 κατ’

1054 2180 1171 2208 ἐνιαυτὸν
1213 2186 1273 2212 ταῖς
1327 2181 1421 2212 αὐταῖς
1468 2181 1568 2213 θυσίαις
1618 2182 1649 2213 ἃς
1690 2182 1880 2222 προσφέρουσιν

187 2233 345 2265 nunquam
366 2228 464 2266 potest
487 2225 661 2257 accedentes
688 2226 839 2265 perfectos
875 2227 1010 2259 reddere.

1117 2225 1147 2252 τὸ
1177 2224 1308 2262 διηνεκές,
1345 2224 1467 2253 οὐδέποτε
1503 2224 1623 2254 δύνανται
1661 2227 1722 2258 τοὺς
1766 2238 1882 2267 προσερ-

185 2268 306 2308 Alioqui
319 2279 421 2301 nonne
440 2271 597 2302 desiissent
622 2269 727 2310 offerri
755 2274 916 2310 propterea
931 2273 1013 2312 quod

188 2314 251 2352 iam
267 2314 386 2346 nullam
401 2314 579 2346 habuissent
595 2317 809 2346 conscientiam
823 2320 1012 2354 peccatorum

186 2360 239 2397 qui
249 2359 471 2399 sacriﬁcassent
485 2367 519 2390 ac
531 2361 623 2390 semet
631 2360 761 2400 purgati
776 2359 898 2390 essent?
917 2361 1013 2401 Atqui

185 2406 218 2433 in
233 2404 301 2435 istis
315 2405 557 2435 commemoratio
580 2404 615 2444 ﬁt
632 2407 827 2445 peccatorum
844 2407 1012 2444 quotannis

182 2447 251 2479 Non
266 2451 347 2480 enim
361 2452 457 2489 potest
471 2450 599 2490 sanguis
625 2453 786 2481 taurorum
809 2452 840 2479 et
854 2448 1010 2481 hircorum

188 2494 310 2533 auferre
323 2498 458 2534 peccata.

231 2551 241 2566 ι
258 2537 399 2570 Umbram
414 2538 527 2569 habens
539 2539 594 2569 lex.
613 2551 624 2566 η
646 2538 759 2578 Typum
776 2537 918 2568 duntaxat
930 2538 1011 2570 futti-

184 2591 284 2614 rorum
306 2583 463 2621 bonorum,
482 2583 548 2614 novi
563 2583 703 2614 videlicet
726 2584 904 2613 testamenti.
925 2582 1012 2614 Potes

184 2631 212 2658 et
227 2627 283 2659 hoc
300 2627 388 2658 modo
406 2627 588 2667 intelligere.
606 2630 629 2659 A
648 2628 714 2658 divo
732 2627 1010 2668 GregorioinApo-

179 2672 310 2712 togetico
326 2672 390 2703 etin
399 2673 732 2704 Orationead'subdilos
748 2672 826 2702 dicta
834 2676 1013 2712 sunteaquae

185 2726 264 2748 nunc
280 2720 407 2757 aguntur
423 2727 456 2748 ac
473 2722 636 2749 tractantur
652 2717 804 2758 mysteria,
832 2717 1014 2757 exemplaria

186 2771 251 2793 esse
267 2762 412 2803 majorum
427 2763 493 2794 591
523 2763 745 2803 mysteriorum.
777 2763 966 2801 Rursumque
983 2761 1013 2792 in

186 2806 263 2838 libro
274 2808 317 2839 De
329 2802 574 2839 resurrectione:
592 2802 769 2847 Barticipes,
788 2806 896 2847 inquit,
913 2815 1015 2836 sumus

191 2851 314 2885 Pascha
329 2861 335 2884 :
353 2862 432 2884 nunc
445 2852 565 2894 quidem
581 2852 677 2884 adhuc
700 2851 809 2892 typice,
825 2850 1015 2891 postmodum

1055 2268 1184 2310 χομένοξς
1199 2268 1349 2299 τελειῶσαι.
1367 2267 1441 2298 Ἐπεὶ
1457 2270 1503 2298 οὐκ
1517 2269 1548 2298 ἂν
1563 2270 1710 2299 ἐπαύσαντο
1731 2273 1882 2311 προσφερό-

1054 2325 1131 2351 μεναι
1145 2313 1187 2342 διὰ
1214 2314 1244 2342 τὸ
1267 2313 1397 2352 μηδεμίαν
1419 2313 1496 2353 ἔχειν
1518 2313 1555 2342 ἔτι
1585 2314 1730 2349 συνείδησιν
1746 2317 1884 2356 ἁμαρτιῶν

1053 2359 1113 2390 τοὺς
1128 2358 1299 2397 λατρεύοντας
1321 2357 1390 2390 ἅπαξ
1404 2359 1613 2397 κεκαθαρμένους
1631 2369 1639 2396 ς
1656 2358 1730 2388 Ἀλλ’
1744 2361 1771 2388 ὲν
1787 2362 1882 2392 αὐταῖς

1054 2403 1199 2442 ἂνάμνησις
1242 2403 1389 2442 ἁμαρτιῶν,
1443 2402 1503 2431 κατ’
1551 2404 1682 2433 ἐνιαυτόν.
1739 2403 1883 2434 Ἀδύνατον

1052 2448 1102 2487 γὰρ
1149 2450 1218 2485 αἷμα
1264 2447 1363 2487 ταύρων
1406 2448 1450 2475 καὶ
1489 2448 1592 2487 τράγων
1628 2449 1750 2488 ἀφαιρεῖν
1794 2450 1881 2490 ἁμαρ-

1052 2504 1120 2525 τιας.
1140 2507 1150 2519 ι

1096 2548 1107 2565 α
1137 2537 1218 2564 Σκιᾰν
1247 2537 1296 2576 γὰρ
1327 2535 1399 2577 ἔχων
1421 2537 1435 2564 ὃ
1456 2537 1549 2575 νόμος,
1583 2549 1595 2566 ι)
1629 2538 1714 2567 Τόπον
1729 2538 1813 2575 μόνον
1828 2541 1881 2566 τῶν

1053 2581 1203 2620 μελλόντων
1236 2581 1351 2620 ἀγαθῶν,
1388 2583 1436 2615 τῆς
1478 2581 1537 2613 νέας
1582 2581 1709 2618 διαθήκης
1742 2581 1879 2615 δηλονότι.

1056 2627 1125 2665 Adv“
1154 2627 1197 2654 καὶ
1226 2625 1308 2658 οῧτως
1350 2628 1456 2658 νοῆσαι,
1498 2643 1534 2648 -
1569 2625 1731 2667 [ΟΙΚΟΥΜ,]
1767 2627 1880 2667 Εἴρηται

1053 2675 1091 2708 τῷ
1133 2670 1160 2698 ἐν
1202 2671 1283 2709 ἁγίοις
1326 2670 1461 2709 Γρηγορίιμ
1515 2670 1542 2698 ἐν
1583 2671 1621 2708 τῷ
1663 2670 1878 2712 Ἀπολογητικῷ,

1054 2717 1097 2744 καὶ
1139 2715 1165 2742 ἐν
1207 2719 1245 2752 τῷ
1289 2716 1354 2754 Πρὸς
1398 2716 1457 2747 τοὺς
1499 2715 1726 2753 πολιτευομένους,
1770 2717 1803 2744 τὰ
1838 2721 1881 2745 νῦν

1054 2763 1114 2789 θεῖα
1143 2761 1285 2800 μυστήρια,
1309 2760 1435 2791 ἀντίτυπα
1463 2761 1533 2788 εἶναι
1563 2761 1689 2798 μειζόνων
1718 2761 1879 2800 μυστηρίων,

1058 2806 1106 2834 Καὶ
1147 2805 1226 2833 πάλιν
1267 2805 1295 2833 ἒν
1335 2807 1374 2842 τῷ
1415 2805 1477 2845 Περὶ
1518 2805 1685 2837 ἀναστάσεως
1703 2814 1709 2819 ·
1757 2805 1881 2839 Μεταλη-

1057 2850 1161 2888 ᾠόμεθα
1181 2850 1226 2878 τοῦ
1253 2850 1362 2889 Πάσχα,
1392 2850 1467 2890 φησὶ,
1490 2854 1534 2879 νῦν
1557 2849 1605 2887 μὲν
1633 2853 1761 2886 τυπικῶς,
1785 2849 1824 2878 ἔτι
1846 2852 1880 2882 εἷς
