1929 3079
215 120 272 154 387

521 190 640 222 CAPUT
662 190 738 222 XIII.

214 238 430 269 Testimonium
445 238 481 269 de
500 239 567 269 sola
588 238 798 276 puriﬁcatione
812 242 839 270 et
854 248 975 272 accessu
993 243 1034 273 ad

600 287 678 308 eum.

253 325 376 362 Χ,5-ΙΟ,
389 325 578 365 Quapropter
589 325 760 364 ingrediens
770 328 921 358 mundum
938 328 1011 360 dicit
1024 338 1031 360 :

209 370 405 410 Sacriﬁcium
419 373 446 400 et
460 369 641 400 oblationem
660 369 794 407 noluisti,
813 380 921 412 corpus
932 376 1033 404 autem

210 415 324 454 optasti
328 414 405 445 mihi
409 413 667 445 .Holocautomata
674 419 703 445 et
713 424 769 453 pro
773 421 895 455 peccato
901 425 962 448 non
968 418 1033 457 pla-

209 462 340 490 cuerunt
351 458 404 490 tibi
416 467 424 488 :
433 462 506 489 tunc
512 457 673 489 dixi:Ecce
680 459 790 490 adsum
807 460 845 491 In
852 463 951 501 capite
959 462 1032 493 libri

209 504 353 543 scriptum
374 506 415 534 est
434 502 470 533 dc
480 512 525 532 me
542 506 575 533 ut
594 503 718 543 faciam,
741 504 828 540 Deus,
846 506 1031 538 voluntatem

210 547 460 587 tuam.Supert'us
470 556 536 578 cum
545 548 621 578 dicit
635 556 644 578 :
658 548 846 588 Sacriﬁcium
856 554 885 580 et
898 551 1030 582 oblatio-

207 600 275 622 nem
286 592 561 622 etholocautomuta
568 596 595 622 et
604 601 661 631 pro
668 597 787 632 peccato
796 594 1031 636 noluisti,neque

205 637 389 676 placuerunt
399 636 455 666 ιιὺί
471 637 633 676 quwjuxta
645 636 741 677 legem
754 638 927 678 offeruntur
934 651 946 676 ;
958 645 1030 672 tunc

206 682 300 713 dixit:
323 681 398 711 Ecce
417 681 524 711 adsum
544 685 577 712 ut
597 682 720 720 faciam,
740 683 830 720 Deus,
845 684 1029 716 voluntatem

207 729 303 757 tuam.
318 725 406 756 Tollit
423 726 510 764 prius
527 729 559 756 ut
572 729 721 765 posterius
733 731 858 764 statuat;
867 737 922 768 per
939 738 1031 769 quam

204 771 386 802 voluntatem
392 771 747 810 sanctiﬁca/zsumus,qui
754 772 838 802 illam
843 782 901 812 per
907 773 1031 805 oblatio-

205 824 271 846 nem
277 815 412 854 corporis
420 813 436 844 ,Ι
438 823 488 845 esu
494 815 583 845 semel
588 824 623 854 pe
628 820 746 846 rectam
757 818 908 848 consecuti
913 827 1027 849 sumus

245 859 389 897 Christus,
413 859 519 899 inquit,
547 869 672 900 corpore
699 861 842 892 mundum
858 862 1029 901 ingrediens

203 904 275 934 dicit
288 913 340 944 per
351 903 482 934 medium
500 904 602 934 David.
629 904 660 935 Si
683 904 815 943 inutiles,
837 906 943 946 inquit,
961 914 1028 939 sunt

203 949 316 986 hostiae,
333 957 425 988 quare
450 948 570 979 omnino
594 949 713 980 fuerunt
738 950 895 981 institutae?
910 951 1028 988 Quare?

200 993 326 1033 Propter
346 993 541 1033 pervicaciam
564 992 779 1029 Judmorum.el
801 997 870 1026 595
882 997 950 1036 quia
965 997 1026 1028 Deo

200 1047 321 1078 semper
335 1037 478 1068 adversati
493 1038 693 1069 sunt.Deinde
705 1040 835 1070 ostendit
849 1042 925 1080 quod
936 1042 1023 1073 etiam

199 1086 268 1113 ante
282 1082 401 1113 Domini
418 1082 652 1113 incarnationem
669 1083 736 1114 odio
756 1083 863 1115 habitae
887 1086 1024 1118 fuerinta

197 1126 384 1166 Deo.Neque
393 1126 472 1157 enim
489 1126 735 1167 dixit,Ingressus
752 1130 779 1158 in
798 1130 1021 1169 mundum,sed,

196 1171 369 1211 Ingrediens
382 1181 390 1201 :
404 1171 589 1202 ostendendo
600 1171 679 1212 quod
691 1172 863 1213 priusquam
874 1173 1024 1214 ingressus

198 1221 289 1257 esset,
305 1216 374 1247 odio
385 1216 494 1247 habitae
509 1220 603 1247 erant.

235 1262 309 1293 Alio
329 1261 424 1292 modo.
449 1261 622 1301 Ingrediens
637 1262 665 1293 in
683 1263 828 1294 mundum
844 1263 918 1294 dixit
933 1264 1021 1296 Chri-

195 1310 270 1346 stus,
297 1305 349 1336 sed
373 1315 431 1336 non
455 1306 785 1346 ingressus:videlicet
800 1308 1023 1347 ingrediebatur

194 1350 311 1390 quando
330 1349 517 1390 promittebat
528 1350 584 1390 ipsi
597 1351 687 1382 David
700 1355 728 1382 et
738 1352 926 1383 asseverabat
941 1354 1019 1393 quod

195 1395 233 1424 de
243 1394 339 1425 fructu
353 1394 463 1425 ventris
472 1395 516 1425 sui
529 1394 634 1426 sedere
650 1395 761 1426 iaceret
779 1405 869 1436 super
881 1397 1020 1428 thronum

193 1448 280 1469 suum
296 1448 388 1479 usque
399 1438 428 1469 in
439 1439 622 1470 saeculum“.
640 1439 815 1478 Ingrediens
830 1441 918 1480 igitur
931 1451 1018 1473 mun—

192 1483 263 1514 dum
281 1492 333 1523 per
348 1487 434 1523 pacta
449 1483 484 1514 ad
503 1484 592 1515 David
607 1484 693 1524 facta,
709 1484 797 1515 etiam
814 1485 870 1516 hoc
879 1486 951 1517 dicit
967 1497 1020 1527 per

193 1528 331 1560 eumdem
349 1528 438 1559 David
455 1537 461 1559 :
481 1541 492 1556 ιι
506 1528 580 1565 Quia
593 1529 771 1560 sacriﬁcium
788 1533 816 1560 et
835 1529 1015 1562 oblationem

193 1573 313 1604 noluisti
323 1573 383 1614 49,:
396 1582 494 1614 neque
504 1573 680 1613 placuerunt
691 1573 743 1604 tibi
755 1583 820 1614 quae
831 1574 861 1605 in
871 1574 935 1615 lege
948 1585 1018 1615 per-

190 1618 416 1657 agebanturzet
431 1627 489 1648 non
515 1618 598 1655 dixit,
616 1617 681 1648 Non
702 1618 821 1659 placent
844 1629 942 1658 neque
964 1621 1018 1658 vis,

190 1662 499 1702 sed,Noluisti,neque
512 1663 759 1702 placuerunttibi;
773 1667 886 1695 tantum
902 1674 961 1695 non
972 1665 1018 1696 di-

189 1707 329 1738 censzAb
346 1707 410 1744 ipsa
434 1707 552 1738 illarum
582 1707 796 1738 constitutione
823 1713 852 1739 et
875 1709 1020 1750 principio

188 1763 248 1784 non
263 1757 347 1784 erant
359 1754 410 1784 tibi
421 1759 511 1793 gratae
524 1763 622 1794 neque
633 1754 784 1794 placentes
800 1755 913 1786 hostize.
931 1755 1014 1791 Quod

187 1797 212 1828 si
224 1798 295 1838 quid
305 1797 393 1828 etiam
405 1798 510 1828 horum
522 1808 538 1828 τι
549 1802 576 1829 te
588 1804 760 1838 susceptum
769 1803 824 1839 est,
837 1803 957 1839 propter
967 1810 1013 1831 ac-

186 1843 355 1873 cedentium
372 1842 605 1874 imbecillitatem
625 1847 794 1882 susceptum
805 1848 863 1874 est:
876 1845 1012 1884 quando-

186 1888 308 1926 quidem
326 1896 396 1926 ergo
412 1887 475 1917 haec
492 1888 627 1927 repulisti
652 1891 681 1918 et
706 1897 814 1927 corpus
829 1889 936 1928 aptasti
954 1890 1012 1919 mi—

185 1931 227 1971 hi,
241 1936 310 1961 tunc
326 1931 411 1961 venio
427 1935 458 1962 ut
473 1931 579 1962 faciam
608 1932 687 1962 Deus
716 1933 895 1963 voluntatem
923 1937 1013 1965 tuam.

184 1974 256 2006 Nam
271 1979 300 2006 et
315 1976 372 2006 hoc
383 1976 421 2007 de
436 1986 484 2006 me
497 1976 609 2006 dictum
618 1981 737 2017 est,non
750 1982 1015 2018 utcunque,neque

183 2020 213 2050 in
231 2021 467 2058 lranscursu,sed
487 2021 517 2050 in
534 2030 624 2061 scopo
641 2026 670 2052 et
687 2026 862 2060 argumento
880 2021 948 2052 libri
965 2023 1015 2063 qui

182 2065 421 2096 vaticinationem
438 2066 475 2096 de
489 2075 536 2097 me
559 2066 640 2097 facit.
669 2067 792 2098 Librum
816 2070 915 2097 autem
942 2067 1015 2099 dixit

182 2113 276 2140 totum
306 2114 390 2140 vetus
410 2110 656 2141 instrumentum.
682 2110 866 2150 Praecipuum
891 2111 970 2142 enim
985 2118 1014 2144 et

181 2153 388 2192 dignissimum
405 2154 516 2185 veteris
534 2155 722 2186 instrumenti
738 2160 948 2194 argumentum
966 2165 1014 2186 va-

180 2198 282 2229 ticinia
297 2202 366 2229 sunt
389 2199 427 2229 de
447 2199 575 2230 Chrisw.
596 2209 611 2229 ‹
628 2199 815 2231 Sacrificium
832 2204 862 2230 et
878 2199 1007 2231 oblatio-

180 2252 248 2275 nem
267 2244 400 2277 noluisti.
418 2257 429 2273 ι
449 2244 504 2276 Hic
529 2245 650 2275 aﬁ'ertur
674 2244 784 2276 Christi
812 2254 940 2285 persona
960 2246 1008 2277 lo-

179 2297 274 2328 quens
284 2289 320 2320 ad
335 2290 466 2321 Patrem.
486 2289 744 2330 Quandoquidem,
761 2289 896 2330 inquit,o
908 2289 1006 2332 Pater,

179 2333 359 2364 sacriﬁcium
382 2338 411 2365 et
431 2334 612 2365 oblationem
639 2334 773 2371 noluisti,
790 2343 855 2374 quae
870 2334 1009 2367 videlicet

174 2377 645 2419 juxtalegemoﬂ‘eruntur,ne='lue
655 2378 709 2409 fuit
721 2378 774 2409 tibi
785 2378 1005 2419 heneplacitum

177 2422 208 2453 in
219 2423 466 2454 holocautomatis
474 2423 692 2462 legalibus,hoc
702 2428 859 2464 est,neque
865 2424 1006 2455 holocau-

177 2471 290 2500 tomata
300 2468 476 2509 placuerunt
489 2468 641 2500 tibiautea
648 2468 776 2499 voluisti.
793 2480 806 2496 α
817 2467 853 2499 Ει
865 2477 919 2509 pro
934 2478 1006 2508 pec-

175 2517 272 2543 cato.»
288 2513 349 2544 Hoc
361 2513 533 2549 est,oblatio
550 2522 603 2554 pro
620 2518 754 2553 peccato:
768 2522 784 2543 a
797 2513 1004 2544 communiin-

175 2557 294 2588 tellectu
306 2558 434 2588 sumitur
448 2557 561 2589 Placuit
577 2557 641 2589 tibi.
658 2558 752 2589 Recte
765 2560 863 2588 autem
878 2557 930 2595 ait,
946 2557 1002 2589 Pro

175 2606 309 2642 peccato.
320 2601 393 2632 Nam
410 2602 488 2633 inter
499 2602 655 2639 sacriﬁcia,
673 2602 808 2642 quaedam
825 2611 879 2640 pro
896 2603 1001 2640 salute,

135 2642 138 2645 λ
173 2646 308 2686 quadam
323 2655 392 2678 vero
403 2656 456 2687 pro
470 2651 592 2686 peccato
606 2647 818 2677 olierebautur.
829 2647 870 2676 Ac
881 2647 906 2676 si
918 2646 1002 2677 dice-

173 2695 228 2722 ret:
235 2691 380 2728 Quoniam
389 2701 577 2733 nequaquam
584 2691 750 2723 oblationes
757 2699 853 2730 neque
859 2691 1004 2722 sacriﬁcia

212 2777 244 2802 48
259 2777 335 2809 Psal.
357 2786 457 2815 cxxxr,
476 2778 524 2809 Η.
569 2777 600 2802 49
614 2776 690 2807 Psal.
707 2784 807 2814 XXXIX,
822 2776 855 2807 7.

774 126 979 160 OECUMENII
1002 126 1149 159 TRICGIE
1169 127 1338 160 EPISGOPI

1849 127 1902 159 388

1393 198 1518 226 ΚΕΦΑΛ.
1542 189 1595 226 ir'.

1079 249 1093 266 α
1109 241 1241 280 Μαρτυρία
1255 241 1314 280 περὶ
1334 240 1382 274 τῆς
1396 239 1478 277 μονῆς
1499 239 1649 279 καθάρσεως
1664 240 1709 268 καὶ
1724 239 1900 279 προσαγωγῆς

1388 281 1454 319 πρὸς
1468 280 1543 308 Θεόν.
1565 291 1579 307 ι

1119 334 1130 352 α
1150 325 1196 353 Διὸ
1212 325 1399 365 εἰσερχόμενος
1415 326 1450 357 εἰς
1480 326 1524 353 τὸν
1553 324 1654 362 κόσμον
1683 323 1754 363 λέγει

1075 369 1118 396 καὶ
1152 371 1302 409 προσφορὰν
1332 371 1378 399 οὐκ
1421 368 1566 406 ἠθέλησας,
1603 372 1681 406 σῶμα
1730 367 1758 396 δὲ

1074 412 1138 440 τίσω
1172 425 1229 451 μοι,
1269 409 1492 451 Ὀλοκαυτώματα
1526 414 1570 441 καὶ
1606 414 1665 452 περὶ
1694 412 1824 452 ἁμαρτίας
1859 414 1902 440 οὐκ

1073 456 1228 495 εὐδόκησας,
1259 458 1317 486 τότε
1346 459 1437 494 εἷπον,
1479 457 1545 486 ’ἰδοὺ
1585 456 1656 491 ἥκω.
1699 456 1744 486 Ἐν
1787 455 1900 496 κεεραλίδι

1072 500 1172 539 βιϐλίου
1214 503 1359 542 γέγραπται
1401 503 1460 542 περὶ
1510 502 1586 540 ἐμοῦ,
1639 505 1686 530 τοῦ
1737 501 1848 534 ποιῆσαι
1889 502 1900 528 ὁ

1073 547 1148 584 Θεὸς,
1179 549 1210 575 τὸ
1236 547 1339 586 θέλημά
1365 559 1424 585 σου,
1454 547 1586 586 ἀνώτερον
1625 546 1710 586 λέγων
1739 545 1779 573 ὅτι
1815 545 1899 575 θυσίαν

1071 592 1115 619 καὶ
1149 593 1299 632 προσφορὰν
1328 594 1372 620 καὶ
1406 592 1616 629 ὁλοκαυτώματα
1652 592 1696 619 καὶ
1725 591 1785 630 περὶ
1815 591 1898 628 ἁμαρ-

1070 635 1139 675 τίας,
1173 638 1220 665 οὐκ
1254 637 1386 670 ἠθέλησας
1416 635 1473 665 οὐδὲ
1515 635 1671 672 εὐδόκησας,
1703 635 1805 667 αἵτινες
1835 635 1899 662 κατὰ

1071 681 1115 707 τὸν
1145 681 1225 718 νόμον
1240 682 1431 721 προσφέρονται
1451 689 1457 696 ’
1475 682 1535 709 τότε
1552 680 1660 720 εἴρηκεν
1677 687 1684 695 ⁸
1703 678 1769 708 Ἰδοὺ
1784 679 1844 712 ἥκω
1858 682 1899 706 τοῦ

1071 727 1192 762 ποιῆσαι,
1210 727 1223 753 ὁ
1239 727 1316 766 Θεὸς,
1332 727 1362 754 τὸ
1383 726 1488 763 θέλημά
1512 736 1571 765 σου,
1600 724 1719 763 Ἀναιρετ
1733 725 1764 752 τὸ
1785 726 1897 762 πρῶτον,

1071 768 1117 796 ἵνα
1152 771 1182 797 τὸ
1210 768 1326 809 δεύτερον
1350 771 1448 808 στήσῃ.
1472 769 1517 798 Ἐν
1546 772 1568 806 ᾧ
1589 768 1718 806 θελήματι
1745 767 1898 806 ἡγιασμένοι

1071 813 1192 854 ἐσμὲν,οἱ
1205 814 1246 843 διὰ
1257 816 1304 849 τῆς
1320 819 1469 855 προσφορᾶς
1484 818 1529 843 τοὺ
1540 814 1663 852 σώματος
1673 812 1762 846 Ἰησοῦ
1776 816 1894 852 Χριστοῦ,

1041 882 1059 906 Β
1072 858 1183 906 ἐφαπαξ.
1205 869 1220 888 )

1112 898 1140 931 (Ο
1154 904 1276 943 Χριστὸς,
1299 904 1390 943 φησὶν,
1413 905 1441 932 ἓν
1463 903 1567 941 σώματι
1597 903 1633 934 είς
1663 903 1708 930 τὸν
1724 901 1826 939 κόσμον
1848 902 1896 929 εἱσ-

1069 948 1227 988 ερχόμδνος,
1263 948 1334 987 λέγει
1358 948 1399 976 διὰ
1429 949 1509 986 μέσου
1537 952 1583 976 τοῦ
1606 946 1700 978 Δαυίδ,
1735 947 1764 975 Ei
1794 946 1894 986 ἀνωφε-

1067 991 1137 1032 λεῖς,
1167 994 1257 1031 φησὶν.
1296 994 1320 1020 αἱ
1347 994 1444 1030 θυσίαι,
1471 992 1513 1021 διὰ
1541 993 1565 1020 τί
1595 991 1664 1023 ὅλως
1687 991 1807 1031 ἐγίνοντο
1824 1001 1832 1030 ;
1851 992 1894 1018 Διὰ

1067 1037 1115 1077 τίς
1147 1038 1196 1064 Διὰ
1222 1038 1270 1071 τὴν
1298 1037 1459 1077 φιλονεικίαν
1488 1041 1540 1066 τῶν
1570 1036 1712 1073 Ἰουδαίων,
1743 1037 1788 1063 καὶ
1809 1034 1852 1062 διὰ
1867 1036 1893 1062 τι

1066 1081 1105 1108 ὰεὶ
1120 1081 1294 1110 ἐναντιοῦσθαι
1319 1084 1358 1119 τῷ
1386 1086 1455 1119 Θεῷ,
1488 1083 1537 1111 Καὶ
1564 1081 1658 1109 λοιπὸν
1686 1080 1816 1108 δείκνυσιν
1845 1081 1891 1108 αὖ·

1065 1126 1124 1163 τὰς,
1142 1127 1186 1154 καὶ
1207 1127 1257 1165 πρὸ
1281 1127 1328 1160 τῆς
1359 1127 1582 1165 ὲνανθρωπήσεως
1605 1131 1649 1154 τοῦ
1680 1126 1786 1164 Κυρίου,
1818 1135 1891 1161 μεμι-

1065 1170 1183 1208 σημένας
1212 1174 1270 1207 Θεῷ
1287 1179 1293 1185 “
1319 1173 1348 1200 οὗ
1376 1172 1426 1210 γὰρ
1449 1171 1539 1207 εἶπεν,
1571 1169 1700 1199 Εἰσελθων
1730 1171 1744 1197 ὁ
1768 1170 1888 1208 Χριστὸς,

1065 1214 1136 1251 ἀλλ’,
1152 1215 1361 1255 Εἰσερχόμενος,
1384 1215 1485 1248 δεικνὺς
1514 1214 1554 1243 ὅτι
1583 1215 1642 1254 πρὶν
1665 1213 1770 1252 εἰσέλθῃ
1799 1213 1888 1250 ἐμεμί-

1065 1270 1160 1293 σηντο,

1105 1299 1229 1336 "Anax.
1256 1305 1449 1345 Εἷσερχόμενος
1478 1306 1514 1337 εἰς
1543 1305 1588 1332 τὸν
1610 1305 1722 1343 κόσμον,
1752 1303 1843 1340 εἶπεν,
1876 1303 1888 1330 ὁ

1063 1350 1186 1388 Χριστὸς,
1203 1348 1264 1376 ἀλλ’
1293 1349 1355 1389 οὐχὶ
1377 1349 1511 1379 εἰσελθών.
1536 1350 1684 1389 Εἱσήρχετο
1705 1347 1733 1376 δὲ
1755 1347 1886 1386 δηλονότι1

1061 1393 1104 1421 ὅτε
1119 1397 1157 1431 τῷ
1174 1393 1256 1423 Acuta
1277 1394 1448 1434 ὑπισχνεῖτο,
1476 1395 1520 1423 καὶ
1548 1393 1697 1434 διετείνετο,
1728 1393 1759 1421 ἐκ
1787 1395 1885 1432 καρποῦ

1059 1440 1108 1471 τῇς
1143 1437 1244 1470 κοιλίας
1271 1439 1362 1479 αὺτοῦ,
1404 1439 1507 1468 καθίσαι
1547 1439 1625 1467 αὐτὸν
1654 1438 1697 1466 ἐπὶ
1725 1437 1773 1465 τοῦ
1799 1437 1886 1476 θρόνου

1060 1482 1138 1512 αὑτοῦ
1163 1482 1213 1514 ἕως
1235 1487 1282 1511 τοῦ
1310 1485 1416 1516 αἰῶνος.
1441 1483 1635 1523 Εἶσερχόμενος
1662 1486 1707 1511 οὖν
1728 1483 1766 1514 εἰς
1781 1482 1826 1509 τὸν
1841 1480 1886 1508 κό-

1028 1538 1126 1566 Βσμον
1155 1527 1194 1555 διὰ
1225 1531 1278 1556 τῶν
1305 1529 1371 1568 πρὸς
1402 1530 1446 1556 τὸν
1478 1527 1562 1556 Δαυῑό
1585 1528 1732 1565 συνθηκῶν,
1755 1527 1802 1555 καὶ
1815 1529 1886 1554 τοῦτο

1061 1570 1132 1611 λέγει
1147 1570 1180 1600 δι’
1210 1575 1298 1610 αὐτοῦ,
1330 1572 1370 1600 ὅτι
1402 1584 1416 1600 α
1446 1571 1520 1600 Ἐπεὶ
1549 1572 1638 1600 θυσίαν
1666 1572 1711 1599 καὶ
1739 1570 1886 1610 προσφορὰν

1062 1618 1108 1645 οὐκ
1143 1617 1284 1654 ἠθέλησας,
1312 1628 1325 1644 ι)
1364 1616 1421 1645 οὐδὲ
1448 1615 1598 1650 ηὖδόκησας
1628 1617 1661 1644 τὰ
1689 1615 1715 1643 ἐν
1751 1619 1792 1652 τῷ
1818 1615 1887 1651 νόμῳ

1062 1660 1215 1699 τελούμενα.
1248 1663 1296 1690 Καὶ
1333 1663 1380 1690 οὒκ
1406 1662 1494 1700 εἶπεν,
1532 1661 1571 1689 ὅτι
1600 1661 1654 1690 Οὐκ
1681 1659 1802 1692 εὐδοκεϊς
1832 1658 1885 1688 οὐδὲ

1061 1705 1154 1743 θέλεις,
1172 1705 1243 1743 ἀλλ’,
1261 1709 1315 1736 Οὔκ
1340 1706 1484 1746 ἠθέλησας,
1513 1705 1570 1734 οῶὲ
1598 1705 1761 1744 ὴῦδόκησας,
1797 1715 1884 1742 μονον-

1061 1751 1122 1790 ουχὶ
1149 1750 1245 1791 λέγων,
1268 1752 1305 1782 ὡς
1334 1749 1394 1779 Ἀπ’
1425 1753 1506 1785 αὐτῆς
1536 1753 1586 1784 τῆς
1615 1748 1768 1782 καταϐολῆς
1805 1750 1883 1777 αίπῶν

1060 1796 1103 1822 καὶ
1129 1798 1177 1828 τῆς
1207 1795 1353 1834 εἰσαγωγῆς
1383 1796 1430 1823 οὗκ
1464 1795 1531 1829 ἦσάν
1559 1806 1600 1823 σοι
1636 1795 1667 1822 τὸ
1689 1793 1750 1822 ὅλον
1772 1794 1882 1822 καταθύ-

1060 1851 1115 1877 μιοι
1137 1841 1180 1868 καὶ
1202 1841 1333 1879 εὐάρεστοι
1362 1842 1387 1868 αἱ
1414 1841 1509 1869 θυσίαι.
1539 1839 1623 1868 Ἀλλὰ
1652 1840 1695 1867 καὶ
1717 1838 1743 1866 εἴ
1781 1850 1805 1866 τι
1837 1839 1881 1866 αὖι-

1058 1885 1111 1912 τῶν
1132 1884 1300 1913 ἀποδέδεκταί
1322 1895 1374 1921 σοι,
1405 1884 1447 1912 διὰ
1478 1885 1527 1918 τὴν
1557 1885 1691 1912 ἀσθένειαν
1713 1882 1880 1912 ἀποδέδεκται

1389 1929 1462 1957 Ἐπεὶ
1497 1930 1540 1958 οὖν
1575 1930 1618 1957 καὶ
1652 1934 1735 1958 ταῦτα
1772 1928 1878 1964 ἀπώσω,

1048 200 1069 224 Α

1771 331 1779 339 ⁸
1812 325 1901 352 θυσίαν

1802 378 1901 406 κατηρ-

1057 1932 1110 1956 τὼν
1147 1930 1343 1968 προσαγόντων.

1057 1974 1100 2001 καὶ
1127 1977 1204 2012 σῶμα
1232 1975 1381 2013 κατηρτίσω
1410 1986 1467 2011 μοι,
1496 1974 1555 2002 τότε
1576 1973 1636 2006 ἥκω
1664 1973 1707 2001 ἐπὶ
1733 1976 1773 2010 τῷ
1801 1974 1877 2004 ποιῆ-

1056 2029 1099 2045 σαι
1127 2020 1157 2046 τὸ
1184 2018 1287 2057 θέλημά
1316 2030 1375 2050 σου,
1404 2024 1486 2048 Τοῦτο
1522 2020 1571 2058 γὰρ
1612 2018 1656 2045 καί
1683 2018 1790 2057 εἴρηται
1825 2017 1878 2055 περὶ

1055 2062 1120 2100 ἐμοῦ
1135 2064 1195 2103 οὐχὶ
1213 2063 1303 2095 ἁπλῶς
1329 2065 1372 2091 καὶ
1399 2065 1468 2091 κατὰ
1494 2063 1617 2103 πάροδον,
1649 2062 1717 2090 ἀλλὰ
1738 2061 1877 2102 κεφάλαιον

1055 2108 1098 2135 καὶ
1133 2108 1253 2136 ὑπόθεσιν
1278 2111 1324 2136 τοῦ
1350 2107 1450 2146 βιϐλίου
1479 2109 1528 2141 τὴν
1557 2109 1615 2147 περὶ
1643 2107 1708 2145 ἐμοῦ
1737 2106 1875 2146 πρὸρῤησιν

1055 2153 1220 2190 ποιουμένου.
1240 2152 1344 2181 Βιϐλίον
1365 2152 1402 2192 δὲ,
1429 2152 1494 2187 ὅλην
1516 2152 1589 2191 λέγει
1616 2153 1665 2185 τὴν
1692 2151 1820 2179 παλαιάν.
1844 2151 1874 2179 Τὸ

1019 2198 1100 2236 Ογὰρ
1121 2197 1263 2238 κεφάλαιον
1293 2199 1336 2226 καὶ
1377 2199 1395 2232 ἡ
1437 2197 1635 2237 ἀξιολογωτάτη
1677 2196 1800 2228 ὑπόθεσις
1829 2195 1873 2228 τῆς

1050 2241 1177 2282 παλαιᾶς,
1208 2243 1234 2270 αἱ
1261 2243 1319 2282 περὶ
1340 2246 1453 2282 Χριστοῦ
1488 2242 1643 2281 προρρήσεις
1671 2241 1746 2271 εἰσιν.
1782 2250 1798 2271 (
1823 2244 1872 2268 Θυ-

1051 2286 1107 2314 σίαν
1148 2288 1191 2315 καὶ
1233 2288 1382 2327 προσφορὰν
1416 2288 1463 2315 οὐκ
1499 2287 1637 2320 ἐθέλησας.
1679 2296 1693 2316 ι
1741 2285 1872 2314 Ἐντεῦθεν

1050 2331 1195 2372 εἰσφέρεται
1237 2333 1268 2360 τὸ
1295 2336 1341 2361 τοῦ
1367 2335 1478 2369 Χριστοῦ
1512 2332 1666 2371 πρόσωπον,
1696 2330 1775 2370 λέγον
1809 2330 1870 2369 πρὸς

1049 2377 1094 2404 τὸν
1137 2375 1252 2416 Πατέρα.
1295 2375 1417 2413 Ἐπειδὴ,
1461 2377 1552 2416 φησὶν,
1594 2378 1616 2403 ὧ
1658 2376 1756 2414 Πάτερ,
1788 2375 1870 2403 θυσίαν

1048 2421 1091 2448 καὶ
1115 2421 1265 2461 προσφορὰν
1294 2421 1341 2449 οὒκ
1369 2421 1510 2459 ἐθέλησα(⁹
1539 2421 1587 2454 τὴν
1622 2421 1690 2449 κατὰ
1719 2420 1800 2458 νόμον
1822 2418 1869 2452 δη-

1046 2465 1134 2494 λονότι
1150 2466 1379 2505 προσφερομένην,
1410 2467 1468 2494 οὔτε
1497 2466 1551 2504 μὴν
1573 2465 1723 2500 ηὔδόκησας
1752 2465 1780 2492 ἐν
1809 2464 1868 2492 ὁλο-

1046 2510 1200 2548 καυτώμασι
1234 2517 1293 2542 τοῖς
1328 2512 1396 2538 κατὰ
1424 2513 1469 2539 τὸν
1504 2511 1596 2551 νόμον,
1639 2511 1786 2547 τουτέστιν,
1815 2508 1868 2538 οὺδῖ

1046 2555 1253 2593 ὁλοκαυτώματα
1287 2555 1450 2594 ηὖδόκησας,
1486 2556 1566 2596 ἤγουν
1595 2555 1740 2590 ἠθέλησας.
1773 2567 1787 2582 α
1823 2554 1866 2583 Καὶ

1043 2601 1102 2639 περὶ
1136 2601 1275 2640 ἁμαρτίας.
1309 2613 1321 2628 n
1351 2601 1484 2639 Τουτέστι,
1522 2602 1670 2641 προσφορὰν
1700 2601 1759 2640 περὶ
1787 2600 1865 2637 ἀμαρ-

1157 2646 1224 2673 Ἂπὸ
1265 2651 1354 2675 κοινοῦ
1400 2647 1441 2686 τὸ,
1497 2645 1661 2680 Εὖδόκησας.
1706 2645 1800 2676 Καλῶς
1839 2642 1863 2670 δέ

1045 2656 1111 2674 τιας.

1087 2657 1100 2676 ς
1106 2668 1111 2674 .
1167 2657 1224 2673 Λὶπο
1265 2657 1354 2675 κοινου
1400 2657 1441 2686 το¹
1497 2657 1648 2680 τιυῦοκησας
1654 2669 1661 2676 ,
1707 2657 1800 2676 ιλιΛως
1839 2657 1862 2670 υἷ-

1087 2700 1108 2717 τι
1138 2691 1199 2730 Περὶ
1231 2690 1370 2729 ἁμαρτίας.
1414 2692 1471 2719 Τῶν
1513 2691 1563 2730 γὰρ
1603 2692 1708 2732 θυσιῶν,
1752 2691 1777 2718 αἱ
1819 2687 1862 2726 μὲν

1044 2700 1108 2729 φησι
1138 2691 1199 2730 Περὶ
1231 2690 1370 2729 ἁμαρτίας.
