1929 3079
213 124 271 158 387

519 195 638 227 CAPUT
660 195 736 226 XIII.

772 131 978 164 OEGUMENII
1000 131 1147 164 ΤΒῙοοΕ
1167 132 1337 165 EPISGOPI

1046 205 1068 228 Α

1850 131 1909 164 388

1391 202 1517 231 ΚΕΦΛΔ.
1542 193 1593 230 lr'.

213 242 429 274 Testimonium
444 242 480 273 de
499 244 566 274 sola
577 242 796 285 puriﬁcatione
810 247 837 274 et
852 252 974 276 accessu
992 255 1024 277 ao

1110 245 1240 285 Μαρτυρία
1254 246 1313 284 περὶ
1332 245 1381 279 τῆς
1394 244 1477 282 μονῆς
1497 244 1648 284 καθάρσεως
1663 245 1708 273 xii.
1722 243 1907 284 προσαγωγῆς

571 282 676 313 Deum.

251 329 374 367 X,5-I0.
388 329 576 369 Quapropter
587 329 759 368 ingrediens
769 332 920 362 mundum
936 333 1010 364 dicit
1023 343 1029 365 :

207 375 403 415 Sacriﬁcium
418 378 444 404 et
458 373 638 404 oblationem
658 374 793 411 noluisti,
811 384 920 416 corpus
930 381 1032 409 autem

208 417 666 459 aptastimihi.Holocautomata
672 423 702 449 et
712 429 767 458 pro
772 425 893 459 peccato
900 430 961 452 non
966 422 1032 462 pla-

207 467 338 495 cuerunt
349 463 403 494 tibi
415 466 504 493 :tunc
510 462 843 496 diri:EcceadsumIn
850 468 950 506 capite
958 466 1031 498 libri

207 508 351 547 scriptum
372 511 414 538 est
432 506 523 537 deme
540 510 573 538 ut
593 507 716 547 faciam,
739 508 827 545 Deus,
844 511 1029 542 voluntatem

208 551 458 591 tuam.Superius
468 560 534 582 cum
543 552 619 582 dicit
634 560 642 582 :
656 552 844 592 Sacriﬁcium
854 559 883 585 et
896 555 1029 586 oblatio-

205 605 273 627 nem
284 599 310 627 et
316 596 559 627 holocautomuta
566 600 594 627 et
602 605 659 636 pro
666 601 786 636 peccato
794 599 1030 640 noluisti,neque

202 642 386 681 placuerunt
397 641 454 670 (ibi
469 641 631 680 quiejuxta
644 641 739 681 legem
752 641 925 682 offeruntur
933 656 944 680 ,-
957 649 1029 676 tunc

204 686 297 717 dixit:
321 685 396 716 Ecce
415 685 522 716 adsum
542 689 576 716 ut
596 687 718 724 furiam,
739 687 829 724 Deus,
843 688 1028 720 voluntatem

205 734 301 762 tuam.
316 729 404 761 Tollit
421 730 508 769 prius
525 734 557 760 ut
570 734 719 770 posterius
731 735 857 768 statuat;
865 742 920 773 per
937 743 1029 773 quam

1387 286 1452 324 πρὸς
1466 285 1542 313 Θεόν.
1563 296 1578 312 ι

1118 339 1129 356 I
1149 330 1195 358 Διὸ
1211 330 1398 370 εἰσερχόμενος
1413 331 1449 361 εἷς
1479 330 1523 358 τὸν
1551 329 1653 367 κόσμον
1681 328 1753 368 λέγει
1771 336 1778 344 '
1809 330 1908 356 Θυσίαν

1073 374 1116 401 καὶ
1151 375 1300 414 προσφορὰν
1330 376 1377 404 οὐκ
1420 373 1564 410 ἠθέλησας,
1602 376 1680 410 σῶμα
1729 371 1757 400 δὲ
1800 383 1908 411 κατηρ-

1073 417 1136 445 τίσω
1171 430 1228 456 μοι,
1267 414 1490 456 Ὄλοκαυτώματα
1524 418 1568 445 καὶ
1604 418 1664 456 περὶ
1692 417 1823 456 ἁμαρτίας
1861 419 1908 445 οὐκ

1072 461 1226 500 εὐδόκησας,
1258 463 1316 491 τότε
1344 463 1436 498 εἶπον,
1478 461 1544 491 ἰδοὺ
1584 461 1655 495 ἥκω,
1697 461 1742 490 Ἐν
1785 460 1906 500 κεφαλίδι

1071 505 1170 543 βιϐλίου
1212 508 1357 547 γέγραπται
1399 508 1458 547 περὶ
1508 507 1585 545 ἐμοῦ,

1072 552 1147 590 Θεὸς,
1178 553 1208 580 τὸ
1235 552 1338 590 θέλημά
1364 563 1422 590 σου,
1453 552 1585 591 ἀνώτερον
1623 551 1708 590 λέγων
1737 549 1778 578 ὅτι
1813 550 1905 579 θυσίαν

1070 596 1114 623 καὶ
1148 598 1297 636 προσφορὰν
1327 598 1370 625 καὶ
1405 597 1615 634 ὁλοκαυτώματα
1651 597 1695 623 καὶ
1723 596 1783 634 περὶ
1813 596 1904 634 ἆμαρ-

1069 640 1137 680 τίας,
1172 643 1218 670 οὒκ
1253 641 1385 675 ἠθέλησας
1415 641 1471 669 ουδὲ
1513 640 1669 676 εὒδόκησας,
1701 639 1803 672 α’ἶτινες
1835 640 1904 667 κατα

1069 685 1113 712 τὸν
1143 685 1224 722 νόμον
1238 686 1430 726 προσφέρονται
1449 693 1455 700 ·
1473 687 1533 714 τότε
1550 685 1658 724 εἴρηκεν
1675 692 1683 700 ‘
1701 683 1768 712 Ἰδοὺ
1782 683 1846 717 ἥκω
1860 687 1905 711 τοῦ

1070 731 1190 766 ποιῆσαι,
1208 731 1222 758 ὁ
1237 731 1315 770 Θεὸς,
1331 732 1360 759 τὸ
1381 730 1486 768 θέλημά
1511 741 1569 770 σου,
1598 729 1717 768 Ἀναιρετ
1732 730 1762 756 τὸ
1783 731 1902 767 πρῶτον,

1638 510 1684 534 τοῦ
1735 506 1849 539 ποιῆσαι
1893 507 1906 533 ὁ

202 775 383 806 voluntatem
390 775 836 814 sancli/icultsmnus,quiillam
842 772 1024 816 peroblalio-

1110 785 1115 800 ι
1150 775 1180 802 τὸ
1208 773 1324 814 δεύτερον
1348 776 1446 813 στήσῃ,
1470 774 1515 803 Ἐν
1544 777 1566 811 ᾧ
1588 773 1716 810 θελήματι
1743 772 1903 811 ἡγιασμένοι

202 829 268 850 nem
275 819 410 859 corporis
418 818 486 849 Iesu
492 819 581 850 semel
586 824 744 859 peractam
755 822 906 852 consecuti
912 831 976 853 sum
982 833 1025 854 us.

1070 818 1191 858 ἐσμὲν,οἱ
1203 819 1245 847 διὰ
1255 820 1302 853 τῆς
1318 823 1468 859 προσφορᾶς
1483 823 1528 847 τοὺ
1538 819 1661 857 σώματος
1672 817 1760 851 Ἰησοῦ
1774 821 1899 857 Χριστοῦ,

242 863 386 901 Christus,
411 863 517 903 inquit,
545 873 671 904 corpore
697 866 839 896 mundum
857 862 1182 910 ingrediensnévémi.
1204 873 1218 892 ›

201 909 273 939 dicit
286 917 338 948 per
348 908 480 938 medium
498 908 600 939 David.
627 908 658 939 Si
682 909 813 946 inutiles,
836 911 941 950 inquit,
959 917 1027 943 sunt

1111 903 1138 936 ιΟ
1153 909 1274 947 Χριστὸς,
1298 909 1387 948 φησὶν,
1412 910 1439 936 ὲν
1461 908 1565 946 σώματι
1595 908 1631 939 εἰς
1661 908 1706 935 τὸν
1722 907 1825 944 κόσμον
1849 907 1901 934 εἱσ-

200 953 314 990 hostiaa,
331 961 422 993 quare
448 953 568 983 omnino
591 953 711 984 {uerunt
736 954 894 985 instituta?
909 955 1024 992 Quare?

1110 952 1226 992 ξάμενος,
1262 953 1333 991 λέγει
1356 953 1397 981 διὰ
1427 953 1507 991 μέσου
1535 956 1581 981 τοῦ
1604 951 1698 983 Δαυίδ,
1733 952 1762 980 Εἰ
1791 951 1899 991 ἀνωφε-

198 997 324 1037 Propter
344 997 539 1038 pervicaciam
561 997 777 1034 Judaeorum.el
799 1000 869 1030 595
880 1001 948 1040 quia
963 1001 1024 1032 Deo

198 1051 318 1082 semper
332 1042 476 1072 adversati
491 1043 690 1073 sunt.Deinde
703 1044 833 1074 ostendit
848 1046 923 1085 quod
935 1046 1022 1077 etiam

197 1091 266 1118 ante
279 1086 398 1117 Domini
416 1086 650 1117 incarnationem
667 1087 734 1118 odio
754 1088 861 1120 habitae
885 1090 1022 1122 fuerinta

195 1130 382 1171 Deo.Neque
391 1130 470 1161 enim
487 1130 733 1171 dixit,lngressus
750 1134 777 1162 in
796 1134 1019 1174 mundum,sed,

194 1175 367 1215 ingrediens
380 1185 387 1205 :
401 1175 587 1206 ostendendo
598 1175 676 1216 quod
689 1177 860 1217 priusquam
872 1178 1022 1219 ingressus

195 1225 286 1261 esset,
302 1220 371 1252 odio
383 1220 492 1251 habitae
507 1224 601 1251 erant.

233 1267 307 1297 Alio
326 1265 422 1296 modo.
447 1265 619 1305 Ingrediens
635 1266 664 1297 in
681 1267 826 1298 mundum
842 1267 916 1298 dixit
931 1268 1020 1300 Chri-

192 1314 267 1350 stus,
294 1309 347 1341 sed
370 1319 429 1340 non
452 1310 629 1350 ingressus:
643 1310 782 1342 videlicet
798 1312 1021 1351 ingrediebatur

191 1354 309 1394 quando
327 1354 514 1394 promittebat
526 1354 582 1394 ipsi
595 1355 684 1386 David
698 1359 726 1385 et
736 1356 924 1387 asseverabat
939 1359 1017 1398 quod

193 1399 230 1429 de
240 1399 336 1429 fructu
351 1398 461 1430 ventris
469 1399 514 1429 sui
527 1398 633 1430 sedere
647 1399 758 1430 faceret
776 1409 867 1440 super
879 1401 1018 1432 thronum

191 1452 277 1473 suum
293 1452 386 1483 usque
396 1443 426 1473 in
437 1443 620 1474 saeculum“.
638 1443 812 1482 Ingrediens
828 1445 916 1485 igitur
929 1455 1016 1477 mun-

190 1487 261 1518 dum
279 1496 331 1527 per
346 1491 432 1527 pacta
447 1487 482 1518 ad
500 1487 590 1519 David
605 1488 692 1528 facta,
707 1489 795 1519 etiam
812 1489 868 1520 hoc
877 1490 949 1521 dicit
964 1501 1018 1532 per

1065 996 1136 1036 λεῐς,
1165 998 1255 1035 φησὶν.
1294 999 1319 1025 αἱ
1345 998 1442 1035 θυσίαι,
1469 997 1511 1025 δια
1539 997 1563 1025 τί
1593 996 1662 1028 ὅλως
1685 996 1804 1036 ἐγίνοντο
1823 1006 1832 1035 ;
1852 997 1898 1023 ,λιά

1065 1041 1114 1081 τί,
1146 1042 1194 1068 Διά
1220 1042 1269 1075 τὴν
1296 1041 1457 1081 φιλονεικίαν
1486 1045 1538 1070 τῶν
1568 1041 1710 1078 Ἰουδαίων,
1741 1041 1786 1068 καὶ
1807 1039 1854 1069 διὰ
1869 1041 1897 1067 τὸ

1064 1085 1292 1114 ἀεὶέναντιοῦσθαι
1318 1089 1356 1124 τῷ
1385 1090 1454 1124 Θεῷ,
1486 1087 1535 1116 Καὶ
1562 1085 1656 1114 λοιπὸν
1685 1084 1815 1113 δείκνυσιν
1846 1086 1894 1113 αὖ·

1063 1131 1122 1167 τὰς,
1140 1131 1184 1158 καὶ
1205 1131 1255 1170 πρὸ
1279 1131 1327 1164 τῆς
1357 1131 1580 1170 ἐνανθρωπήσεως
1603 1135 1648 1159 τοῦ
1678 1130 1783 1169 Κυρίου,
1817 1139 1895 1166 μεμι-

1064 1175 1181 1213 σημένας
1210 1178 1268 1212 Θεῷ
1285 1183 1291 1189 ·
1317 1177 1347 1204 οὗ
1374 1177 1424 1215 γὰρ
1447 1176 1537 1212 εἶπεν,
1568 1174 1698 1203 Εἰσελθων
1728 1175 1742 1201 ὁ
1766 1175 1897 1213 Χριστὸς,

1063 1218 1134 1255 ἀλλ’,
1150 1220 1359 1259 Εἰσερχόμενος,
1382 1219 1483 1252 δεικνὺς
1512 1219 1552 1248 ὅτι
1581 1220 1640 1259 πρὶν
1663 1218 1766 1256 εἰσέλθῃ
1797 1218 1892 1256 ἐμεμί-

1063 1275 1158 1297 σηντο,

1103 1303 1227 1340 ’”Ᾱλλως.
1253 1309 1448 1349 Είσερχόμενος
1476 1310 1512 1341 εἰς
1541 1309 1586 1337 τὸν
1608 1310 1720 1348 κόσμον,
1750 1308 1844 1345 εἶπεν,
1879 1309 1891 1335 ὁ

1061 1354 1184 1392 Χριστὸς,
1201 1352 1263 1380 ἀλλ’
1291 1354 1353 1394 οὐχὶ
1375 1353 1509 1383 εἰσελθών.
1533 1354 1683 1394 Εὶσήρχετο
1703 1352 1731 1380 δὲ
1753 1351 1889 1391 δηλονότι,

1059 1396 1103 1425 ὅτε
1117 1401 1155 1435 τῷ
1172 1397 1254 1426 Δαυὶδ
1274 1399 1446 1438 ὑπισχνεῖτο,
1474 1400 1518 1428 καὶ
1546 1398 1695 1438 διετείνετο,
1726 1397 1756 1425 ἐκ
1784 1400 1888 1437 καρποῦ

1057 1445 1106 1475 τῆς
1141 1441 1242 1474 κοιλίας
1270 1444 1360 1483 αὒτοῡ,
1402 1443 1505 1472 καθίσαι
1545 1444 1624 1471 αὐτὸν
1652 1442 1695 1470 ἐπὶ
1723 1441 1770 1470 τοῦ
1797 1442 1889 1481 θρόνου

1058 1486 1137 1516 αὖτοῦ
1161 1486 1211 1518 ἕως
1234 1491 1280 1515 τοῦ
1309 1489 1414 1520 αἰῶνος.
1438 1488 1632 1527 Εἶσερχόμενος
1660 1490 1704 1515 οὖν
1726 1487 1763 1518 εἰς
1778 1487 1826 1514 τὸν
1841 1486 1888 1514 κό-

191 1532 329 1563 eumdem
347 1532 436 1563 David
453 1541 459 1563 :
479 1545 490 1560 ιι
504 1531 578 1569 Quia
591 1533 769 1564 sacriﬁcium
785 1538 814 1564 et
833 1533 1013 1566 oblationem

1111 1542 1125 1559 ν
1153 1531 1192 1559 διὰ
1223 1535 1275 1560 τῶν
1303 1533 1368 1572 πρὸς
1400 1534 1443 1560 τὸν
1475 1531 1559 1560 Δαυῑδ
1583 1533 1731 1569 συνθηκῶν,
1752 1531 1888 1559 καὶτοῦτο

191 1576 311 1608 noluisti
320 1577 381 1618 49,:
394 1586 491 1617 neque
501 1577 678 1617 placuerunt
689 1577 741 1608 tibi
753 1587 818 1618 quae
829 1578 859 1609 in
869 1579 933 1619 lege
945 1589 1016 1619 per-

188 1621 414 1660 agebanturzet
429 1631 487 1652 non
513 1622 596 1659 dixit,
614 1621 679 1652 Non
699 1622 819 1663 placent
842 1633 940 1662 neque
962 1625 1016 1662 vis,

187 1665 498 1705 sed,Noluisti,neque
510 1667 758 1706 placuerunttibi;
771 1671 884 1698 tantum
900 1677 959 1699 non
969 1669 1016 1699 di-

186 1719 267 1742 cens:
282 1711 327 1741 Ab
344 1711 407 1747 ipsa
432 1710 550 1741 illarum
579 1711 794 1742 constitutione
821 1716 850 1742 et
873 1713 1018 1754 principio

185 1767 245 1788 non
261 1761 345 1788 erant
356 1757 408 1787 tibi
419 1762 509 1796 gratae
522 1767 620 1798 neque
631 1757 782 1797 placentes
798 1759 911 1790 hostire.
929 1759 1012 1795 Quod

185 1801 210 1832 si
222 1801 293 1842 quid
303 1801 391 1831 etiam
403 1802 508 1831 horum
520 1806 574 1832 ate
586 1807 758 1842 susceptum
767 1806 822 1843 est,
835 1807 955 1843 propter
964 1813 1011 1834 ac-

183 1847 353 1877 cedentium
370 1845 604 1877 imbecillitatem
623 1851 792 1886 susceptum
803 1852 861 1878 est:
874 1848 1010 1888 quando-

184 1892 306 1930 quidem
324 1899 393 1930 ergo
410 1890 473 1921 haec
490 1891 625 1931 repulisti
650 1895 679 1921 et
705 1901 811 1931 corpus
828 1893 934 1932 optasti
952 1894 1010 1923 mi—

182 1934 224 1974 hi,
239 1939 308 1964 tunc
324 1935 409 1965 venio
425 1939 455 1965 ut
470 1934 578 1965 faciam
607 1935 685 1965 Deus
715 1936 893 1966 voluntatem
921 1941 1011 1968 tuam.

181 1978 254 2009 Nam
269 1983 297 2009 et
313 1979 369 2010 hoc
380 1979 418 2010 de
434 1989 482 2010 me
495 1980 607 2010 dictum
617 1984 735 2020 est,non
748 1985 1013 2022 utcunque,neque

181 2023 211 2054 in
228 2024 466 2061 transcursu,sed
485 2024 515 2054 in
532 2033 622 2065 scopo
640 2029 668 2055 et
685 2029 860 2063 argumento
877 2025 946 2056 libri
963 2026 1013 2066 qui

1060 1575 1130 1615 λέγει
1146 1574 1179 1603 δι’
1209 1579 1296 1615 αὐτοῦ,
1328 1576 1368 1604 ὅτι
1400 1589 1414 1604 ι
1444 1575 1518 1604 Ἐπεὶ
1547 1577 1636 1604 θυσίαν
1665 1576 1709 1604 καὶ
1737 1575 1889 1615 προσφορὰν

1060 1622 1107 1649 οὐκ
1140 1621 1282 1659 ἠθέλησας,
1309 1632 1323 1649 ι
1362 1620 1419 1650 οὐδὲ
1446 1620 1596 1654 ηὗδόκησας
1626 1622 1659 1648 τὰ
1687 1620 1713 1647 ἐν
1748 1623 1788 1656 τῷ
1817 1620 1889 1656 νόμῳ

1060 1664 1213 1703 τελούμενα.
1246 1667 1295 1694 Καὶ
1330 1667 1378 1694 οὒκ
1404 1666 1492 1704 εἶπεν,
1530 1665 1569 1693 ὅτι
1598 1665 1652 1694 Οὐκ
1679 1664 1801 1696 εὖδοκεῖς
1832 1663 1887 1693 οὔδε

1059 1709 1152 1748 θέλεις,
1170 1709 1241 1747 ἀλλ’,
1259 1713 1312 1739 Οὔκ
1338 1710 1482 1750 ἠθέλησας,
1511 1709 1568 1738 οὐδὲ
1596 1709 1758 1749 ἠὺδόκησας,
1795 1719 1886 1747 μονον-

1059 1755 1120 1794 ουχὶ
1146 1754 1243 1795 λέγων,
1266 1756 1302 1786 ὡς
1332 1753 1392 1783 Ἀπ’
1423 1757 1504 1789 αὖτῆς
1534 1757 1583 1788 τῆς
1612 1752 1764 1786 καταϐολῆς
1803 1755 1885 1782 αὖτών

1058 1800 1101 1826 καὶ
1127 1802 1175 1832 τῆς
1204 1799 1351 1838 εἰσαγωγῆς
1381 1800 1428 1827 οὖκ
1461 1800 1529 1833 ἦσάν
1557 1810 1598 1827 σοι
1634 1800 1665 1827 τὸ
1687 1798 1748 1826 ὅλον
1768 1798 1884 1826 καταθύ-

1058 1855 1113 1881 μιοι
1134 1845 1178 1872 καὶ
1200 1845 1332 1883 εὐάρεστοι
1361 1846 1385 1872 αἱ
1413 1845 1506 1873 θυσίαι.
1537 1843 1621 1872 Ἀλλὰ
1650 1845 1692 1871 καὶ
1715 1842 1741 1871 εἴ
1777 1854 1804 1870 τι
1837 1844 1883 1871 a5-

1056 1889 1108 1916 τῶν
1130 1888 1298 1917 ἀποδέδεκταί
1319 1900 1371 1925 σοι,
1403 1888 1445 1916 διὰ
1476 1889 1525 1922 τὴν
1555 1889 1689 1916 ἀσθένειαν
1711 1887 1881 1916 ἀποδέδεκται

1055 1936 1108 1960 τῶν
1145 1934 1340 1972 προσαγόντων,
1387 1933 1460 1962 Ἐπεὶ
1494 1934 1538 1962 οὖν
1573 1934 1616 1961 καὶ
1650 1938 1733 1962 ταῦτα
1768 1932 1880 1970 ἀπώσω,

1054 1978 1098 2005 καὶ
1125 1982 1202 2015 σῶμα
1229 1978 1379 2017 κατηρτίσω
1408 1989 1464 2016 μοι,
1493 1979 1552 2006 τότε
1574 1977 1635 2011 ἥκω
1662 1977 1705 2005 ἐπὶ
1730 1980 1769 2014 τῷ
1799 1979 1878 2009 ποιῆ-

1054 2032 1096 2049 σαι
1125 2023 1155 2050 τὸ
1182 2021 1285 2060 θέλημά
1314 2033 1373 2054 σου,
1402 2028 1484 2052 Τοῦτο
1519 2024 1569 2062 γὰρ
1610 2023 1654 2050 καί
1681 2022 1787 2061 εἴρηται
1824 2022 1879 2060 περὶ

180 2069 419 2099 vaticinationem
435 2069 534 2100 deme
557 2069 638 2100 facit.
668 2070 790 2101 Librum
814 2074 913 2100 autem
939 2071 1013 2102 dixit

1110 2068 1193 2107 ὃούχὶ
1211 2067 1301 2099 ἁπλῶς
1327 2069 1370 2095 καὶ
1397 2068 1465 2096 κατὰ
1491 2067 1614 2107 πάροδον,
1647 2066 1715 2094 ἀλλὰ
1736 2066 1878 2106 κεφάλαιον

180 2117 274 2144 totum
303 2117 387 2144 vetus
408 2113 653 2145 instrnmentum.
680 2113 863 2154 Praecipuum
889 2115 968 2145 enim
983 2121 1012 2148 et

179 2157 386 2196 dignissimum
402 2157 513 2188 veteris
531 2158 720 2189 instrumenti
736 2163 946 2197 argumentum
963 2169 1011 2190 va-

1052 2112 1095 2138 καὶ
1131 2112 1251 2140 ὑπόθεσιν
1276 2115 1322 2140 τοῦ
1348 2111 1448 2150 βιϐλίου
1477 2113 1526 2146 τὴν
1554 2113 1613 2151 περὶ
1641 2111 1706 2149 ἐμοῦ
1734 2111 1876 2150 πρόῤῥησιν

1053 2157 1218 2194 ποιουμένου.
1238 2156 1341 2185 Βιϐλίον
1363 2155 1400 2196 δὲ,
1426 2156 1491 2190 ὅλην
1514 2157 1586 2196 λέγει
1614 2157 1663 2189 τὴν
1690 2155 1819 2184 παλαιάν.
1843 2156 1875 2184 Τὸ

178 2201 280 2232 ticinia
294 2205 363 2232 sunt
387 2202 424 2233 de
444 2202 572 2234 Chrisvo.
594 2213 608 2232 (
625 2202 814 2234 Sacriﬁcium
830 2207 860 2233 et
876 2203 1024 2235 oblatio-t

1119 2200 1260 2241 κεφάλαιον
1291 2203 1334 2230 καὶ
1375 2203 1393 2236 ἦ
1435 2201 1633 2241 ἀξιολογωτάτη
1675 2201 1799 2232 ὑπόθεσις
1829 2200 1874 2232 τῆς

178 2256 246 2278 nem
265 2247 398 2280 noluisti.
416 2260 427 2276 ι
447 2247 502 2278 Hic
526 2248 647 2279 atl‘ertur
671 2248 782 2280 Christi
810 2257 938 2288 persona
958 2249 1005 2280 lo-

177 2301 271 2332 quens
281 2292 317 2323 ad
333 2293 464 2324 Patrem.
484 2291 742 2334 Quandoquidem,
759 2293 894 2334 inquit,o
906 2293 1004 2335 Pater,

176 2337 356 2368 sacriﬁcium
380 2341 409 2368 et
428 2337 610 2368 oblationem
637 2337 770 2374 noluisti,
788 2346 853 2378 quia
868 2337 1007 2370 videlicet

172 2381 359 2421 juxtalegem
365 2382 642 2422 oll‘eruntur,neque
652 2381 706 2412 fuit
719 2381 772 2412 tibi
783 2381 1002 2422 beneplacitum

174 2425 205 2456 in
217 2427 463 2458 holocautomatis
471 2427 690 2466 legalibus,hoc
699 2427 1004 2467 esl,nequebolocau-

175 2474 288 2503 tomata
298 2471 474 2512 placuerunt
486 2471 638 2503 tibiautea
646 2471 774 2502 voluisti.
791 2483 804 2498 α
815 2470 850 2502 Ει
863 2480 917 2512 pro
931 2481 1003 2511 pec-

173 2519 269 2546 cato.»
285 2516 347 2547 Hoc
358 2516 530 2553 est,oblatio
548 2525 600 2557 pro
617 2521 751 2557 peccato:
765 2525 782 2546 a
795 2516 1002 2547 communiin-

173 2560 291 2591 telleclu
304 2561 431 2592 sumitur
445 2560 558 2592 Placuit
574 2561 638 2592 tibi.
656 2561 750 2592 Recte
762 2563 860 2590 autem
876 2559 927 2597 ait,
944 2560 1000 2592 Pro

133 2639 135 2641 1
172 2609 306 2644 peccato.
318 2604 390 2635 Nam
407 2605 485 2636 inter
497 2605 652 2642 sacriﬁcia,
671 2605 806 2645 qumdam
823 2613 876 2644 pro
893 2606 999 2644 salute,

171 2649 306 2690 quaedam
321 2659 390 2680 vero
400 2659 453 2690 pro
468 2654 589 2690 peccato
603 2650 816 2680 oﬁ‘erebantur.
826 2650 867 2679 Ac
879 2650 903 2680 si
915 2649 1000 2680 dice-

171 2698 225 2725 ret:
232 2695 377 2731 Quoniam
387 2704 574 2736 nequaquam
582 2694 747 2726 obtationes
754 2702 851 2734 neque
857 2694 1002 2726 sacriﬁcia

210 2781 241 2806 ‘8
256 2780 332 2812 Psal.
354 2789 455 2819 cxxxi,
473 2782 522 2812 11.
567 2780 597 2805 49
611 2779 687 2810 Psal.
705 2787 804 2816 χχχιι,
819 2779 853 2810 7.

1048 2245 1174 2285 παλαιᾶς,
1206 2247 1232 2274 αἱ
1258 2247 1317 2286 περὶ
1338 2250 1451 2286 Χριστοῦ
1485 2246 1640 2285 προῤῥήσεις
1668 2245 1744 2276 εἰσίν.
1778 2254 1796 2275 ε
1822 2248 1873 2272 Θυ-

1048 2289 1105 2317 σίαν
1146 2292 1189 2318 καὶ
1230 2291 1380 2331 προσφορὰν
1413 2292 1461 2319 οὐχ
1496 2291 1635 2324 ἐθέλησας.
1676 2300 1691 2320 ι
1739 2289 1872 2319 Ἐντεῦθεν

1048 2335 1192 2375 εἰσφέρεται
1235 2336 1266 2364 τὸ
1292 2341 1339 2365 τοῦ
1365 2339 1476 2373 Χριστοῦ
1510 2336 1664 2375 πρόσωπον,
1694 2334 1773 2374 λέγον
1807 2335 1871 2374 πρὸς

1047 2380 1092 2407 τὸν
1134 2379 1250 2419 Πατέρα.
1293 2379 1415 2417 Ἐπειδὴ,
1458 2381 1550 2420 φησὶν,
1591 2382 1614 2408 ὤ
1656 2380 1755 2419 Πάτερ,
1786 2380 1870 2407 θυσίαν

1045 2425 1089 2452 καὶ
1113 2425 1262 2465 προσφορὰν
1291 2425 1339 2453 οὒκ
1366 2424 1507 2463 ἐθέλησας,
1537 2425 1585 2458 τὴν
1620 2425 1688 2453 κατὰ
1716 2425 1799 2462 νόμον
1821 2423 1869 2456 δη-

1044 2467 1131 2497 λονότι
1148 2469 1376 2509 προσφερομένην,
1407 2470 1465 2498 οὔτε
1495 2470 1548 2508 μὴν
1570 2469 1721 2504 ηὐδόκησας
1750 2469 1779 2496 ἐν
1807 2468 1867 2497 ὁλο-

1043 2514 1198 2552 καυτώμασι
1231 2521 1290 2546 τοῖς
1325 2515 1394 2542 κατὰ
1421 2516 1466 2543 τὸν
1502 2515 1594 2555 νόμον,
1637 2514 1783 2551 τουτέστιν,
1814 2512 1867 2542 οὐόἶ

1044 2558 1251 2597 ὁλοκαυτώματα
1285 2559 1447 2598 ηὖδόκησας,
1484 2559 1564 2599 ἤγουν
1593 2559 1737 2593 ἠθέλησας.
1771 2571 1785 2586 σ
1822 2558 1866 2587 Καὶ

1041 2605 1100 2643 περὶ
1133 2605 1272 2643 ἁμαρτίας.
1307 2616 1318 2631 ι)
1348 2604 1482 2642 Τουτέστι,
1519 2605 1668 2644 προσφορὰν
1698 2605 1757 2644 περὶ
1785 2604 1865 2642 ἁμαρ-

1042 2649 1109 2680 τίας.
1155 2649 1222 2676 Ἀπὸ
1263 2654 1351 2678 κοινοῦ
1397 2650 1438 2689 τὸ,
1495 2649 1658 2683 Εὒᾶόκησας.
1704 2649 1798 2680 Καλῶς
1839 2646 1863 2674 δέ

1042 2703 1106 2732 φησι
1135 2694 1197 2734 Περὶ
1228 2694 1367 2732 ἁμαρτίας.
1411 2695 1468 2722 Τῶν
1511 2695 1560 2733 γὰρ
1600 2696 1706 2736 θυσιῶν,
1750 2695 1775 2721 αἱ
1817 2692 1861 2731 μέν
