1929 3079
223 121 281 154 395

784 123 988 154 OECUMENII
1011 119 1157 152 ΤΒ.ῙοοΕ
1176 117 1342 150 EPISCOPI

1849 114 1903 146 396

223 198 307 230 spem
331 189 446 221 ﬁrmam
471 193 501 221 et
528 190 745 220 inconcussam.
763 189 856 225 Quam
885 189 992 229 spem?
1007 188 1030 220 U

1126 197 1132 218 ;
1169 185 1272 218 ἐλπίδος
1309 186 1407 219 ταὺςης
1444 184 1588 224 ὁμολογίαν
1622 182 1728 222 βεϐαίαν
1765 183 1810 210 καὶ
1843 181 1900 209 ἀσά-

223 243 378 274 speremus
391 244 443 274 per
459 234 630 273 sanguinem
646 234 757 264 Christi
768 233 921 266 introitum
937 234 967 264 in
982 243 1044 265 cce-

222 278 296 318 lum,
313 281 391 318 quod
405 288 460 319 per
482 279 578 318 ipsum
605 278 796 317 ignoscantur
810 278 896 309 nobis
912 283 1042 319 peccata,

223 323 302 363 quod
321 332 374 362 per
384 323 481 363 ipsum
497 322 578 361 digni
593 322 757 353 habeamur
773 323 823 362 qui
837 323 867 353 in
881 323 957 354 ﬁlios
969 324 1043 354 ado-

223 371 371 407 ptemuru
385 367 495 398 Fidelis
510 368 589 397 enim
601 372 646 398 est
661 367 709 406 qui
727 367 896 407 promisit.»
913 369 976 399 Hoc
987 372 1041 404 est,

222 420 318 441 verax.
335 411 410 446 Quid
426 415 525 441 autem
544 410 700 450 promisit?
715 411 797 446 Quod
816 411 1045 451 ingrederemur

224 455 255 485 in
270 465 394 494 regnum
410 455 514 495 ipsius.
536 465 550 484 α
561 456 645 492 Volo,
659 455 767 495 inquit,
784 459 815 486 ut
830 456 880 486 ubi
904 466 969 487 sum
989 466 1043 496 ego

224 499 322 538 etipsi
337 499 396 530 sint
418 508 534 530 mecum
549 501 590 530 55.
606 513 618 527 η
638 499 714 530 Dixit
729 500 820 537 enim,
838 501 906 541 Ipsi,
925 505 1044 541 propter

224 542 338 574 ﬁdeles.

473 635 542 664 598
564 634 686 666 CAPUT
710 633 784 666 XIV.

264 679 453 711 Exhortatio
482 681 520 711 ad
549 681 691 751 oiftzittem
719 691 758 712 eat
783 681 890 712 timore
905 681 1006 721 futuri

575 730 607 752 m
633 730 695 752 εσυ.

588 730 695 752 uawu.

263 766 299 804 X,
319 767 427 797 εει-25.
441 767 482 798 Et
497 730 783 799 consideremus'nos
801 768 929 799 invicem
946 769 977 799 in
990 768 1045 799 hoc

222 815 256 843 ut
268 820 462 851 provocemus
473 812 511 842 ad
524 813 709 843 charitatem
727 817 757 844 et
773 812 851 843 bona
865 821 970 852 opera,
984 822 1044 844 non

223 857 390 887 deserentes
404 857 637 896 aggregationes
663 858 772 895 nostri,
802 857 893 888 sicuti
913 866 976 888 mos
999 862 1045 888 est

220 900 397 931 nonnullis:
414 892 467 931 sed
483 892 689 939 eic/zortantes,
699 892 790 941 idque
805 902 960 941 hocmagis
968 910 1033 941 quo:

1126 896 1210 921 τοῦτον
1257 892 1370 933 μᾶλλον,

220 945 329 976 uidetis
343 946 636 985 appropinquantem
648 946 739 976 diem.

263 990 322 1020 (Et
334 988 558 1020 consideremus
573 999 627 1020 nos
654 990 793 1027 invicem,
816 1003 826 1017 ι
841 990 918 1030 quod
937 990 1043 1020 fratres

222 1033 315 1065 simus
330 1044 336 1063 :
350 1033 427 1074 quod
442 1043 511 1073 grex
533 1043 609 1064 unus
624 1035 711 1065 unius
729 1034 875 1074 pastoris:
893 1035 947 1065 hoc
964 1034 1043 1064 enim

222 1078 342 1117 augebit
357 1084 490 1108 mutuam
504 1078 769 1110 dilectionem.Aut
784 1079 1010 1109 consideremus
1019 1078 1043 1108 si

224 1123 290 1163 quis
305 1121 416 1163 probus
440 1123 488 1158 sit,
504 1126 536 1152 ut
563 1123 643 1154 huuc
665 1123 882 1154 imitetur..Aut
906 1123 986 1154 circa
1009 1133 1044 1154 ea

223 1167 415 1203 nosliuvicem
439 1166 673 1206 consideremus,
697 1177 820 1208 quorum
842 1167 999 1199 curiositas
1014 1171 1044 1198 et

223 1216 392 1242 scrutamen
410 1219 444 1241 ac
464 1211 713 1249 consideratio,ad
725 1211 915 1242 dilectionem
927 1212 1044 1243 exacuit

221 1259 251 1286 et
260 1256 382 1286 incitat:
401 1255 457 1286 hoc
467 1259 564 1286 autem
582 1256 693 1287 faciunt
707 1257 757 1296 qui
779 1256 853 1287 nihil
870 1265 990 1296 pravum
1005 1256 1042 1287 de

222 1309 254 1331 se
265 1300 392 1331 invicem
417 1299 528 1339 ferunt,
545 1303 645 1330 omnia
667 1305 764 1331 autom
780 1300 811 1330 in
824 1300 930 1330 bonam
942 1309 975 1330 ac
993 1309 1037 1330 sa-

221 1345 338 1375 niorem
356 1348 468 1384 partem
485 1344 732 1385 rejiciunt,etiam
748 1354 813 1385 qua;
827 1344 964 1375 videntur
977 1353 1041 1375 esse

223 1388 341 1419 delicta.
360 1400 371 1416 ιι
389 1389 424 1419 Ut
437 1397 632 1428 provocemus
645 1389 681 1419 ad
699 1389 883 1420 charitatem.
899 1401 912 1416 ι
929 1387 966 1420 Ut
977 1397 1041 1419 exa-

223 1441 346 1463 Cuamus
371 1435 400 1462 et
421 1441 579 1470 augeamus
607 1436 737 1463 mutuam
757 1432 956 1463 dilectionem.
977 1444 990 1459 ι
1006 1431 1041 1462 Et

220 1475 299 1506 bona
314 1475 475 1515 opera.»Et
490 1480 521 1506 ut
537 1485 713 1507 exacuamur
728 1477 763 1507 ad
776 1475 951 1506 imitandum
974 1475 1040 1506 illos

220 1519 271 1559 qui
282 1524 436 1550 versantur
450 1519 481 1549 in
495 1520 582 1550 bonis
597 1520 747 1560 operibus.
764 1532 776 1548 α
795 1520 1039 1560 Aggregationem

219 1563 385 1594 nostri.nUt
400 1573 520 1603 semper
533 1564 564 1594 in
577 1564 714 1595 eumdem
739 1565 835 1595 locum
851 1564 1038 1601 conveniant,

222 1608 391 1639 dilectionis
406 1612 453 1639 est
468 1607 674 1648 productivum
689 1618 695 1640 :
715 1609 825 1640 idcirco
843 1609 979 1649 prohibet
993 1618 1039 1639 se-

219 1653 403 1692 parationem
416 1664 421 1681 :
436 1661 509 1692 opus
524 1652 604 1682 enim
621 1653 772 1683 charitatis
787 1662 846 1683 non
861 1657 906 1683 est
920 1652 1036 1689 divisio,

219 1697 272 1727 sed
289 1697 374 1727 fortis
386 1701 415 1727 et
430 1701 530 1727 exacta
542 1697 871 1737 unio.Aggregationem
882 1696 1040 1736 appellavit

219 1745 353 1771 mutuum
382 1749 573 1772 consensum.
594 1753 607 1768 α
620 1742 679 1771 Sed
703 1742 904 1772 exhortantes.
924 1753 937 1768 π
951 1740 1039 1776 Quaa-

219 1786 314 1816 nam‘.’
342 1785 579 1824 aggregationem
610 1786 714 1823 nostri,
740 1786 796 1817 hoc
819 1791 876 1822 est,
894 1790 1036 1816 mutuam.

221 1828 319 1860 Nama
331 1829 482 1860 communi
498 1839 588 1860 sensu
608 1830 822 1861 resumendum
840 1834 884 1861 est
898 1839 1038 1869 aggrega-

216 1874 327 1904 tionem
343 1874 448 1904 nostri.
476 1873 647 1905 Exhortatio
663 1883 732 1905 vero
753 1874 968 1914 aggregationis
983 1878 1036 1912 est,

214 1921 248 1948 ut
262 1922 396 1958 prompte
406 1922 434 1949 et
450 1917 539 1958 longo
552 1923 685 1959 tempm'e
697 1919 782 1950 nobis
798 1924 897 1949 mutuo
910 1919 1038 1958 conjun-

214 1971 371 2002 gamur.—
387 1962 451 1993 Atto
472 1963 568 1994 modo.
590 1976 603 1991 κ
626 1963 685 1994 Sed
714 1964 913 1994 exhortantes.
938 1974 949 1991 ι)
976 1963 1036 1994 lm—

215 2007 383 2037 becilliores
397 2007 586 2038 videlicet.Et
603 2011 695 2046 tanto,
711 2008 818 2048 inquit,
836 2007 921 2038 nobis
945 2007 1038 2046 magis

214 2060 288 2090 opus
305 2055 350 2081 est
374 2051 549 2083 charitatem
573 2062 608 2082 ac
623 2052 700 2083 bona
715 2061 806 2092 opera
822 2051 993 2082 desiderare
1009 2055 1038 2082 et

213 2095 349 2135 adipisci,
363 2099 471 2135 quanto
498 2105 593 2137 magis
615 2098 834 2137 appropinquat
846 2096 1036 2135 diesjudicii.

214 2140 277 2171 Hoc
305 2144 404 2170 autem
434 2143 522 2171 etiam
546 2142 582 2172 ad
611 2141 844 2172 consolationem
874 2141 947 2181 ipsis
963 2145 1035 2178 erat,

214 2193 323 2224 nempe
339 2184 505 2223 defatigatis
521 2189 642 2226 propter
654 2185 840 2216 afﬂictiones.

254 2229 554 2266 599X,96-31.Nam
565 2231 617 2261 ubi
628 2232 800 2262 voluntarie
807 2239 964 2270 peccamus
973 2234 1038 2269 post

213 2279 364 2313 acceptum
373 2275 570 2313 cognitionem
582 2276 793 2315 veritutts,non
805 2275 891 2306 ultra
905 2283 959 2315 pro
965 2283 1037 2314 pec-

213 2321 289 2349 catis
301 2317 419 2357 reliqua
437 2322 481 2348 est
500 2318 667 2357 hostia,sed
685 2318 887 2358 formidabilis
900 2319 1039 2359 quwdam

212 2363 508 2402 exspectotiojudicz’i
514 2367 539 2395 et
546 2365 630 2403 ignis
637 2364 721 2395 zelus
730 2365 780 2403 qui
791 2363 987 2394 devoraturus
997 2366 1039 2395 est

212 2407 491 2445 adversariosQut
504 2412 686 2448 aspernatus
692 2409 784 2448 fuerit
790 2408 867 2439 Mosi
879 2407 1039 2448 legem,ab-

210 2459 282 2491 sque
300 2452 519 2483 misericordia
536 2454 591 2483 sub
609 2453 725 2484 duabus
743 2455 796 2484 aut
812 2452 1039 2484 tr-ibustcstibus

208 2496 477 2533 moritur.Quanto
485 2498 601 2537 putatis
608 2498 706 2538 pejort
714 2497 871 2537 afﬁcietur
879 2497 1036 2537 supplicio,

209 2543 264 2580 qui
278 2540 390 2571 Filium
407 2540 465 2571 Dei
479 2542 736 2580 conculcaver-it,et
747 2542 928 2581 sanguinem
943 2545 1034 2572 testa-

207 2585 301 2616 menti
311 2593 497 2616 communem
506 2586 646 2618 habuerit
653 2595 710 2627 per
718 2595 805 2626 quem
816 2586 1035 2625 fueratsancti-

207 2629 358 2669 ﬁcatus,et
366 2630 509 2669 spiritum
521 2632 631 2671 gratim
642 2633 755 2670 injuria
766 2630 922 2671 affecerit?
936 2629 1033 2662 Novi-

208 2683 275 2705 mus
289 2675 368 2705 enim
385 2683 454 2706 eum
478 2676 531 2716 qui
550 2676 650 2707 dircz't'
670 2678 768 2707 Meum
784 2679 827 2706 est
848 2675 962 2715 ulcisci,
980 2685 1033 2716 ego

246 2755 278 2780 55
292 2756 377 2786 Joan.
395 2764 453 2793 xvr,
476 2755 525 2788 24.

1085 230 1187 261 λευτον,
1221 231 1298 261 Ποίας
1328 229 1456 269 ἐλπίδος;
1494 230 1530 258 Τὸ
1558 228 1670 264 ἐλπίζειν
1706 226 1747 255 διὰ
1782 226 1830 255 τοῦ
1863 225 1905 253 α’ί-

1086 285 1168 312 ματος
1194 278 1239 302 τοῦ
1269 277 1381 313 Χριστοῦ
1416 276 1464 306 τὴν
1493 274 1529 305 εἷς
1558 274 1681 313 οὐρανοὺς
1717 270 1834 301 εἴσοδον.
1873 271 1904 298 Τὸ

1086 319 1207 359 ἀφεῖσθαι
1236 320 1303 355 ἡμῖν
1332 317 1364 346 δι’
1395 318 1472 347 αὐτοῦ
1499 318 1546 350 τὰς
1575 317 1716 357 ἁμαρτίας.
1746 316 1794 355 Τὸ,
1825 314 1905 346 ἀξιωο

1085 364 1208 398 θήσεσθαι
1237 363 1362 394 υἱοθεσίας
1393 361 1426 390 δι’
1448 363 1539 391 αὐτοῦ.
1579 373 1589 390 ί
1615 362 1712 393 Πιστὸς
1739 361 1830 400 γὰρ,»
1847 369 1905 387 του-

1086 407 1182 444 τέστιν,
1211 419 1224 434 α
1241 407 1342 441 ἀληθὴς
1372 408 1386 435 ὁ
1408 406 1643 445 ἐπαγγειλάμενος.
1669 417 1682 433 ι
1707 405 1737 434 Τί
1765 404 1792 432 δὲ
1829 403 1906 441 ἐπηγ-

1085 452 1190 491 γειλατο
1208 461 1216 491 ς
1239 453 1269 479 τὸ
1284 451 1411 480 εἰσελθεῖν
1424 452 1494 489 ἡμᾶς
1519 451 1554 483 είς
1584 450 1632 484 τὴν
1661 449 1795 488 βασιλείαν
1817 449 1903 477 αὑτοῦ·

1088 508 1101 524 α
1119 496 1194 525 Θέλω
1208 497 1269 535 γὰρ,
1296 496 1386 536 φησὶν,
1415 496 1460 523 ’ίνα
1493 494 1560 523 ὅπου
1588 495 1640 533 εἰμὶ
1672 494 1738 534 ἐγὼ,
1768 493 1812 521 καὶ
1838 494 1904 520 οὗτοι

1086 541 1135 570 ὦσι
1150 540 1208 578 μετ’
1225 541 1300 578 ἐμοῦ.
1328 552 1339 569 »
1372 541 1406 569 Τὸ
1428 541 1489 580 γὰρ,
1513 541 1601 570 Οὗτοι.
1630 539 1672 567 διὰ
1706 539 1765 572 τοὺς
1801 538 1904 567 πιστοὺς

1087 586 1164 614 εἶπεν
1169 610 1175 617 ,

1400 634 1524 660 ΚΕΦΛΔ.
1545 625 1599 660 iA'.

1129 685 1142 702 ε
1163 675 1302 715 Προτροπὴ
1324 674 1440 707 σπουδῆς
1468 675 1536 703 κατά
1553 672 1634 714 φρϐον
1649 675 1698 707 τῆς
1721 672 1870 711 μελλούσης

1417 715 1538 754 κρίσεως,
1558 726 1572 742 ι

1128 770 1138 787 ι
1158 760 1207 788 Καὶ
1229 763 1399 798 κατανοῶμεν
1419 759 1551 794 ἀλλήλους
1567 759 1603 790 εἷς
1619 757 1786 798 παροξυσμὸν
1803 757 1904 796 ἀγάπης

1087 804 1129 831 καὶ
1144 803 1232 832 καλῶν
1248 803 1342 843 ἔργων,
1359 804 1398 842 μὴ
1414 803 1633 843 ἐγκαταλιπόντες
1644 803 1693 836 τὴν
1704 801 1902 841 ἐπισυναγωγὴν

1085 847 1196 884 ἑαυτῶν,
1225 849 1311 880 καθὼς
1334 848 1390 881 ἔθος
1420 849 1498 888 τισὶν,
1527 847 1594 876 ἀλλά
1616 846 1842 886 παρακαλοῦντες,
1866 846 1903 873 καὶ

1421 893 1475 929 ὅσῳ
1515 892 1626 930 βλέπετε
1667 891 1821 931 ἐγγίζουσιν
1860 890 1902 922 τὴν

1084 937 1195 976 ἡμέραν,
1218 949 1228 965 ι

1127 993 1141 1008 ε
1187 983 1234 1010 Καὶ
1267 983 1475 1020 κατανοήσωμεν
1501 981 1646 1018 ἀλλήλους,
1682 993 1695 1008 ι
1726 980 1779 1018 ὅτι,
1818 983 1902 1021 φησὶν,

1084 1024 1190 1065 ἀδελφοί
1231 1025 1320 1064 ἐσμεν,
1365 1026 1406 1054 ὅτι
1441 1026 1541 1064 ποίμνη
1584 1026 1630 1063 μία
1670 1025 1797 1063 ποιμένος
1839 1026 1903 1065 ἑνόξ.

1084 1061 1165 1098 Τουτο
1187 1071 1236 1109 γὰρ
1262 1061 1376 1106 ἀῦξήσει
1405 1071 1454 1104 τὴν
1487 1061 1526 1102 εἷς
1554 1061 1685 1106 ἀλλήλους
1714 1061 1833 1109 ἀγάπην.
1877 1061 1902 1097 Ἦ

1084 1117 1254 1154 κατανοῶμεν
1276 1114 1302 1142 εἴ
1324 1126 1364 1146 τις
1399 1115 1530 1154 ἐνάρετος,
1566 1114 1613 1142 ἵνα
1647 1118 1738 1142 τοῦτον
1768 1114 1897 1152 ζηλῶμεν,

1088 1149 1117 1186 Ἠ
1144 1149 1314 1198 περὶ-ἐκεῖνα
1335 1149 1479 1197 ἀλλήλους,
1503 1149 1684 1197 κατανοῶμεν,
1715 1160 1752 1186 ὧν
1774 1161 1792 1193 ἡ
1820 1149 1898 1187 πολυ-

1084 1203 1257 1242 πραγμοσύνη
1292 1204 1334 1232 καὶ
1369 1203 1460 1242 ἔρευνα
1493 1204 1536 1231 καὶ
1571 1204 1731 1237 κατανόησις
1762 1205 1798 1236 εἰς
1836 1203 1898 1242 ἁγά-

1083 1257 1137 1280 πην
1172 1247 1253 1283 ἀκονᾷ
1281 1248 1325 1276 καὶ
1349 1248 1506 1287 παραθήγει,
1535 1247 1617 1276 Τοῦτο
1658 1247 1685 1275 δὲ
1720 1252 1841 1276 ποιοῦσιν
1879 1249 1899 1276 οἱ

1084 1290 1180 1330 φαυλον
1222 1292 1271 1329 μὲν
1312 1293 1370 1332 περὶ
1419 1291 1555 1328 ἀλλήλων,
1605 1291 1688 1330 μηδὲν
1729 1292 1898 1332 ἀνεχόμενοι,

1084 1335 1167 1363 πάντα
1188 1334 1215 1363 δὲ
1236 1337 1272 1368 εἰς
1292 1337 1323 1364 τὸ
1344 1336 1441 1375 ἀγαθὸν
1473 1337 1517 1364 καὶ
1547 1335 1655 1374 ἄμεινον
1683 1335 1896 1374 ἐκλαμϐάνοντες,

1083 1380 1126 1407 καὶ
1155 1379 1171 1407 ἃ
1197 1378 1272 1408 δοκεῖ
1300 1381 1371 1408 εἶναι
1394 1379 1580 1418 ἐλαττώματα,
1619 1391 1632 1408 α
1665 1381 1708 1412 Εἰς
1739 1381 1899 1419 παροξυσμὸν

1083 1423 1200 1463 ἀγάπης.
1239 1436 1250 1453 ι
1288 1425 1331 1458 Εἰς
1372 1426 1401 1452 τὸ
1443 1425 1583 1464 παροξῦναι
1618 1425 1661 1453 καὶ
1703 1424 1815 1459 αὐξῆσαι
1856 1426 1897 1458 τὴν

1082 1469 1118 1499 εἰς
1140 1468 1271 1504 ἀλλήλους
1299 1469 1417 1508 ἀγάπην.
1448 1481 1459 1497 α
1492 1470 1541 1498 Καὶ
1566 1469 1654 1498 καλῶν
1683 1469 1778 1509 ἔργων,
1813 1481 1826 1497 ι
1856 1470 1897 1498 Καὶ

1081 1512 1126 1540 ἵνα
1161 1513 1359 1553 παροξυνθῶμεν
1386 1513 1482 1549 ζηλοῦν
1515 1515 1575 1546 τοὺς
1610 1514 1637 1541 ἐν
1664 1513 1775 1553 ἀγαθοῖς
1805 1514 1895 1554 ἔργοις.

1084 1568 1098 1583 (ι
1128 1558 1181 1590 Τὴν
1203 1558 1245 1586 ἐπὶ
1271 1559 1426 1597 συναγωγὴν
1462 1559 1571 1588 ἑαυτῶν.
1596 1569 1610 1588 ι
1641 1560 1675 1587 Τὸ
1704 1560 1754 1598 γὰρ
1783 1559 1824 1587 ἀεὶ
1845 1570 1896 1586 συν·

1080 1604 1163 1642 ἦχθαι
1178 1602 1221 1630 ἐπὶ
1234 1604 1264 1630 τὸ
1280 1604 1354 1634 αὐτὸ,
1370 1603 1476 1642 ἀγάπης
1508 1603 1561 1632 ἐστὶ
1583 1604 1749 1642 γεννητικόν.
1784 1605 1830 1632 Διὸ
1857 1604 1896 1632 τὸν

1080 1648 1217 1686 χωρισμὸν
1254 1647 1420 1686 ἀπαγορεύει.
1465 1642 1565 1686 ⁷Ἐργον
1605 1649 1655 1688 γὰρ
1694 1651 1743 1682 τῆς
1783 1649 1893 1688 ἀγάπης,

1081 1693 1132 1731 οὺχ
1160 1693 1176 1725 ἡ
1205 1691 1339 1732 διαίρεσις,
1369 1691 1427 1720 ἀλλ’
1456 1693 1473 1727 ἡ
1502 1691 1611 1732 ἀκριϐής
1639 1692 1743 1724 ἓνωσις.
1776 1692 1893 1722 Ἐπισυν-

1081 1737 1188 1775 αγωγὴν
1209 1740 1257 1771 τήν
1281 1737 1430 1777 συμφωνίαν
1459 1736 1592 1767 ἐκάλεσεν.
1620 1748 1632 1765 ι
1664 1736 1744 1766 Ἀλλά
1774 1748 1892 1774 παρακα-

1080 1779 1196 1812 λοῦντες.
1213 1791 1228 1810 ι
1253 1782 1338 1821 Τίνα,
1368 1785 1416 1815 τὴν
1445 1781 1648 1822 ἐπισυναγωγὴν
1679 1783 1791 1821 ἑαυτῶν,
1824 1793 1893 1810 τουτ-

1081 1825 1160 1863 έστιν,
1183 1825 1327 1861 ἀλλήλους.
1357 1825 1424 1854 Ἀπὸ
1450 1831 1539 1855 κοινοῦ
1566 1827 1615 1866 γὰρ
1643 1827 1692 1858 τὴν
1734 1827 1893 1867 ἐπισυναγω-

1080 1870 1130 1908 γὴν
1160 1870 1258 1898 ἑαυτῶν
1286 1870 1412 1904 ληπτέον.
1459 1870 1626 1910 Παράκλησις
1665 1870 1692 1899 δὲ
1732 1871 1894 1911 ἐπισυναγω-

1079 1917 1142 1953 γῆς,
1184 1916 1214 1942 τὸ
1256 1915 1405 1954 προθύμως,
1449 1915 1491 1943 καὶ
1519 1914 1561 1945 διὰ
1587 1921 1688 1966 μακροῦ
1722 1920 1769 1945 τοῦ
1805 1917 1894 1956 χρόνου

1079 1958 1295 1987 ἐπισυνάπτεσθαι
1314 1960 1429 1991 ἑαυτοῖς.
1448 1977 1485 1982 -
1511 1959 1617 1999 [ΦΔΤᾸ
1646 1958 1768 1994 Ἀλλως.
1790 1972 1804 1991 ε
1820 1960 1893 1990 Ἀλλὰ

1079 2003 1301 2043 παρακαλοῦντες.
1332 2016 1346 2032 Jb
1378 2010 1441 2037 Τοῖς
1471 2005 1663 2045 ἀσθενεστέροις
1685 2004 1822 2039 δηλονότι.
1851 2005 1895 2034 Καὶ

1078 2048 1206 2085 τοσούτῳ,
1222 2050 1296 2089 φησὶ,
1315 2048 1415 2087 μᾶλλον
1436 2048 1477 2077 δεῖ
1501 2050 1570 2087 ἡμῖν
1603 2050 1709 2088 ἀγάπης
1739 2051 1783 2079 καὶ
1811 2049 1892 2078 καλῶν

1079 2092 1146 2130 ἔγων
1157 2093 1360 2134 ἀντιποιεῖσθαι,
1376 2093 1430 2131 ὅσῳ
1444 2093 1545 2132 μᾶλλον
1560 2093 1700 2129 πλησιάζει
1716 2096 1733 2129 ὴ
1748 2096 1835 2135 ἡμέρα
1850 2097 1892 2127 τῆς

1079 2137 1197 2176 κρίσεως.
1216 2142 1297 2167 Τοῦτο
1311 2137 1338 2166 δὲ
1354 2139 1396 2166 καὶ
1410 2139 1558 2177 παραμυθία
1572 2138 1604 2172 ἦν
1620 2138 1722 2176 αὐτοῖς,
1740 2138 1892 2180 ἀπειρηκόσι

1050 2184 1070 2207 D
1080 2182 1144 2220 πρὸς
1159 2183 1218 2214 τοὺς
1233 2183 1404 2222 πειρασμούς.

1121 2237 1135 2255 tl
1177 2228 1307 2258 Εκουσίως
1347 2228 1395 2267 γὰρ
1430 2228 1632 2266 ἁμαρτανόντων
1669 2229 1748 2267 ἡμῶν
1777 2230 1842 2268 μετὰ
1868 2228 1893 2255 τὸ

1080 2270 1171 2299 Ααϐεῖν
1213 2272 1261 2306 τήν
1304 2272 1443 2311 ἐπίγνωσιν
1494 2273 1542 2305 τῆς
1595 2272 1730 2310 ἀληθείας,
1776 2275 1821 2302 οὒκ
1860 2272 1891 2299 ἔτι

1080 2316 1138 2354 περὶ
1180 2317 1315 2356 ἁμαρτιῶν
1366 2317 1535 2345 ἀπολείπεται
1578 2318 1651 2346 θυσία
1669 2326 1675 2332 “
1728 2317 1825 2358 φοϐερὰ
1869 2315 1891 2343 δέ

1080 2370 1118 2392 τις
1160 2360 1260 2401 ἐκδοχὴ
1307 2362 1415 2400 κρίσεως
1466 2362 1509 2389 καὶ
1558 2363 1637 2401 πυρὸς
1685 2362 1765 2398 ζῆλος
1808 2362 1890 2390 ἐσθίειν

1081 2404 1223 2441 μέλλοντος
1265 2406 1325 2439 τοὺς
1365 2407 1544 2438 ὑπεναντίους.
1591 2407 1737 2441 Ἀθετήσας
1781 2418 1819 2438 τις
1858 2405 1892 2433 νό-

1080 2460 1128 2487 μον
1166 2450 1295 2483 Μωϋσέως
1330 2452 1412 2491 χωρὶς
1448 2451 1590 2490 οἰκτιρμῶν
1626 2451 1669 2479 ἐπὶ
1697 2450 1768 2480 δυσὶν
1797 2452 1814 2486 ἣ
1835 2450 1893 2490 τρισὶ

1080 2495 1204 2534 μάρτυσιν
1259 2496 1432 2530 ἀποθνήσκει.
1497 2496 1575 2533 Πόσῳ
1625 2495 1729 2524 δοκεῖτε
1786 2497 1893 2536 χείρονος

1077 2539 1248 2575 ἀξιωθήσεται
1296 2541 1435 2581 τιμωρίας,
1488 2542 1502 2569 ὁ
1552 2542 1598 2568 τὸν
1650 2541 1710 2568 Υἱὸν
1751 2545 1798 2570 τοῦ
1837 2543 1893 2568 Θεον

1076 2587 1277 2623 καταπατήσας,
1314 2587 1357 2614 καὶ
1390 2587 1420 2614 τὸ
1456 2588 1525 2624 αἷμα
1559 2588 1608 2620 τῆς
1638 2584 1769 2621 διαθήκης
1815 2585 1892 2614 κοινὸν

1075 2630 1255 2671 ἡγησάμενος,
1284 2630 1311 2659 ἐν
1340 2632 1363 2658 ὦ
1396 2631 1521 2670 ἡγιάσθη,
1559 2631 1603 2658 καὶ
1637 2631 1667 2658 τὸ
1706 2634 1809 2668 πνεῦμα
1846 2628 1888 2661 τῆς

1074 2675 1182 2714 χάριτος
1231 2674 1375 2714 ἐνυϐρίσας,
1431 2675 1547 2713 Οἴδαμεν
1601 2675 1650 2714 γὰρ
1693 2676 1736 2703 τὸν
1778 2675 1886 2708 εἰπόντι,
