1929 3079
209 126 267 159 387

514 196 634 229 CAPUT
655 197 731 228 XIII.

208 243 423 275 Testimonium
438 244 474 274 de
494 245 560 275 sola
565 244 792 314 Dpuriﬁcalione
806 250 833 277 et
848 255 969 279 accessu
987 249 1029 280 ad

594 293 672 314 eum.

594 293 672 315 eum.

245 331 370 368 X,5-l0.
383 331 572 371 Quapropter
583 331 754 370 ingrediens
764 335 915 365 mundum
932 335 1006 367 dicit
1018 345 1024 367 ε

202 376 398 416 Sacriﬁcium
413 379 440 406 et
454 375 635 406 oblationem
654 376 788 414 noluisti,
807 387 915 419 corpus
926 383 1027 411 autem

203 419 662 461 aptasla'mihi.Holocaulomata
668 425 698 452 et
707 431 763 460 pro
767 428 888 462 peccato
896 433 956 454 non
962 425 1027 464 plu-

203 469 334 497 cuerunt
345 464 398 496 tibi
410 464 667 496 :tuncdixi:Ecee
674 466 838 498 adsumtln
845 469 1026 508 capilelibri

202 510 347 549 scriptum
368 513 410 540 est
428 508 464 540 de
474 519 519 539 me
536 512 569 540 ut
588 509 712 550 faciam,
734 511 822 548 Deus,
840 514 1024 545 voluntatem

204 553 454 593 tuam.Superius
464 563 530 584 cum
539 555 615 584 dicit
629 563 638 584 :
651 555 840 595 Sacriﬁcium
849 561 878 588 et
892 558 1024 589 oblatio-

201 607 269 629 nem
280 598 554 629 etholocautomuta
562 602 589 629 et
598 607 654 638 pro
662 604 780 639 peccato
790 601 1025 643 noluisti,neque

198 644 382 683 placuerunt
393 643 449 673 tibi
465 644 627 682 qucejuxta
639 643 734 684 legem
748 644 939 685 offeruntur;
952 651 1024 679 tunc

200 688 293 719 dixit:
317 687 391 718 Ecce
410 687 518 718 adsum
538 692 571 718 ut
591 689 714 726 furiam,
734 690 824 727 Deus,
839 691 1023 723 voluntatem

200 736 296 764 tuam.
311 732 399 763 Tollit
416 733 503 771 prius
521 736 553 763 ut
566 736 714 772 posterius
727 738 852 771 statuat;
861 745 916 776 per
933 746 1024 776 quam

198 777 379 809 voluntatem
386 777 741 816 smwliﬁculzsumus,qul
748 778 831 809 illum
837 789 895 819 per
901 780 1024 812 oblatio-

198 831 264 852 nem
271 822 406 861 corporis
413 821 577 852 Jesusemel
581 827 739 862 peruolant
750 825 901 855 ('rmsecuti
907 834 1020 857 sumus,

239 866 382 904 Christus,
405 866 513 913 inquit,
541 876 666 913 corpore
679 869 835 913 mundum
852 869 1022 909 ingrediens
1035 889 1052 913 Β

197 911 269 941 dicit
282 920 334 950 per
345 910 475 941 medium
494 911 596 942 David.
623 911 654 942 Si
677 911 809 950 inutiles,
831 913 937 954 inquit,
955 920 1022 946 sunt

197 955 310 992 hostiae,
327 964 418 995 quare
443 955 564 986 omnino
587 955 706 986 fuerunt
732 957 889 988 institutw?
904 959 1022 995 Quare?

195 999 320 1039 Propter
340 1000 536 1040 pervicaciam
557 999 772 1036 Judmorum,et
794 1003 864 1033 595
875 1004 944 1044 quia
958 1004 1019 1036 Deo

194 1053 314 1084 semper
328 1044 472 1075 adversati
487 1045 686 1076 sunt.Deinde
698 1047 828 1078 ostendit
843 1049 918 1088 quod
929 1049 1017 1080 etiam

193 1093 262 1120 ante
276 1088 394 1120 Domini
412 1088 645 1120 incarnationem
662 1090 730 1120 odio
749 1091 857 1123 habitae
880 1093 1017 1125 fuerinta

190 1133 377 1173 Deo.Neque
386 1133 465 1163 enim
483 1133 727 1174 dixit,Ingressus
745 1137 772 1165 in
791 1137 1014 1176 mundum,sed,

189 1177 363 1217 Ingrediens
376 1188 383 1208 :
397 1178 582 1209 ostendendo
594 1178 671 1219 quod
684 1179 856 1220 priusquam
867 1181 1017 1222 ingressus

191 1227 281 1263 esset,
298 1223 367 1254 odio
378 1223 487 1254 habita:
502 1227 596 1254 erant.

228 1269 302 1299 Alio
321 1268 418 1299 modo.
442 1268 615 1308 Ingrediens
630 1269 659 1300 in
676 1271 821 1302 mundum
837 1271 911 1302 dixit
927 1272 1014 1304 Chri-

188 1316 263 1353 stus,
290 1312 342 1343 sed
366 1321 424 1342 non
448 1313 777 1353 ingressusnidolicet
793 1315 1016 1355 ingrediebatur

187 1356 305 1397 quando
323 1356 510 1397 promittebat
521 1357 577 1397 ipsi
591 1358 680 1388 David
693 1362 722 1388 et
732 1360 919 1390 asseverabat
934 1361 1012 1401 quod

188 1401 226 1431 de
236 1401 333 1432 fructu
347 1401 457 1432 ventris
465 1402 510 1432 sui
523 1401 628 1433 sedere
643 1402 753 1433 faceret
772 1413 862 1443 super
874 1404 1013 1436 thronum

187 1454 273 1476 suum
289 1455 382 1486 usque
392 1445 422 1476 in
433 1446 615 1477 saeculum“.
634 1446 808 1485 Ingrediens
823 1448 911 1488 igitur
923 1459 1011 1480 mun-

187 1489 258 1520 dum
275 1499 328 1530 per
343 1494 428 1530 pacta
443 1490 478 1521 ad
496 1491 586 1522 David
600 1491 687 1532 facta,
703 1492 790 1522 etiam
807 1493 863 1524 hoc
872 1493 944 1524 dicit
959 1504 1013 1535 per

767 133 973 166 OECUMENII
996 133 1143 166 TRIGGAE
1163 135 1332 168 EPISGOPI

1848 133 1907 166 388

1387 205 1512 234 ΚΕΦΛΛ,
1536 196 1589 233 11".

1073 257 1087 273 α
1103 248 1235 288 Μαρτυρία
1249 248 1308 287 περὶ
1328 247 1376 281 τῆς
1389 247 1471 285 μονῆς
1492 247 1643 286 καθάρσεως
1658 247 1702 276 κάὶ
1717 245 1905 287 προσαγωγῆς

1382 288 1448 326 πρὸς
1461 287 1537 316 Θεόν,
1559 298 1573 314 ι

1113 341 1124 359 ι
1144 333 1191 360 Διὸ
1206 332 1393 372 εἰσερχόμενος
1409 333 1444 364 εἰς
1474 333 1518 360 τὸν
1546 332 1648 369 κόσμον
1676 330 1748 370 λέγει
1765 339 1772 346 '
1806 332 1906 359 Θυσίαν

1069 376 1112 403 καὶ
1146 378 1296 416 προσφορὰν
1326 379 1372 406 οὐκ
1415 375 1559 413 ἠθέλησας,
1597 379 1675 413 σῶμα
1723 374 1751 403 δὲ
1795 386 1906 414 κατηρ-

1068 419 1131 447 τίσω
1166 432 1223 458 μοι,
1262 417 1485 459 Ὀλοκαυτώματα
1519 421 1563 448 καὶ
1599 421 1658 460 περὶ
1687 420 1820 459 ἁμαρτίας
1859 421 1906 448 οὒκ

1067 463 1222 502 εὐδόκησας,
1253 465 1311 493 τότε
1340 466 1431 501 εἷπον,
1473 464 1539 493 Ἰδοὺ
1579 464 1650 498 ἥκω,
1693 464 1737 492 Ἐν
1780 463 1904 503 κεφαλίδι

1066 507 1166 546 βιϐλίου
1207 510 1352 550 γέγραπται
1394 511 1453 549 περὶ
1503 509 1579 548 ἐμοῦ,
1632 513 1678 537 τοῦ
1730 509 1847 542 ποιῆσαι
1891 510 1904 536 ὁ

1067 555 1142 592 Θεὸς,
1173 556 1203 582 τὸ
1230 555 1333 593 θέλημά
1359 566 1417 592 σου,
1448 554 1580 593 ἀνώτερον
1619 553 1703 593 λέγων
1732 552 1773 581 ὅτι
1809 552 1903 582 θυσίαν

1065 599 1109 626 καὶ
1143 600 1292 639 προσφορὰν
1322 601 1365 628 καὶ
1400 599 1610 636 ὁλοκαυτώματα
1645 599 1690 626 καὶ
1718 599 1777 637 περὶ
1810 598 1902 636 ἀμαρ-

1064 642 1132 682 τίας,
1167 645 1213 673 οὒκ
1248 644 1380 677 ἠθέλησας
1409 643 1466 672 οιῊὲ
1508 643 1664 679 εὒδόκησας,
1696 642 1798 675 αἵτινες
1832 643 1902 670 κατὰ

1064 688 1109 714 τὸν
1138 688 1219 725 νόμον
1233 689 1425 728 προσφέρονται
1444 696 1450 702 ·
1469 690 1528 716 τότε
1545 687 1653 727 εἴρηκεν
1671 695 1677 702 ·
1696 686 1762 715 Ἰδοὺ
1776 686 1842 719 ἥκω
1857 690 1902 714 τοῦ

1065 735 1185 769 ποιῆσαι,
1203 734 1217 760 ὁ
1233 734 1310 773 Θεὸς,
1326 735 1355 761 τὸ
1377 733 1481 771 θέλημά
1506 744 1564 772 σου,
1593 731 1712 770 Ἀναιρεϊ
1726 732 1757 759 τὸ
1778 734 1899 770 πρῶτον,

1064 775 1110 803 ἵνα
1145 778 1176 804 τὸ
1203 776 1320 817 δεύτερον
1343 779 1441 816 στήσῃ.
1466 777 1510 805 Ἐν
1539 779 1562 814 ᾧ
1582 775 1711 813 θελήματι
1738 775 1900 814 ἡγιασμένοι

1065 821 1186 861 ἐσμὲν,οἱ
1199 821 1240 850 διὰ
1250 823 1297 856 τῆς
1313 826 1463 862 προσφορᾶς
1478 825 1523 850 του
1533 822 1656 860 σώματος
1667 820 1755 853 Ἰησοῦ
1768 823 1896 860 Χριστοῦ,

1065 865 1177 905 ἐφάπαξ.
1199 876 1214 895 ι

1106 905 1133 938 ιΟ
1148 911 1270 950 Χριστὸς,
1293 912 1383 950 φησὶν,
1407 913 1434 939 ἓν
1457 911 1560 948 σώματι
1590 911 1626 942 εἷς
1656 911 1701 938 τὸν
1717 909 1821 947 κόσμον
1845 910 1898 937 εἶσ-

1062 955 1220 995 ερχόμενος,
1257 955 1328 994 λέγει
1351 955 1392 984 διὰ
1422 956 1502 994 μέσου
1530 959 1576 984 τοῦ
1600 953 1693 986 Δαυίδ,
1727 955 1757 982 Εἰ
1786 954 1896 994 ἀνωφε-

1061 999 1131 1039 λεῖς,
1161 1002 1250 1039 φησὶν,
1289 1002 1314 1028 αἱ
1341 1001 1437 1037 θυσίαι,
1464 999 1506 1028 διὰ
1534 1000 1558 1028 τί
1588 999 1657 1031 ὅλως
1681 999 1827 1038 ἐγίνοντο,
1847 999 1895 1026 Διὰ

1060 1044 1109 1084 τί,
1141 1046 1189 1072 Διὰ
1215 1045 1264 1078 τὴν
1291 1044 1452 1084 φιλονεικίαν
1481 1048 1533 1073 τῶν
1563 1043 1706 1081 Ἰουδαίων,
1735 1044 1780 1071 καὶ
1803 1042 1850 1072 διὰ
1865 1044 1894 1070 τὸ

1060 1088 1287 1117 ἁεὶὲναντιοῡσθαι
1313 1091 1351 1127 τῷ
1379 1093 1449 1126 Θεῷ,
1482 1090 1530 1118 Καὶ
1557 1088 1651 1117 λοιπὸν
1679 1087 1810 1116 δείκνυσιν
1842 1089 1891 1116 αὖ·

1058 1134 1117 1170 τὰς,
1135 1134 1179 1161 καὶ
1200 1134 1250 1172 πρὸ
1275 1134 1322 1168 τῆς
1352 1134 1575 1172 ὲνανθρωπήσεως
1598 1138 1643 1162 τοῦ
1672 1133 1778 1172 Κυρίου,
1813 1143 1891 1169 μεμι-

1059 1177 1176 1216 σημένας
1205 1182 1262 1215 Θεῷ
1280 1187 1286 1192 ·
1312 1181 1341 1207 οὺ
1370 1180 1420 1218 γὰρ
1442 1178 1532 1215 εἶπεν,
1564 1177 1693 1206 Εἷσελθων
1723 1178 1737 1204 ὁ
1760 1177 1894 1216 Χριστὸς,

1058 1221 1129 1258 ἀλλ’,
1145 1223 1354 1262 Εἰσερχόμενος,
1378 1222 1478 1255 δεικνὺς
1507 1222 1547 1250 ὅτι
1576 1224 1634 1262 πρὶν
1657 1221 1761 1259 εἰσέλθῃ
1791 1220 1888 1259 ἐμεμί-

1058 1278 1153 1300 σηντο.

1098 1306 1222 1343 ’Άλλως
1249 1313 1442 1352 Εἶσερχόμενος
1471 1313 1507 1344 εἷς
1536 1313 1581 1340 τὸν
1603 1313 1715 1350 κόσμον,
1744 1311 1839 1348 εἶπεν,
1874 1312 1887 1338 ὁ

1057 1357 1179 1395 Χριστὸς,
1196 1355 1256 1384 ἀλλ’
1286 1357 1348 1397 οὐχὶ
1370 1356 1504 1386 εἰσελθών,
1529 1357 1677 1396 Εἱσήρχετο
1698 1355 1725 1383 δὲ
1747 1354 1885 1394 δηλονότι,

1054 1400 1098 1428 ὅτε
1112 1404 1150 1438 τῷ
1166 1400 1249 1430 Δαυῖδ
1269 1402 1441 1442 ὑπισχνεῖτο,
1470 1402 1513 1431 καὶ
1541 1401 1690 1441 διετείνετο,
1720 1400 1750 1428 ἐκ
1779 1403 1884 1440 καρποῦ

1052 1447 1101 1479 τῇς
1136 1445 1237 1477 κοιλίας
1265 1447 1354 1486 αὑτοῦ,
1397 1446 1500 1475 καθίσαι
1540 1447 1618 1474 αὐτὸν
1646 1445 1689 1473 ἐπὶ
1718 1444 1764 1472 τοῦ
1792 1445 1885 1484 θρόνου

1053 1489 1131 1519 αὐτοῦ
1156 1489 1206 1521 ἕως
1229 1494 1275 1518 τοῦ
1304 1492 1409 1523 αἰῶνος.
1433 1490 1628 1530 Εἰσερχόμενος
1655 1493 1699 1518 οὖν
1720 1490 1757 1521 εἰς
1772 1490 1820 1516 τὸν
1836 1489 1884 1517 κό-

188 1535 325 1566 eumdem
343 1535 432 1566 David
449 1544 455 1566 ;
474 1547 485 1563 α
499 1535 573 1571 Quia
586 1536 764 1567 sacriﬁcium
780 1541 809 1568 et
829 1537 1008 1570 oblationem

1106 1546 1120 1562 ν
1148 1534 1188 1562 διὰ
1218 1539 1271 1564 τῶν
1298 1536 1364 1575 πρὸς
1395 1537 1439 1563 τὸν
1470 1534 1554 1563 Δαυῖδ
1577 1535 1725 1572 συνθηκῶν,
1747 1535 1794 1562 καὶ
1809 1537 1884 1562 τοῦτο

187 1579 307 1610 noluisti
317 1579 377 1620 49,-
390 1589 487 1620 neque
497 1581 673 1620 placuerunt
684 1581 736 1611 tibi
748 1591 813 1622 quae
825 1582 854 1612 in
864 1582 928 1622 lege
941 1592 1011 1622 per-

185 1624 410 1664 agebanturzet
424 1634 482 1655 non
508 1625 591 1662 dixit,
610 1625 675 1656 Non
695 1625 814 1666 placent
837 1636 935 1666 neque
957 1629 1011 1666 vis,

184 1669 493 1708 sed,Noluisti,neque
506 1670 753 1709 placuerunttibi;
766 1675 879 1702 tantum
895 1681 954 1702 non
964 1673 1012 1703 di-

183 1723 263 1745 cens:
278 1713 324 1744 Ab
340 1714 403 1751 ipsa
427 1714 546 1745 illarum
575 1714 789 1746 constitutione
816 1719 845 1746 et
868 1716 1013 1757 principio

182 1770 241 1791 non
257 1764 341 1791 erant
352 1761 404 1790 tibi
415 1766 505 1799 gratae
518 1770 615 1801 neque
627 1761 777 1800 placentes
793 1762 906 1794 hostire.
924 1763 1007 1799 Quod

181 1804 206 1835 si
218 1804 289 1845 quid
299 1804 387 1835 etiam
399 1805 504 1835 horum
516 1809 570 1835 ate
582 1811 754 1845 susceptum
762 1809 817 1846 est,
830 1810 950 1846 propter
959 1817 1006 1838 ac-

179 1850 348 1880 cedentium
366 1849 599 1880 imbecillitatem
618 1854 788 1890 susceptum
798 1855 856 1881 est:
869 1852 1005 1891 quando-

180 1895 301 1933 quidem
320 1903 389 1933 ergo
406 1893 469 1924 haec
486 1894 621 1934 repulisti
645 1898 674 1924 et
700 1903 807 1934 corpus
823 1897 929 1935 aptasti
947 1897 1005 1927 mi—

179 1937 220 1978 hi,
235 1942 303 1968 tunc
320 1938 404 1968 venio
421 1941 452 1968 ut
466 1937 573 1968 faciam
601 1939 680 1968 Deus
710 1939 888 1970 voluntatem
916 1944 1006 1972 tuam.

177 1981 250 2012 Nam
265 1986 293 2012 et
310 1983 366 2013 hoc
376 1983 414 2013 de
430 1992 477 2013 me
491 1983 603 2013 dictum
612 1988 730 2024 est,non
744 1988 1008 2026 utcunque,neque

177 2027 207 2057 in
225 2027 462 2064 lranscursu,sed
481 2027 511 2057 in
528 2036 617 2068 scopo
635 2032 664 2058 et
681 2033 856 2066 argumento
873 2028 941 2059 libri
958 2030 1007 2070 qui

176 2072 415 2102 vaticinationem
432 2072 469 2103 de
483 2082 530 2103 me
553 2073 634 2104 facit.
663 2073 785 2104 Librum
809 2078 908 2104 autem
934 2074 1007 2105 dixit

176 2120 271 2146 totum
300 2120 383 2147 vetus
404 2116 649 2148 instrnmentum.
675 2117 859 2157 Praecipuum
884 2118 963 2149 enim
978 2125 1007 2151 et

175 2159 382 2199 dignissimum
399 2161 509 2191 veteris
527 2162 715 2192 instrumenti
732 2167 941 2201 argumentum
959 2172 1006 2194 va-

1055 1578 1125 1618 λέγει
1141 1577 1174 1607 δι’
1204 1582 1292 1618 αὺτοῦ,
1323 1579 1363 1608 δτι
1395 1592 1409 1607 ι
1439 1579 1513 1608 Ἐπεὶ
1542 1580 1631 1607 θυσίαν
1659 1579 1704 1607 καὶ
1731 1578 1884 1618 προσφορὰν

1055 1625 1102 1652 οὐκ
1135 1624 1277 1662 ἠθέλησας,
1305 1635 1318 1652 ι
1357 1623 1414 1653 οὐδὲ
1441 1623 1591 1657 ηὒδόκησας
1621 1624 1654 1651 τὰ
1681 1623 1708 1650 ἐν
1743 1626 1784 1660 τῷ
1812 1623 1884 1660 νόμῳ

1055 1667 1208 1706 τελούμενα,
1241 1670 1290 1698 Καὶ
1326 1670 1373 1698 οὒκ
1399 1669 1487 1707 εἶπεν,
1525 1668 1564 1696 ὅτι
1593 1669 1646 1697 Οὐκ
1674 1667 1796 1700 εὐδοκεϊς
1826 1666 1882 1696 οὐδὲ

1053 1712 1147 1751 θέλεις,
1165 1713 1236 1751 ἀλλ’,
1254 1716 1307 1743 Οὔκ
1333 1713 1477 1754 ἠθέλησας,
1506 1713 1563 1742 οὐδὲ
1590 1712 1752 1752 ἠῦδόκησας,
1789 1723 1882 1750 μονον-

1054 1759 1115 1798 ουχὶ
1141 1757 1238 1798 λέγων,
1261 1759 1297 1790 ὡς
1327 1757 1387 1786 Ἀπ’
1418 1761 1499 1792 αὐτῆς
1529 1761 1578 1791 τῆς
1608 1756 1758 1790 καταϐολῆς
1798 1758 1880 1785 αὐτῶν

1053 1803 1096 1830 καὶ
1121 1805 1170 1836 τῆς
1200 1803 1346 1842 εἰσαγωγῆς
1376 1803 1423 1831 οὖκ
1457 1803 1524 1836 ἦσάν
1552 1813 1593 1830 σοι
1629 1803 1659 1830 τὸ
1681 1801 1742 1830 ὅλον
1762 1802 1879 1829 καταθύ-

1053 1858 1108 1884 μιοι
1129 1848 1173 1875 καὶ
1195 1849 1326 1887 εὐάρεστοι
1355 1849 1380 1875 αἱ
1407 1849 1502 1877 θυσίαι.
1532 1847 1616 1875 Ἀυχὰ
1645 1847 1687 1874 καὶ
1710 1846 1736 1874 εἴ
1771 1857 1798 1874 τι
1831 1848 1878 1874 αὖ·

1051 1892 1104 1919 τῶν
1125 1892 1293 1920 ἀποδέδεκτα(
1314 1903 1366 1930 σοι,
1398 1892 1440 1921 διὰ
1471 1893 1520 1926 τὴν
1550 1893 1684 1920 ἀσθένειαν
1706 1890 1876 1919 ἀποδέδεκται

1050 1940 1102 1964 τῶν
1139 1938 1336 1976 προσαγόντων,
1381 1936 1455 1965 Ἐπεὶ
1489 1937 1533 1966 οὖν
1568 1938 1610 1964 καὶ
1645 1941 1727 1965 ταῦτα
1763 1935 1874 1972 ἀπώσω,

1049 1982 1093 2009 καὶ
1120 1985 1197 2019 σῶμα
1224 1982 1374 2021 κατηρτίσω
1403 1993 1459 2019 μοι,
1489 1982 1548 2010 τότε
1569 1981 1629 2014 ἥκω
1657 1981 1699 2009 ἐπὶ
1724 1983 1764 2017 τῷ
1793 1982 1874 2012 ποιῆ-

1049 2036 1092 2053 σαι
1120 2027 1150 2053 τὸ
1177 2026 1280 2064 θέλημά
1310 2037 1367 2058 σου,
1397 2032 1479 2056 Τοῦτο
1515 2028 1564 2066 γὰρ
1605 2026 1648 2053 καί
1675 2025 1782 2065 εἴρηται
1819 2025 1874 2063 περί

1049 2069 1113 2107 ἐμοῦ
1128 2071 1188 2110 οὐχὶ
1206 2071 1296 2103 ἁπλῶς
1322 2073 1366 2099 καὶ
1392 2072 1460 2099 κατὰ
1486 2070 1609 2111 πάροδον,
1641 2069 1709 2097 ἀλλὰ
1731 2069 1873 2110 κεφάλαιον

1047 2115 1090 2142 καὶ
1126 2116 1246 2144 ὑπόθεσιν
1271 2119 1317 2143 τοῦ
1343 2114 1443 2154 βιϐλίου
1472 2116 1521 2149 τὴν
1550 2116 1607 2155 περὶ
1636 2115 1700 2153 ἐμοῦ
1729 2114 1871 2154 πρόρρησιν

1047 2160 1213 2197 ποιουμένου.
1233 2160 1336 2189 Βιϐλίον
1358 2160 1396 2200 δὲ,
1421 2160 1487 2194 ὅλην
1509 2160 1581 2199 λέγει
1609 2161 1657 2193 τὴν
1684 2158 1813 2187 παλαιάν.
1838 2159 1870 2187 Τὸ

174 2205 276 2236 ticinia
291 2208 360 2236 sunt
383 2205 421 2236 de
441 2205 568 2237 Chrisw.
590 2216 604 2236 (
621 2205 809 2237 Sacriﬁcium
826 2211 855 2237 et
871 2207 1019 2238 oblatio-t

1113 2204 1256 2245 κεφάλαιον
1286 2207 1329 2234 καὶ
1371 2207 1388 2240 ἡ
1430 2205 1628 2244 ἀξιολογωτάτη
1669 2204 1793 2235 ὑπόθεσις
1823 2204 1868 2236 τῆς

174 2259 242 2282 nem
260 2250 394 2284 noluisti.
412 2263 423 2279 ι
443 2251 498 2282 Hic
522 2251 643 2282 aﬁ‘ertur
667 2251 777 2283 Christi
805 2261 933 2292 persona
953 2253 1000 2284 lo-

173 2304 268 2335 quens
278 2296 314 2326 ad
329 2297 460 2328 Patrem.
480 2295 738 2337 Quandoquidem,
755 2296 890 2337 inquit,o
902 2297 999 2339 Pater,

173 2340 352 2371 sacriﬁcium
376 2345 405 2372 et
424 2340 606 2372 oblationem
633 2341 766 2378 noluisti,
783 2350 848 2382 quae
863 2341 1002 2374 videlicet

168 2384 638 2426 juxtalegemoﬂ'eruntur,neque
648 2385 703 2416 fuit
715 2385 767 2416 tibi
779 2385 998 2426 beneplacitum

171 2429 202 2460 in
213 2430 459 2461 holocautomatis
468 2430 685 2469 legalibus,hoc
695 2435 852 2471 est,neque
859 2431 999 2462 holocau-

171 2478 200 2505 to
206 2480 284 2507 mata
294 2475 470 2515 placuerunt
483 2475 634 2506 tibiautea
642 2475 770 2505 voluisti.
787 2487 800 2502 α
811 2474 846 2506 Ει
859 2484 912 2515 pro
927 2485 998 2515 pec-

169 2523 266 2550 cato.»
282 2519 343 2550 Hoc
355 2519 527 2556 est,oblatio
544 2529 596 2560 pro
613 2524 748 2560 peccato:
761 2529 778 2550 ει
790 2520 997 2551 communiin-

170 2563 288 2594 tellectu
301 2564 428 2594 sumitur
442 2564 555 2595 Placuit
571 2564 635 2596 tibi.
652 2565 746 2596 Recte
758 2567 856 2594 autem
872 2563 923 2601 ait,
939 2564 995 2596 Pro

131 2643 132 2646 η
169 2607 387 2648 peccato.Nam
404 2608 481 2639 inter
493 2609 648 2646 sacriﬁcia,
667 2608 801 2649 quaedam
819 2617 872 2647 pro
889 2611 994 2648 salute,

168 2652 303 2693 quaedam
318 2661 386 2683 vero
397 2662 450 2693 pro
465 2657 586 2692 peccato
600 2654 811 2684 oﬁ‘erebautur.
822 2654 863 2683 Ac
874 2654 899 2684 si
911 2653 995 2684 dice-

168 2701 222 2728 ret:
229 2697 374 2734 Quoniam
384 2707 570 2739 nequaquam
579 2698 742 2729 oblationes
749 2706 846 2738 neque
853 2698 996 2729 sacriﬁcia

207 2784 239 2809 ιε
253 2783 330 2815 Psal.
352 2792 452 2822 cxxx1,
470 2785 518 2815 lt.
563 2784 593 2809 49
608 2783 683 2815 Psal.
700 2791 800 2821 χχχιι,
815 2783 848 2814 7.

1043 2249 1169 2289 παλαιᾶς,
1201 2251 1227 2278 αἱ
1253 2251 1312 2290 περὶ
1333 2253 1446 2290 Χριστοῦ
1480 2250 1635 2289 προῤῥήσεις
1663 2249 1738 2279 εἰσίν.
1773 2258 1790 2278 (
1816 2251 1867 2276 Θυ-

1044 2293 1100 2321 σίαν
1141 2296 1184 2322 καὶ
1226 2295 1375 2334 προσφορὰν
1409 2295 1456 2322 οὐκ
1492 2295 1630 2328 ἑθέλησας.
1671 2303 1685 2323 )
1733 2292 1867 2322 Ἐντεῦθεν

1043 2338 1187 2379 εἰσφέρεται
1230 2340 1260 2368 τὸ
1287 2344 1334 2368 τοῦ
1360 2343 1470 2376 Χριστοῦ
1505 2339 1658 2379 πρόσωπον,
1689 2338 1766 2377 λέγον
1801 2338 1865 2377 πρὸς

1042 2384 1086 2411 τὸν
1129 2383 1245 2423 Πατέρα.
1288 2383 1410 2421 Ἐπειδὴ,
1454 2385 1545 2424 φησὶν,
1586 2385 1609 2411 ὤ
1651 2383 1748 2422 Πάτερ,
1779 2383 1865 2411 male“

1040 2429 1083 2456 καὶ
1108 2429 1257 2469 προσφορὰν
1286 2429 1334 2457 οὒκ
1361 2428 1503 2467 ἐθέλησας,
1532 2429 1580 2462 τὴν
1614 2429 1683 2457 κατὰ
1711 2428 1792 2465 νόμον
1815 2426 1863 2459 δη-

1039 2472 1127 2501 λονότι
1143 2474 1371 2513 προσφερομένην,
1403 2474 1460 2502 οὔτε
1490 2474 1544 2512 μὴν
1565 2473 1716 2507 ηὖδόκησας
1744 2472 1772 2500 ἐν
1801 2471 1861 2500 ὁλο-

1038 2518 1193 2556 καυτώμασι
1227 2525 1286 2550 τοῖς
1321 2519 1389 2546 κατὰ
1416 2520 1462 2547 τὸν
1497 2519 1589 2559 νόμον,
1632 2518 1777 2554 τουτέστιν,
1807 2515 1861 2546 0-30“:

1039 2562 1246 2601 ὁλοκαυτώματα
1280 2563 1442 2602 ηὖδόκησας,
1479 2563 1559 2604 ἤγουν
1588 2563 1731 2597 ἠθέλησας.
1765 2574 1778 2590 α
1815 2561 1859 2590 Καὶ

1036 2608 1095 2647 περὶ
1128 2609 1267 2647 ἁμαρτίας.
1302 2620 1313 2636 η
1343 2609 1477 2646 Τουτέστι,
1514 2609 1663 2648 προσφορὰν
1692 2608 1751 2647 περὶ
1779 2607 1858 2645 ἆμαρ-

1037 2653 1104 2684 τίας.
1151 2654 1217 2681 Ἀπὸ
1258 2659 1346 2683 κοινοῦ
1392 2655 1433 2694 τὸ,
1490 2653 1653 2687 Εὒδόκησας.
1698 2652 1792 2683 Καλῶς
1832 2649 1856 2677 δέ

1037 2708 1101 2736 φησι
1130 2698 1192 2738 Περὶ
1223 2698 1362 2736 ἁμαρτίας.
1406 2700 1464 2727 Τῶν
1505 2699 1556 2738 γὰρ
1595 2700 1700 2740 θυσιῶν,
1744 2699 1768 2725 αἱ
1810 2695 1854 2734 μὲν
