1929 3079
221 124 280 156 395

781 126 986 158 (ECUMENII
1008 124 1155 155 TRICCIE
1173 122 1340 154 EPISGOPI

1847 120 1901 152 396

221 201 304 232 spem
328 191 443 222 ﬁrmam
468 196 498 224 et
526 192 743 223 inconcussam.
761 192 853 229 Quam
882 193 990 232 spem?
1005 192 1028 224 U

1122 201 1130 222 ;
1166 189 1269 222 ἐλπίδος
1307 191 1405 223 ταὺςης
1442 190 1586 229 ὁμολογίαν
1620 188 1726 228 βεϐαίαν
1762 189 1808 216 καὶ
1842 187 1898 214 ἀσά-

220 245 374 276 speremus
387 245 440 276 per
455 237 628 276 sanguinem
644 236 755 267 Christi
767 237 918 269 introitum
934 238 965 268 in
980 247 1041 268 cae-

219 279 293 320 lum,
310 282 388 320 quod
402 290 456 321 per
479 281 575 320 ipsum
603 281 793 320 ignoscantur
808 281 893 312 nobis
909 287 1040 322 peccata,

220 325 298 365 quod
318 325 478 365 peripsum
495 325 575 364 digni
591 325 755 356 habeamur
770 326 821 366 qui
835 326 864 356 in
878 327 954 357 ﬁlios
967 327 1040 358 ado-

219 373 368 409 ptemuru
382 369 493 400 Fidelis
508 371 586 400 enim
598 375 643 401 est
658 370 706 410 qui
724 370 893 410 promisit.»
911 373 973 402 Hoc
984 376 1038 408 est,

219 421 315 443 verax.
331 413 407 449 Quid
423 418 522 444 autem
541 414 697 453 promisit?
713 414 795 450 Quod
813 415 1042 454 ingrederemur

220 457 252 487 in
267 467 391 496 regnum
407 457 512 498 ipsius.
533 459 642 495 «Volo,
656 458 764 498 inquit,
782 463 812 490 ut
827 459 877 490 ubi
901 469 966 490 sum
987 470 1040 500 ego

221 502 319 541 etipsi
335 501 394 533 sint
416 511 531 532 mecum
547 503 586 533 55.
603 516 615 530 ιι
635 502 711 533 Dixit
726 503 816 541 enim,
834 505 903 544 lpsi,
922 509 1042 545 propter

221 544 336 576 ﬁdeles.

469 637 539 667 598
561 637 683 669 CAPUT
707 637 781 668 XIV.

261 682 450 714 Exhortatio
478 683 518 714 ad
546 684 688 754 virtgtem
716 694 756 715 ex
780 685 887 716 timore
902 684 1002 724 futuri

572 733 603 755 iu
630 733 692 755 tctt.

586 733 692 755 uaicu.

260 768 296 806 Χ,
315 770 424 800 24-25.
438 770 479 801 Et
494 733 780 802 ceiiszj'deremus'nos
797 772 925 802 invicem
942 772 973 802 in
987 771 1041 803 hoc

219 817 254 846 ut
265 823 459 854 provocemus
469 815 508 845 ad
521 816 706 846 charitatem
724 820 754 846 et
770 815 848 847 bona
862 825 966 855 opera,
980 826 1041 848 non

219 859 387 890 deserentes
402 860 634 899 aggregationcs
660 861 769 898 nostri,
799 861 890 891 sicuti
909 869 971 892 mos
996 866 1042 892 est

217 903 393 934 nonnullis:
411 897 464 934 sed
480 897 686 942 ea/iortantes,
696 905 787 944 idque
801 905 956 945 hocmagis
964 914 1028 944 quoe

1122 900 1206 925 τοῦτον
1254 897 1367 937 μᾶλλον,

217 947 326 978 videtis
340 949 633 988 appropinquantem
645 949 736 980 diem.

260 992 319 1022 (Et
331 991 555 1023 consideremus
569 1002 624 1023 nos
651 993 789 1030 invicem,
812 1007 822 1020 ι
837 993 914 1033 quod
932 993 1039 1024 fratres

218 1036 311 1067 simus
325 1046 332 1066 :
346 1036 423 1076 quod
439 1045 508 1075 grex
530 1046 605 1067 unus
620 1038 708 1068 unius
725 1037 871 1078 pastoris:
889 1039 944 1069 hoc
960 1038 1038 1068 enim

218 1080 338 1119 augebit
353 1086 486 1111 mutuam
500 1080 765 1113 dilectionem.Aut
780 1082 1006 1113 consideremus
1014 1082 1039 1112 si

220 1125 286 1165 quis
301 1124 412 1165 probus
435 1126 483 1161 sit,
499 1129 532 1155 ut
559 1126 638 1158 hunc
661 1127 877 1157 imitetur.,Aut
901 1127 981 1157 circa
1004 1136 1039 1158 ea

218 1169 411 1205 nosiinvicem
435 1169 669 1209 consideremus,
693 1180 816 1211 quorum
837 1171 994 1202 curiositas
1010 1175 1039 1201 et

218 1218 387 1244 scrutamen
405 1222 439 1244 ac
459 1214 708 1252 consideratio,ad
721 1215 910 1246 dilectionem
922 1215 1039 1247 exacuit

216 1261 246 1288 et
255 1258 377 1288 incitat:
396 1258 452 1288 hoc
462 1261 559 1289 autem
577 1259 689 1290 faciunt
703 1260 753 1299 qui
775 1259 849 1290 nihil
867 1269 986 1299 pravum
1000 1260 1037 1291 de

216 1311 249 1333 se
260 1302 388 1333 invicem
413 1302 523 1342 ferunt,
541 1306 640 1333 omnia
663 1308 760 1334 autom
776 1303 806 1334 in
819 1303 926 1334 bonam
938 1313 970 1334 ac
988 1312 1033 1334 sa-

216 1347 333 1377 niorem
351 1351 463 1386 partem
480 1347 727 1387 rejiciunt,etiam
743 1357 808 1388 quae
823 1347 959 1378 videntur
972 1357 1037 1378 esse

219 1390 336 1421 delicta.
356 1402 366 1418 ι
384 1391 420 1421 Ut
432 1399 627 1430 provocemus
641 1391 677 1422 ad
694 1392 878 1422 charitatem.
895 1404 907 1419 ι
924 1391 962 1422 Ut
972 1400 1037 1423 exa-

219 1443 342 1464 euamus
367 1437 396 1464 et
417 1443 575 1472 augeamus
603 1438 732 1465 mutuam
753 1434 952 1466 dilectionem.
972 1447 985 1463 ι
1002 1435 1036 1466 Et

216 1477 295 1508 bona
310 1477 471 1516 opera.nEt
487 1482 517 1508 ut
533 1487 709 1510 exacuamur
723 1479 758 1510 ad
771 1479 946 1510 imitandum
969 1479 1036 1510 illos

216 1521 267 1561 qui
279 1525 433 1552 versantnr
446 1521 477 1551 in
491 1521 577 1552 bonis
593 1523 742 1563 operibus.
759 1535 771 1550 α
789 1523 1034 1563 Aggregationem

215 1565 380 1596 nostri.nUt
395 1575 515 1605 semper
529 1566 559 1596 in
573 1567 709 1598 eumdem
733 1568 830 1598 locum
846 1567 1032 1604 conveniant,

217 1609 387 1640 dilectionis
402 1614 448 1640 est
463 1610 668 1650 productivum
685 1621 691 1643 :
709 1611 820 1642 idcirco
837 1612 974 1651 prohibet
987 1622 1034 1643 se-

215 1655 398 1694 parationem
411 1665 416 1682 ε
431 1663 504 1693 opus
520 1654 599 1685 enim
616 1655 767 1686 charitatis
782 1665 840 1686 non
856 1660 900 1686 est
915 1655 1030 1693 divisio,

214 1698 268 1729 sed
284 1698 368 1728 fortis
381 1702 411 1729 et
425 1703 526 1729 exacta
537 1699 866 1739 unio.Aggregationem
876 1700 1034 1740 appellavit

214 1746 348 1772 mutuum
377 1751 568 1774 consensum.
589 1756 602 1771 τι
615 1744 674 1774 Sed
698 1745 898 1775 exhortantes.
918 1757 931 1771 ιι
945 1744 1033 1780 QUIB-

215 1787 309 1817 nam?
337 1787 573 1826 aggregationem
605 1788 709 1826 nostri,
735 1789 790 1820 hoc
813 1794 870 1826 est,
888 1793 1030 1820 mutuam.

215 1830 314 1862 Nama
325 1831 478 1862 communi
493 1841 582 1862 sensu
603 1833 817 1863 resumendum
835 1838 878 1864 est
892 1842 1032 1873 aggrega-

210 1875 322 1906 tionem
338 1876 443 1906 nostri.
471 1875 641 1908 Exhortatio
658 1886 727 1908 vero
746 1878 962 1917 aggregationis
977 1881 1031 1916 est,

208 1923 243 1950 ut
257 1924 391 1960 prompte
400 1924 429 1951 et
444 1920 534 1960 longo
546 1925 680 1962 tempore
691 1922 775 1953 nobis
792 1927 891 1952 mutuo
903 1923 1032 1961 conjun-

208 1973 366 2003 gamur.—
381 1964 446 1995 Alio
466 1965 562 1996 modo.
584 1978 597 1993 κ
620 1965 678 1997 Sed
708 1967 907 1997 exhortantes.
932 1978 943 1994 ι)
969 1967 1029 1997 lm-

209 2008 377 2039 becilliores
392 2009 580 2040 videlicet.Et
597 2013 688 2049 tanto,
705 2011 811 2051 inquit,
829 2011 914 2041 nobis
939 2011 1032 2050 magis

209 2061 282 2092 opus
300 2057 344 2082 est
368 2052 543 2085 charitatem
568 2064 601 2085 ac
616 2055 694 2086 bona
709 2064 799 2095 opera
815 2055 986 2086 desiderare
1003 2059 1032 2085 et

207 2097 343 2137 adipisci,
357 2101 466 2137 quanto
493 2107 587 2139 magis
609 2100 827 2140 appropinquat
840 2099 904 2129 dies
912 2099 1028 2139 judicii.

208 2141 271 2172 Hoc
300 2146 398 2172 autem
428 2145 516 2173 etiam
540 2144 576 2174 ad
605 2144 838 2175 consolationem
868 2144 940 2184 ipsis
956 2149 1029 2182 erat,

209 2194 317 2226 nempe
333 2186 498 2225 defatigatis
515 2192 636 2228 propter
647 2188 833 2219 alﬂictiones.

248 2230 547 2268 599X,96-3‘1.Nam
559 2233 611 2264 ubi
622 2235 793 2264 voluntarie
800 2241 958 2273 peceumus
966 2238 1031 2272 post

206 2280 358 2315 acceptum
367 2277 563 2315 cognitionem
576 2278 786 2318 veritatismon
798 2277 884 2308 ultra
898 2286 952 2318 pro
958 2286 1030 2318 pec-

207 2322 283 2351 catis
295 2319 413 2359 reliqua
431 2325 474 2350 est
494 2321 660 2359 hostia,sed
679 2321 880 2361 formidabilis
893 2322 1032 2362 quaedam

205 2365 389 2404 exspectatio
392 2365 502 2404 judicii
507 2370 532 2397 et
539 2367 623 2405 ignis
630 2366 714 2397 zelus
723 2367 773 2406 qui
783 2366 981 2398 devoraturus
989 2369 1033 2398 est

205 2408 485 2447 adversarios.Qui
497 2414 679 2450 aspernatus
685 2410 860 2450 fueritjlosi
871 2410 1032 2451 legem,ab-

203 2461 275 2492 sque
294 2453 512 2486 misericordia
530 2456 584 2486 sub
602 2456 717 2486 duobus
736 2458 789 2486 aut
805 2455 900 2486 tribus
911 2455 1032 2487 testibus

201 2498 470 2535 moritur.Quanto
478 2501 594 2539 putatis
601 2501 699 2540 pejori
707 2499 864 2539 afﬁcietur
872 2500 1029 2540 supplicio,

202 2545 256 2582 qui
271 2542 383 2573 Filium
400 2542 458 2573 Dei
472 2544 729 2582 conculcaverit,et
741 2545 920 2584 sanguinem
936 2548 1027 2575 testa-

200 2587 294 2618 menti
303 2595 490 2618 communem
499 2588 639 2620 habuerit
646 2597 703 2629 per
711 2597 797 2628 quem
809 2589 1027 2627 fueratsancti—

199 2631 350 2671 ﬁoatus,et
358 2632 502 2672 spiritum
514 2634 624 2673 gratim
636 2634 748 2672 injuria
759 2632 915 2673 effecerit?
929 2632 1026 2665 Novi-

200 2684 267 2706 mus
282 2676 361 2706 enim
378 2685 446 2707 eum
471 2678 524 2718 qui
543 2678 624 2709 diruit
635 2681 644 2691 '
663 2680 761 2709 Meum
777 2681 820 2708 est
841 2677 954 2718 ulcisci,
972 2688 1026 2720 ego

239 2757 370 2788 55.10am
387 2766 446 2795 xvr,
469 2757 518 2789 94.

1083 234 1184 265 λευτον,
1218 236 1296 266 Ποίας
1326 233 1454 274 ἐλπίδος;
1492 235 1528 262 Τὸ
1556 233 1668 269 ἐλπίζειν
1703 232 1745 261 διὰ
1779 231 1828 260 τοῦ
1862 231 1903 258 αἳ-

1083 290 1165 316 ματος
1192 282 1237 306 τοῦ
1267 282 1379 317 Χριστοῦ
1414 281 1462 311 τὴν
1491 279 1527 310 εἷς
1556 279 1679 319 οὐρανοὺς
1715 276 1833 306 εἴσοδον,
1872 276 1903 304 Τὸ

1083 323 1204 363 ἀφεῖσθαι
1234 325 1300 360 ἡμῖν
1329 322 1362 350 δι’
1392 322 1470 352 αὐτοῦ
1497 323 1544 355 τὰς
1573 322 1714 362 ἁμαρτίας.
1744 322 1791 361 Τὸ,
1823 319 1903 352 ἆξιωο

1082 368 1206 403 θήσεσθαι
1234 368 1360 398 υἱοθεσίας
1391 366 1423 394 δι’
1446 368 1536 396 αὐτοῦ,
1577 378 1587 394 ι
1613 367 1709 398 Πιστὸς
1737 366 1828 406 γαρ,ι
1845 375 1903 392 του-

1083 412 1179 448 τέστιν,
1209 424 1222 438 α
1239 411 1340 445 ἀληθὴς
1370 413 1384 439 ὁ
1405 410 1641 450 ἐπαγγειλάμενος.
1666 422 1679 438 ι
1705 411 1734 440 Τί
1761 409 1790 437 δὲ
1827 409 1904 447 ἒπηγη

1082 456 1213 496 γειλατο,
1236 457 1266 484 τὸ
1281 455 1408 484 εἰσελθεῖν
1421 457 1492 493 ἡμᾶς
1516 457 1552 488 εἷς
1581 455 1629 489 τὴν
1658 454 1793 493 βασιλείαν
1816 455 1901 483 αὐτοῦ’

1085 512 1098 528 κ
1116 499 1191 529 Θέλω
1205 501 1266 540 γὰρ,
1293 501 1383 540 φησὶν,
1412 500 1458 528 ’ίνα
1490 500 1557 528 ὅπου
1585 501 1638 538 εἰμὶ
1669 499 1734 539 ἐγὼ,
1764 499 1810 527 καὶ
1836 499 1901 526 οὗτοι

1083 545 1132 573 ὦσι
1147 544 1205 582 μετ’
1222 545 1297 582 ἐμοῦ.
1325 557 1335 573 ιι
1369 546 1403 573 Τὸ
1425 545 1486 584 γὰρ,
1510 546 1598 574 οὗτοι.
1627 544 1669 572 διὰ
1703 544 1762 577 τοὺς
1799 543 1902 573 πιστοὺς

1084 590 1161 618 εἶπεν
1166 614 1172 621 ,

1396 638 1521 664 suam.
1541 629 1596 665 ω’.

1125 690 1139 705 ι
1160 680 1299 719 ιΙροτροπὴ
1321 679 1437 712 σπουδῆς
1465 680 1532 708 κατὰ
1550 677 1631 719 φρὸον
1645 681 1695 712 τῆς
1717 678 1868 717 μελλούσης

1413 720 1535 759 κρίσεως,
1554 731 1568 747 ι

1125 774 1135 790 ι
1155 764 1204 792 Καὶ
1225 768 1396 802 κατανοῶμεν
1415 763 1547 799 ἀλλήλους
1564 764 1600 795 εἷς
1616 762 1783 803 παροξυσμὸν
1800 763 1902 801 ἀγάπης

1084 808 1125 835 καὶ
1140 807 1229 836 καλῶν
1245 807 1339 848 Emit-iv,
1355 809 1394 846 μὴ
1410 808 1630 848 ἐγκαταλιπόντες
1641 808 1690 841 τὴν
1701 807 1900 846 ἐπισυναγωγὴν

1081 851 1192 888 ἑαυτῶν,
1222 854 1307 885 καθὼς
1330 852 1386 885 ἔθος
1416 853 1494 893 τισὶν,
1523 852 1591 880 ἀλλά
1613 852 1840 891 παρακαλοῦντες,
1863 852 1901 878 καὶ

1417 897 1471 934 ὅσῳ
1512 897 1623 935 βλέπετε
1663 896 1818 936 ἐγγίζουσιν
1858 896 1900 928 τὴν

1080 941 1191 980 ἡμέραν,
1214 953 1224 969 ι

1124 996 1137 1012 ι
1183 987 1230 1014 Καὶ
1263 987 1471 1024 κατανοῄσωμεν
1497 985 1642 1024 ἀλλήλους,
1678 998 1691 1014 ι
1722 985 1775 1024 ὅτι,
1815 988 1899 1026 φησὶν,

1080 1029 1185 1069 ἀδελφοί
1226 1030 1316 1068 ἐσμεν,
1361 1031 1401 1059 ὅτι
1437 1030 1536 1069 ποίμνη
1580 1031 1625 1069 μία
1666 1030 1793 1068 ποιμένος
1837 1031 1900 1069 ἑνός.

1080 1067 1161 1102 Tauro
1183 1074 1232 1113 γὰρ
1258 1067 1372 1110 αὐξήσει
1400 1076 1450 1109 τὴν
1484 1067 1521 1107 εἰς
1550 1067 1681 1110 ἀλλήλους
1709 1067 1830 1114 ἀγάπην,
1874 1067 1900 1103 Ἦ

1080 1121 1250 1158 κατανοῶμεν
1272 1118 1298 1147 εἴ
1319 1130 1360 1150 τις
1395 1119 1526 1158 ἐνάρετος,
1562 1119 1609 1147 ἵνα
1643 1123 1734 1147 τοῦτον
1764 1119 1895 1157 ζηλῶμεν.

1084 1153 1112 1190 Ἦ
1140 1153 1207 1201 περὶῆ
1220 1163 1310 1192 ἐκεῖνα
1331 1153 1475 1201 ἂλλήλοῦς,
1498 1153 1680 1202 κατανοῶμεν,
1710 1165 1748 1191 ὧν
1817 1153 1896 1192 πολυ-

1079 1207 1252 1246 πραγμοσύνη
1287 1209 1330 1236 καὶ
1365 1207 1455 1246 ἔρευνα
1489 1209 1532 1236 καὶ
1566 1209 1726 1242 κατανόησις
1758 1210 1795 1241 εἰς
1833 1209 1896 1247 ἀγά-

1079 1261 1133 1284 πην
1167 1251 1248 1288 ἁκονᾷ
1277 1253 1320 1280 καὶ
1344 1253 1502 1292 παραθήγει.
1531 1252 1613 1281 Τοῦτο
1653 1252 1680 1281 δὲ
1716 1257 1838 1281 ποιοῦσιν
1877 1255 1896 1281 οἱ

1079 1294 1175 1334 φαυλον
1217 1296 1266 1333 μὲν
1307 1297 1366 1336 περὶ
1414 1296 1550 1332 ἀλλήλων,
1601 1296 1684 1335 μηδὲν
1724 1297 1895 1338 ἀνεχόμενοι1

1079 1339 1162 1367 πάντα
1183 1338 1210 1367 δὲ
1232 1341 1268 1372 εἰς
1287 1341 1318 1368 τὸ
1339 1341 1436 1379 ἀγαθὸν
1469 1342 1512 1368 καὶ
1543 1340 1650 1379 ἄμεινον
1678 1340 1894 1379 ἐκλαμϐάνοντες,

1078 1384 1121 1410 καὶ
1150 1384 1165 1411 ἃ
1193 1383 1267 1412 δοκεῖ
1296 1385 1367 1413 εἶναι
1389 1384 1575 1423 ἐλαττώματα,
1614 1397 1628 1412 ι
1659 1387 1702 1417 Εἰς
1734 1386 1897 1424 παροξυσμὸν

1078 1427 1195 1467 ἀγάπης.
1234 1440 1245 1457 ι
1284 1430 1326 1462 Εἰς
1367 1431 1397 1457 τὸ
1438 1429 1578 1468 παροξῦναι
1613 1431 1657 1458 καὶ
1698 1430 1811 1464 αὐξῆσαι
1853 1431 1896 1464 τὴν

1077 1473 1113 1503 εἷς
1135 1472 1266 1508 ἀλλήλους
1294 1474 1412 1513 ἀγάπην.
1444 1486 1454 1501 ι
1487 1475 1536 1503 Καὶ
1562 1474 1649 1502 καλῶν
1678 1474 1773 1513 ἔργων,
1808 1487 1822 1502 ι
1853 1476 1895 1504 Καὶ

1076 1516 1121 1544 ’ίνα
1155 1517 1354 1557 παροξυνθῶμεν
1381 1518 1477 1554 ζηλοῦν
1511 1519 1570 1551 τοὺς
1605 1519 1632 1546 ἐν
1659 1518 1770 1558 ἀγαθοῖς
1801 1519 1893 1559 ἔργοις.

1079 1572 1092 1588 (ι
1123 1562 1176 1594 Τὴν
1198 1562 1240 1590 ἐπὶ
1266 1563 1421 1602 συναγωγὴν
1456 1563 1566 1592 ἑαυτῶν.
1590 1574 1605 1593 ›
1635 1565 1670 1592 Τὸ
1698 1564 1748 1604 γὰρ
1778 1565 1819 1592 ἀεὶ
1841 1575 1894 1592 συν-

1075 1608 1158 1646 ῆχθαι
1173 1606 1215 1635 ἐπὶ
1229 1608 1259 1635 τὸ
1275 1609 1348 1638 αὐτὸ.
1365 1608 1471 1646 ἀγάπης
1502 1608 1556 1636 ἐστὶ
1577 1609 1744 1647 γεννητικόν.
1778 1611 1826 1638 Διὸ
1854 1610 1894 1638 τὸν

1075 1652 1211 1690 χωρισμὸν
1248 1651 1415 1691 ἀπαγορεύει.
1460 1647 1560 1692 ’Ἔργον
1600 1654 1650 1692 γὰρ
1689 1655 1737 1686 τῆς
1778 1654 1891 1694 ἀγάπης,

1075 1697 1126 1734 οὺχ
1155 1697 1171 1729 ἠ
1200 1695 1333 1737 διαίρεσις,
1363 1696 1421 1725 ἀλλ’
1450 1698 1468 1732 ἦ
1497 1696 1605 1737 ἀκριϐὴς
1633 1697 1737 1729 ἕνωσις.
1770 1697 1890 1727 Ἐπισυν-

1075 1741 1183 1779 αγωγὴν
1203 1744 1252 1775 τὴν
1275 1742 1424 1781 συμφωνίαν
1453 1741 1586 1771 ἐκάλεσεν.
1614 1753 1626 1770 ι
1658 1742 1739 1771 Ἀλλὰ
1768 1755 1890 1780 παρακα-

1074 1783 1190 1816 λοῦντες.
1207 1795 1223 1814 )
1248 1786 1332 1826 Τίνα,
1363 1789 1410 1820 τὴν
1439 1786 1642 1826 ἐπισυναγωγὴν
1673 1788 1785 1826 ἑαυτῶν,
1819 1799 1891 1816 τουτ-

1075 1829 1154 1867 έστιν,
1178 1829 1321 1865 ἀλλήλους,
1351 1829 1418 1859 Ἀπὸ
1444 1835 1533 1859 κοινοῦ
1560 1832 1610 1871 γὰρ
1637 1832 1686 1863 τὴν
1728 1832 1891 1872 ἐπισυναγω-

1074 1874 1124 1912 γὴν
1154 1874 1252 1903 ἑαυτῶν
1279 1874 1406 1908 ληπτέοι.
1453 1875 1621 1915 Παράκλησις
1659 1875 1686 1904 δὲ
1726 1877 1891 1917 ἐπισυναγω-
1923 1877 1925 1880 ’

1073 1920 1136 1957 γῆς,
1178 1920 1208 1946 τὸ
1250 1920 1399 1958 προθύμως,
1442 1920 1485 1948 καὶ
1513 1919 1554 1948 διὰ
1581 1926 1682 1972 μακροῦ
1716 1925 1763 1950 τοῦ
1799 1923 1891 1962 χρόνου

1073 1962 1288 1992 ἐπισυνάπτεσθαι
1308 1964 1423 1997 ἑαυτοῖς.
1441 1981 1479 1988 —
1504 1964 1610 2004 [ΦΩτά
1640 1962 1761 1999 ’ΛΛλως.
1783 1978 1798 1997 ‹
1815 1967 1891 1996 Ἀλλὰ

1072 2007 1294 2046 παρακαλοῦντες.
1326 2021 1340 2036 xi
1372 2014 1435 2042 Τοῖς
1465 2010 1658 2049 ἀσθενεστέροις
1679 2009 1816 2044 δηλονότι.
1847 2012 1893 2040 Καὶ

1072 2052 1199 2090 τοσούτῳ,
1216 2054 1290 2093 φησὶ,
1308 2053 1408 2091 μᾶλλον
1430 2053 1471 2082 δεῖ
1495 2055 1564 2091 ἡμῖν
1596 2055 1703 2094 ἀγάπης
1733 2056 1776 2084 καὶ
1805 2055 1889 2084 καλῶν

1073 2095 1139 2134 ἕγων
1151 2097 1353 2138 ἀντιποιεῖσθαι,
1369 2098 1423 2135 ὅσῳ
1438 2098 1539 2136 μᾶλλον
1554 2098 1694 2135 πλησιάζει
1710 2101 1726 2134 ἡ
1741 2101 1830 2141 ἡμέρα
1846 2103 1890 2133 τῆς

1072 2141 1191 2179 κρίσεως.
1210 2147 1290 2172 Τοῦτο
1305 2141 1331 2170 δὲ
1347 2143 1389 2170 καὶ
1404 2144 1552 2181 παραμυθία
1566 2143 1598 2176 ἦν
1614 2143 1716 2182 αὐτοῖς,
1733 2145 1889 2185 ἀπειρηκόσι
1922 2177 1925 2186 Ι

1042 2187 1064 2211 D
1073 2186 1137 2223 πρὸς
1153 2187 1212 2218 τοὺς
1226 2188 1398 2226 πειρασμούς.

1115 2241 1128 2258 σ
1171 2233 1300 2263 Εκουσίως
1340 2233 1389 2271 γὰρ
1424 2233 1626 2271 ἁμαρτανόντων
1663 2234 1741 2272 ἡμῶν
1769 2235 1836 2272 μετᾶ
1863 2235 1890 2261 τὸ

1073 2273 1164 2303 Λαϐετν
1206 2276 1255 2310 τήν
1297 2276 1436 2316 ἐπίγνωσιν
1487 2278 1535 2310 τῆς
1588 2277 1724 2316 ἀληθείας,
1768 2281 1815 2308 οὒκ
1855 2278 1888 2306 ἔτι

1073 2319 1131 2358 περὶ
1173 2320 1308 2360 ἁμαρτιῶν
1359 2321 1528 2350 ἀπολείπεται
1571 2323 1644 2351 θυσία
1662 2331 1668 2338 ⁸
1721 2322 1819 2364 φοϐερὰ
1865 2322 1888 2350 δέ

1072 2374 1111 2396 τις
1153 2363 1253 2405 ἐκδοχὴ
1300 2366 1408 2404 κρίσεως
1459 2368 1502 2394 καὶ
1551 2368 1630 2406 πυρὸς
1678 2367 1758 2403 ζῆλος
1801 2368 1888 2396 ἐσθίειν

1074 2408 1216 2445 μέλλοντος
1258 2410 1318 2443 τοὺς
1358 2411 1537 2443 ὑπεναντίους.
1585 2412 1730 2447 Ἀθετήσας
1773 2424 1812 2444 τις
1853 2412 1889 2440 νό-

1073 2463 1121 2490 μον
1158 2454 1287 2487 Μωϋσέως
1323 2456 1405 2495 χωρὶς
1441 2456 1583 2495 οἰκτιρμῶν
1619 2457 1662 2484 ἐπὶ
1690 2456 1760 2485 δυσὶν
1790 2458 1807 2491 ἢ
1829 2457 1890 2496 τρισὶ

1073 2499 1197 2538 μάρτυσιν
1252 2500 1425 2535 ἀποθνήσκει.
1489 2501 1568 2538 Πόσῳ
1619 2499 1722 2530 δοκεῖτε
1778 2503 1891 2542 χείρονος

1069 2542 1241 2579 ἀξιωθήσεται
1288 2545 1428 2585 τιμωρίας,
1481 2547 1494 2574 ὁ
1545 2547 1590 2573 τὸν
1643 2546 1702 2574 Υἱὸν
1743 2551 1790 2576 τοῦ
1831 2550 1890 2574 Θεου

1068 2591 1270 2627 καταπατήσας,
1306 2591 1350 2618 καὶ
1382 2592 1412 2618 τὸ
1448 2593 1518 2629 αἷμα
1552 2593 1600 2625 τῆς
1631 2589 1761 2626 διαθήκης
1808 2592 1889 2620 κοινὸν

1067 2633 1248 2675 ἡγησάμενος,
1277 2635 1304 2663 ἐν
1332 2637 1355 2663 ὦ
1389 2635 1513 2675 ἡγιάσθη,
1551 2636 1595 2663 καὶ
1630 2636 1660 2663 τὸ
1699 2639 1802 2674 πνεῦμα
1841 2635 1884 2668 τῆς

1067 2679 1175 2718 χάριτος
1223 2678 1367 2718 ἐνῶρίσας,
1423 2679 1540 2718 Οἴδαμεν
1593 2680 1642 2719 γὰρ
1685 2681 1728 2708 τὸν
1771 2681 1882 2715 εἰπόντι,
