1929 3079
208 117 268 150 395

769 116 974 148 OECUMENII
996 112 1142 145 TRICCIE
1161 109 1328 142 EPISCOPI

1839 104 1901 136 396

209 194 292 225 spem
316 185 431 215 ﬁrmam
456 188 486 216 et
514 184 731 214 inconcussam.
749 182 841 220 Quam
871 182 978 222 spem?
993 181 1021 213 U1

1115 190 1118 211 ι
1154 177 1257 210 ἐλπίδος
1295 178 1393 210 ταὺτης
1430 176 1573 215 ὁμολογίαν
1607 173 1714 213 βεϐαίαν
1751 174 1794 201 καὶ
1832 171 1898 225 ἆσέ-

208 238 363 269 speremus
375 238 428 269 per
444 229 616 268 sanguinem
632 227 743 258 Christi
755 227 907 259 introitum
923 228 953 258 in
968 236 1029 258 cte-

208 273 282 314 lum,
299 275 377 314 quod
390 283 445 313 per
468 273 564 313 ipsum
591 272 782 311 ignoscantur
796 271 881 302 nobis
898 276 1028 312 peccata,

209 318 288 358 quod
307 327 359 357 per
370 318 466 358 ipsum
484 317 564 356 digni
579 317 743 347 habeamur
759 317 809 356 qui
824 317 853 347 in
867 317 942 347 ﬁlios
955 317 1029 347 ado-

209 366 357 402 ptemuru
371 362 482 392 Fidelis
497 363 576 392 enim
587 366 632 392 est
647 361 695 400 qui
713 361 858 401 promisit.
869 374 882 389 »
899 363 962 392 Hoc
974 365 1028 397 est,

208 415 305 437 verax.
321 405 397 442 Quid
412 410 511 436 autem
530 405 687 445 promisit?
702 405 784 440 Quod
802 405 1031 445 ingrederemur

210 450 242 481 in
257 460 380 490 regnum
397 450 501 490 ipsius.
523 461 536 479 ι
547 450 631 487 Volo,
645 449 754 489 inquit,
771 453 802 480 ut
817 449 867 480 ubi
890 459 956 480 sum
976 459 1029 489 ego

211 495 309 535 etipsi
324 494 384 526 sint
405 503 521 525 mecum
536 495 576 524 55.
593 507 605 521 ι)
625 494 700 525 Dixit
716 494 806 532 enim,
824 494 893 534 Ipsi,
912 499 1031 534 propter

211 538 326 569 ﬁdeles.

460 629 529 659 598
551 628 674 660 CAPUT
697 628 772 660 XIV.

252 675 441 707 Exhortatio
469 676 508 706 ad
537 676 679 745 virtgtem
707 685 746 706 ex
771 675 878 706 timore
893 674 992 714 futuri

564 725 595 746 iu
616 725 683 746 τισιι.

564 725 683 746 uaccu.

252 762 287 800 Χ,
307 763 414 793 24—25.
429 762 470 793 Et
486 725 772 793 conszj'dei‘emus'nos
789 762 917 792 invicem
933 762 965 792 in
978 761 1032 792 hoc

211 810 246 839 ut
257 816 450 847 provocemus
461 807 500 837 ad
513 807 697 838 charitatcm
715 811 745 837 et
762 806 840 837 bona
854 815 958 845 opera,
972 815 1032 837 non

211 837 379 883 deserentes
393 852 626 892 aggregationcs
652 851 760 888 nostri,
791 837 881 882 sicuti
901 837 964 881 mos
988 859 1019 882 es

1115 841 1183 876 ιτῶν,
1213 841 1299 872 καθὼς
1322 840 1378 872 ἔθος
1408 840 1486 879 τισὶν,
1515 838 1583 867 ἀλλά
1604 837 1833 877 παρακαλοῦντες,

1138 888 1149 892 -
1268 884 1310 892 ..ις
1410 884 1422 892 ll
1504 883 1530 892 n‘
1544 883 1548 892 V
1656 882 1663 892 9
1708 882 1726 892 νυ

1071 223 1173 253 λευτον.
1207 223 1284 254 Ποίας
1314 221 1442 260 ἐλπίδος;
1480 221 1516 249 Τὸ
1544 219 1656 255 ἐλπίζειν
1692 217 1734 246 διὰ
1767 216 1816 245 τοῦ
1855 215 1903 242 αἳ-

1071 278 1154 305 ματος
1179 270 1225 295 τοῦ
1255 269 1368 305 Χριστοῦ
1402 267 1450 298 τὴν
1479 265 1516 296 εἰς
1545 265 1667 305 οὐρανοὺς
1703 260 1822 291 εἴσοδον,
1866 260 1903 288 Τὸ

1071 302 1193 352 ἀφεῖσθαι
1222 302 1289 348 ἡμῖν
1317 309 1351 338 δι’
1381 309 1458 338 αὐτοῦ
1486 309 1533 341 τὰς
1561 302 1703 347 ἁμαρτίας.
1733 307 1779 345 Τὸ,
1812 303 1903 336 ἀξιω-

1071 357 1194 391 θήσεσθαι
1223 355 1348 386 υἱοθεσίας
1379 353 1412 382 δι’
1435 355 1525 382 αὐτοῦ.
1566 364 1576 380 α
1602 352 1698 384 Πιστὸς
1726 351 1817 390 γάρ,»
1836 359 1903 376 του-

1072 400 1169 437 τέστιν,
1197 412 1211 427 σι
1228 399 1328 433 ἀληθής
1359 400 1373 426 ὁ
1395 397 1630 437 ἐπαγγειλάμενος,
1655 408 1669 423 ι
1694 396 1723 425 Τί
1752 394 1778 422 δὲ
1816 393 1904 431 ἐπηγ-

1071 444 1176 484 γειλατο
1195 453 1203 484 ;
1225 445 1256 472 τὸ
1270 443 1397 471 εἰσελθεῖν
1411 444 1481 480 ἡμᾶς
1505 443 1541 474 εἷς
1571 441 1618 475 τὴν
1647 439 1781 479 βασιλείαν
1803 439 1900 467 αὐτοῦ·

1075 501 1088 517 α
1105 488 1180 518 Θέλω
1195 483 1256 528 γὰρ,
1283 488 1373 528 φησὶν,
1402 487 1448 515 ’ίνα
1480 485 1546 514 ὅπου
1575 486 1627 524 εἱμῖ
1659 484 1725 524 ἐγὼ,
1754 484 1798 512 καὶ
1827 483 1902 510 οὗτοι

1073 534 1122 562 ὦσι.
1137 532 1195 571 μετ’
1212 533 1287 570 ἐμοῦ.
1315 545 1326 561 ι»
1358 533 1394 561 Τὸ
1415 532 1476 572 γὰρ,
1500 532 1588 560 Οὗτοι.
1617 529 1659 558 διὰ
1693 529 1752 562 τοὺς
1787 527 1902 558 πιστοὺς

1074 579 1151 607 εἶπεν
1156 603 1162 609 ,

1387 625 1511 652 ΚΕΦΑΛ.
1532 615 1586 651 ιΔ’.

1116 679 1130 694 «
1151 667 1289 707 Προτροπὴ
1311 666 1427 699 σπουδῆς
1442 667 1523 707 ,κατὰ
1541 663 1621 705 φοϐον
1636 666 1686 698 τῆς
1708 662 1863 702 μελλούσης

1405 706 1526 746 κρίσεως,
1545 718 1559 733 ιι

1116 763 1126 779 ι
1146 752 1195 780 Καὶ
1216 755 1387 789 κατανοῶμεν
1407 750 1538 785 ἀλλήλους
1555 750 1591 781 εἷς
1607 748 1773 788 παροξυσμὸν
1790 747 1902 786 ἀγάπης

1075 797 1116 824 καὶ
1132 795 1220 824 καλῶν
1236 795 1330 835 ἔργων,
1347 796 1386 833 μὴ
1401 794 1621 835 ἐγκαταλιπόντες
1632 794 1682 826 τὴν
1693 791 1901 831 ἐπισυναγωγὴν

1859 847 1901 863 και

209 896 385 927 nonnullis:
403 880 456 926 εἷᾶ
472 880 678 933 θΞΙιοι-ίαηεεε,
688 880 779 935 idque
793 895 947 934 hocmagis
956 903 1021 934 qum

1115 888 1198 913 τοῦτον
1246 884 1358 925 μᾶλλον,
1409 884 1464 920 ὅσῳ
1503 883 1614 921 βλέπετε
1655 882 1809 922 ἐγγίζουσιν
1852 880 1900 912 τὴν

209 941 318 972 videtis
332 941 625 981 appropinquantem
637 940 728 971 diem.

253 985 311 1016 (Et
324 984 547 1015 consideremus
562 994 616 1015 nos
644 984 782 1021 invicem,
804 997 814 1010 ι
829 983 907 1023 quod
925 983 1032 1013 fratres

211 1029 304 1060 simus
319 1039 325 1059 :
339 1029 416 1069 quod
431 1038 500 1068 grex
523 1038 598 1059 unus
613 1029 701 1059 unius
717 1027 863 1068 pastoris:
882 1028 936 1058 hoc
952 1027 1031 1058 enim

211 1073 331 1112 augebit
346 1079 479 1103 mutuam
493 1073 758 1104 dilectionem.Aut
773 1072 1000 1103 consideremus
1008 1071 1032 1101 si

214 1118 279 1159 quis
294 1117 405 1158 probus
429 1118 477 1154 sit,
493 1121 525 1147 ut
552 1118 631 1149 huuc
654 1117 871 1148 imitetur..Aut
895 1117 974 1147 circa
998 1125 1033 1147 ea

212 1162 404 1198 nosiinvicem
429 1161 662 1200 consideremus,
687 1171 809 1202 quorum
831 1161 988 1192 curiositas
1004 1164 1033 1190 et

212 1211 381 1238 scrutamen
399 1215 433 1236 ac
453 1205 702 1243 consideratio,ad
715 1206 904 1236 dilectionem
916 1204 1033 1236 exacuit

211 1254 240 1282 et
249 1251 372 1282 incitat:
390 1251 446 1281 hoc
456 1253 553 1281 autem
571 1251 682 1282 faciunt
697 1250 748 1290 qui
769 1250 842 1281 nihil
860 1259 979 1290 pravum
994 1249 1031 1280 de

211 1305 243 1326 se
254 1295 382 1326 invicem
407 1295 518 1334 ferunt,
535 1297 635 1325 omnia
657 1299 754 1325 autom
770 1294 800 1324 in
814 1293 920 1324 bonam
932 1303 964 1324 ac
983 1302 1027 1323 sa-

211 1340 327 1370 niorem
346 1343 458 1379 partem
474 1339 722 1379 rejiciunt,etiam
738 1347 803 1378 quae
817 1338 954 1369 videntur
967 1346 1031 1368 esse

213 1384 331 1415 delicta.
351 1396 361 1411 ιι
379 1384 414 1414 Ut
427 1392 622 1423 provocemus
635 1383 671 1413 ad
689 1382 873 1414 charitatem.
889 1394 902 1409 ι
919 1380 956 1412 Ut
966 1389 1031 1412 exa-

213 1436 336 1458 cuamus
362 1430 390 1457 et
412 1435 569 1465 augeamus
597 1429 727 1456 mutuam
748 1425 947 1456 dilectionem.
967 1437 980 1452 ι
996 1424 1031 1454 Et

211 1471 290 1502 bona
305 1470 466 1510 operamEt
482 1474 512 1500 ut
527 1479 704 1501 exacuamur
719 1470 753 1501 ad
767 1469 942 1500 imitandum
965 1468 1031 1499 illos

211 1515 262 1555 qui
273 1518 428 1545 versantur
442 1514 472 1544 in
486 1514 572 1544 bonis
588 1514 738 1554 operibus.
754 1526 767 1541 α
785 1513 1029 1553 Aggregalionem

210 1558 376 1590 nostriJUt
391 1567 511 1597 semper
524 1559 555 1588 in
568 1558 705 1589 eumdem
729 1559 826 1589 locum
842 1557 1028 1593 conveniant,

213 1603 382 1634 dilectionis
398 1607 444 1633 est
459 1602 664 1642 productivum
681 1612 687 1634 ί
705 1602 816 1633 idcirco
833 1602 970 1642 prohibet
983 1611 1030 1632 se-

211 1648 412 1687 parationem:
427 1655 501 1686 opus
516 1646 595 1676 enim
612 1646 763 1677 charitatis
778 1656 836 1676 non
852 1649 897 1676 est
911 1645 1026 1682 divisio,

211 1692 264 1722 sed
280 1691 364 1722 fortis
378 1695 406 1721 et
422 1695 522 1721 exacta
533 1691 862 1730 unio.Aggregationem
873 1689 1030 1730 appellavit

211 1741 344 1766 mutuum
374 1744 564 1766 consensum.
585 1747 598 1762 ‹ι
612 1735 670 1766 Sed
695 1736 895 1766 exhortantes.
915 1746 928 1761 »
942 1733 1030 1769 Quae-

211 1780 305 1811 nam?
333 1780 570 1819 aggregationem
602 1779 705 1817 nostri,
731 1780 788 1810 hoc
811 1783 867 1816 est,
886 1782 1027 1810 mutuam.

212 1824 284 1856 Nam
294 1834 311 1855 a
322 1824 475 1855 communi
490 1833 579 1855 sensu
600 1823 814 1854 resumende
832 1827 876 1854 est
889 1832 1029 1862 aggrega—

208 1869 318 1899 tionem
335 1869 440 1899 nostri.
468 1868 638 1899 Exhortatio
655 1877 724 1899 vero
743 1867 960 1908 aggregationis
974 1871 1027 1905 est,

205 1917 240 1944 ut
254 1917 388 1954 prompte
398 1917 426 1944 et
442 1913 531 1952 longo
543 1917 678 1953 tempore
689 1913 773 1944 nobis
789 1917 889 1943 mutuo
901 1912 1030 1950 conjun-

205 1967 363 1997 gamur.—
380 1957 444 1988 Alio
463 1958 560 1988 modo.
582 1970 595 1985 ιι
618 1957 677 1988 Sed
706 1958 905 1988 exhortantes.
930 1968 940 1983 ι)
967 1957 1027 1987 lm-

207 2002 375 2033 becilliores
390 2001 577 2032 videlicet.Et
595 2005 686 2040 tanto,
703 2002 809 2042 inquit,
827 2001 912 2031 nobis
937 2000 1029 2040 magis

207 2055 280 2086 opus
298 2050 342 2076 est
367 2045 541 2077 charilatem
565 2056 600 2077 ac
614 2047 692 2077 bona
707 2055 797 2086 opera
813 2045 984 2076 desiderare
1002 2048 1030 2074 et

206 2091 342 2130 adipisci,
356 2095 463 2130 quanto
491 2099 585 2131 magis
607 2091 825 2131 appropinquat
838 2089 1027 2129 diesjudicii.

206 2136 269 2166 Hoc
298 2139 397 2165 autem
427 2138 514 2166 etiam
538 2136 574 2166 ad
604 2135 837 2166 consolationem
867 2134 939 2174 ipsis
955 2138 1027 2172 erat,

207 2188 316 2220 nempe
332 2179 497 2218 defatigatis
513 2184 634 2220 propter
646 2179 832 2210 aftfictiones.

247 2223 546 2261 599X,26-31.Nam
558 2225 610 2255 ubi
621 2225 792 2256 voluntarie
798 2232 956 2264 peccamus
965 2227 1030 2262 post

206 2274 357 2308 acceptum
366 2269 563 2308 cognitionem
574 2270 785 2309 veritatis,non
797 2269 883 2300 ultra
898 2277 951 2308 pro
958 2276 1030 2308 pec—

207 2316 283 2345 catis
295 2313 412 2352 reliqua
431 2317 474 2343 est
493 2313 659 2351 hostia,sed
678 2312 880 2353 formidabilis
893 2313 1031 2352 quaedam

206 2359 389 2397 exspectatio
392 2357 502 2397 judicii
507 2362 532 2389 et
539 2359 622 2397 ignis
630 2358 713 2389 zelus
722 2358 772 2397 qui
783 2358 980 2389 devoraturus
989 2359 1032 2388 est

206 2401 485 2440 adversarios.Qui
497 2406 678 2442 aspernatus
685 2402 859 2442 fueritMosi
871 2401 1031 2442 legem,ab-

203 2455 276 2486 sque
294 2446 512 2478 misericordia
530 2448 584 2478 sub
601 2448 717 2478 duobus
736 2450 789 2478 aut
805 2446 900 2478 tribus
911 2445 1032 2477 testibus

202 2491 471 2528 moritur.0uanto
479 2493 594 2531 putatis
601 2493 699 2532 pejori
707 2491 864 2531 afﬁcietur
872 2491 1029 2530 supplicio,

204 2538 257 2576 qui
272 2535 384 2567 Filium
401 2535 459 2566 Dei
473 2536 729 2574 conculcaverit,et
741 2536 921 2575 sanguinem
937 2538 1028 2566 testa-

201 2581 295 2612 menti
305 2588 491 2611 communem
500 2581 639 2612 kabuerit
646 2590 704 2622 per
711 2589 798 2620 quem
809 2580 1028 2619 fueratsancti-

201 2624 352 2665 ﬁcatus,et
360 2625 503 2664 spiritum
515 2627 624 2666 gratiae
637 2627 749 2664 injuria
760 2624 916 2665 affecerit?
930 2623 1027 2656 Novi-

202 2678 269 2700 mus
284 2670 363 2700 enim
379 2678 448 2700 eum
472 2671 525 2710 qui
544 2671 645 2702 dimit'
665 2672 762 2701 Meum
778 2673 821 2700 est
842 2668 956 2709 ulcisci,
974 2678 1027 2710 ego

240 2751 272 2776 55
286 2751 371 2782 loan.
389 2759 448 2788 xvr,
471 2751 520 2782 24.

1072 929 1183 968 ἡμέραν,
1206 941 1216 957 ι

1116 985 1130 1001 α
1175 975 1222 1003 Καὶ
1256 974 1463 1012 κατανοήσωμεν
1489 972 1634 1009 ἀλλήλους,
1671 983 1684 999 ι
1715 970 1767 1009 ὅτι,
1806 973 1900 1011 φησὶν,

1073 1017 1178 1058 ἀδελιροί
1219 1017 1310 1056 ἐσμεν,
1354 1018 1394 1046 ὅτι
1429 1017 1529 1055 ποίμνη
1572 1017 1618 1054 μία
1659 1016 1785 1053 ποιμένος
1830 1016 1901 1058 ἑνός,

1073 1051 1154 1090 Tauro
1176 1063 1225 1101 γὰρ
1249 1051 1365 1097 ubi-130:1
1393 1063 1443 1096 τὴν
1476 1051 1514 1094 εἷς
1543 1051 1674 1095 ἀλλήλους
1703 1051 1823 1099 ἀγάπην.
1871 1051 1900 1088 Ἦ

1073 1109 1243 1145 κατανοῶμεν
1265 1106 1352 1138 εἴτις
1388 1106 1519 1145 ἐνάρετος,
1555 1105 1602 1133 ἵνα
1636 1109 1727 1133 τοῦτον
1757 1104 1895 1142 ζηλῶμεν,

1077 1141 1106 1178 Ἡ
1133 1141 1201 1190 περὶ.
1214 1150 1303 1179 ἐκεῖνα
1325 1141 1468 1188 ἀλλήλους,
1492 1141 1673 1187 κατανοῶμεν,
1703 1150 1740 1177 ὧν
1762 1150 1780 1183 ἡ
1809 1141 1896 1177 πολυ-

1073 1195 1246 1235 πραγμοσύνη
1281 1196 1324 1223 καὶ
1358 1194 1448 1233 ἔρευνα
1482 1195 1526 1222 καὶ
1560 1194 1720 1227 κατανόησις
1750 1195 1787 1225 εἰς
1827 1194 1895 1232 ἀγά-

1073 1250 1126 1272 πην
1162 1239 1242 1275 ἂκονᾷ
1271 1240 1314 1267 καὶ
1339 1239 1496 1279 παραθήγει,
1525 1238 1607 1267 Τοῦτο
1648 1237 1674 1266 δὲ
1710 1241 1833 1266 ποιοῦσιν
1875 1240 1896 1266 οἱ

1073 1283 1170 1323 φαυλον
1211 1284 1260 1321 μὲν
1301 1284 1360 1323 περὶ
1409 1283 1544 1318 ἀλλήλων,
1595 1281 1678 1320 μηδὲν
1719 1282 1896 1322 ἀνεχόμενοι,

1073 1327 1157 1355 πάντα
1177 1327 1204 1355 δὲ
1226 1329 1262 1360 εἰς
1282 1329 1313 1356 τὸ
1334 1328 1430 1366 ἀγαθὸν
1463 1328 1506 1355 καὶ
1537 1326 1644 1364 ἄμεινον
1672 1325 1894 1364 ἐκλαμϐάνοντες,

1072 1373 1115 1399 καὶ
1144 1372 1161 1400 ἃ
1187 1371 1262 1400 δοκεῖ
1290 1372 1361 1400 εἶναι
1384 1371 1570 1409 ἐλαττώματα,
1609 1383 1622 1398 ι
1654 1372 1697 1402 Εἷς
1729 1371 1897 1409 παροξυσμὸν

1072 1416 1190 1456 ἀγάπης.
1229 1427 1240 1445 ιο
1279 1417 1321 1449 Εἰς
1362 1417 1391 1444 τὸ
1433 1416 1573 1455 παροξῦναι
1608 1416 1652 1443 καὶ
1693 1415 1805 1449 αὐξῆσαι
1849 1416 1895 1448 τὴν

1073 1461 1108 1491 εἷς
1130 1460 1261 1496 ἀλλήλους
1289 1461 1407 1500 ἀγάπην.
1439 1472 1448 1488 ι
1482 1461 1531 1489 Καὶ
1557 1459 1644 1488 καλῶν
1674 1460 1767 1499 ἔργων,
1802 1471 1817 1487 ι
1850 1461 1895 1488 Καὶ

1072 1505 1116 1532 ’ίνα
1151 1505 1349 1545 παροξυνθῶμεν
1376 1505 1472 1541 ζηλοῦν
1506 1506 1565 1537 τοὺς
1601 1505 1627 1532 ἐν
1654 1504 1764 1543 ἀγαθοῖς
1795 1504 1892 1544 ᾃγοις.

1074 1561 1088 1576 «
1118 1550 1172 1583 Τὴν
1193 1550 1236 1578 ἐπὶ
1261 1550 1416 1589 συναγωγὴν
1452 1550 1562 1579 ἑαυτῶν.
1586 1559 1601 1579 ι
1631 1550 1666 1578 Τὸ
1694 1550 1743 1589 γὰρ
1773 1549 1815 1577 ἀεὶ
1838 1560 1894 1577 συν-

1071 1596 1154 1634 ῆχθαι
1169 1595 1211 1623 ἐπὶ
1225 1596 1255 1623 τὸ
1270 1596 1344 1626 αὐτὸ,
1361 1595 1467 1634 ἀγάπης
1498 1594 1551 1622 ἐστὶ
1573 1594 1740 1634 γεννητικόν.
1773 1595 1821 1622 Διὸ
1850 1594 1893 1623 τὸν

1071 1633 1207 1678 χωρισμὸν
1244 1639 1411 1678 ἀπαγορεύει.
1456 1633 1556 1678 ’Ἔργον
1596 1639 1645 1678 γὰρ
1685 1641 1734 1672 τῆς
1773 1639 1891 1678 ἀγάπης,

1072 1686 1123 1723 οὐχ
1151 1685 1167 1717 ἡ
1196 1683 1330 1724 διαίρεσις,
1359 1683 1418 1712 ἀλλ’
1447 1684 1464 1718 ἡ
1493 1682 1602 1723 ἀκριϐὴς
1630 1683 1734 1714 ἕνωσις.
1765 1682 1890 1712 Ἐπισυν-

1072 1729 1179 1768 ἀγωγην
1200 1732 1248 1763 τὴν
1271 1728 1421 1769 συμφωνίαν
1449 1727 1583 1757 ἐκάλεσεν.
1611 1739 1623 1756 ιι
1655 1727 1735 1756 Ἀλλὰ
1763 1739 1891 1765 παρακα-

1071 1772 1187 1804 λοῦντες.
1204 1783 1219 1803 ›
1245 1774 1329 1813 Τίνα,
1359 1776 1407 1806 τήν
1436 1773 1639 1812 ἐπισυναγωγὴν
1670 1773 1781 1811 ἑαυτῶν,
1816 1784 1891 1801 τουτ-

1072 1818 1151 1856 έστιν,
1174 1817 1318 1853 ἀλλήλους,
1348 1816 1415 1846 Ἀπὸ
1441 1821 1530 1846 κοινοῦ
1558 1818 1607 1857 γὰρ
1634 1818 1683 1848 τὴν
1726 1817 1891 1857 ἐπισυναγω-

1071 1862 1122 1901 γὴν
1151 1863 1249 1890 ἑαυτῶν
1277 1861 1404 1896 ληπτέον.
1451 1861 1618 1902 Παράκλησις
1657 1861 1684 1889 δὲ
1724 1862 1892 1901 ἐπισυναγω-

1071 1909 1133 1957 γῆς,
1176 1908 1206 1934 τὸ
1248 1907 1396 1946 προθύμως,
1440 1907 1483 1935 καὶ
1511 1906 1552 1935 διὰ
1578 1911 1679 1957 μακροῦ
1714 1910 1760 1935 τοῦ
1795 1908 1891 1946 χρόνον

1071 1951 1286 1980 ἐπισυνάπτεσθαι
1306 1952 1421 1983 ἑαυτοῖς.
1439 1968 1477 1974 -
1502 1951 1608 1990 [th-.21]
1639 1951 1758 1984 Ἀλλως.
1781 1962 1795 1981 ε
1812 1951 1891 1980 Ἀλλὰ

1070 1995 1292 2035 παρακαλοῦντες.
1324 2008 1338 2024 ιι
1370 2001 1433 2028 Τοῖς
1463 1996 1655 2036 ἀσθενεστέροις
1677 1995 1814 2030 δηλονότι.
1845 1997 1893 2025 Καὶ

1070 2040 1197 2078 τοσούτῳ,
1214 2042 1289 2081 φησὶ,
1307 2040 1406 2078 μᾶλλον
1428 2040 1469 2068 δεῖ
1493 2041 1562 2078 ἡμῖν
1594 2040 1701 2080 ἀγάπης
1730 2041 1774 2069 καὶ
1802 2040 1889 2069 καλῶν

1071 2085 1138 2123 ἕγων
1150 2085 1352 2126 ἀντιποιεῖσθαι,
1368 2085 1422 2122 ὅσῳ
1436 2084 1537 2123 μᾶλλον
1552 2084 1692 2120 πλησιάζει
1708 2086 1726 2120 ἡ
1740 2085 1828 2125 ἡμέρα
1845 2087 1890 2118 τῆς

1070 2130 1190 2168 κρίσεως.
1209 2135 1289 2160 Τοῦτο
1304 2128 1331 2157 δὲ
1346 2131 1388 2158 καὶ
1403 2130 1551 2168 παραμυθία
1565 2129 1596 2162 ἦν
1612 2129 1715 2167 αὒτοτς,
1732 2130 1889 2170 ἀπειρηκόσι

1041 2175 1136 2213 Βπρὸς
1152 2175 1210 2206 τοὺς
1226 2175 1397 2214 πειρασμούς.

1114 2230 1127 2247 ll
1170 2220 1299 2250 Εκουσίως
1339 2220 1388 2258 γὰρ
1423 2219 1625 2257 ἁμαρτανόντων
1663 2220 1740 2257 ἡμῶν
1768 2220 1836 2258 μετά
1863 2220 1890 2246 τὸ

1072 2262 1163 2292 Ααϐετν
1206 2264 1254 2298 τήν
1297 2264 1436 2303 ἐπίγνωσιν
1487 2264 1535 2296 τῆς
1587 2263 1723 2302 ἀληθείας,
1767 2265 1814 2293 οὒκ
1855 2262 1889 2290 ἔτι

1073 2309 1131 2347 περὶ
1173 2309 1308 2348 ἁμαρτιῶν
1359 2308 1528 2336 ἀπολείπεται
1571 2309 1644 2337 θυσία
1662 2317 1668 2323 ·
1721 2308 1818 2348 φοϐερὰ
1864 2307 1889 2334 δέ

1072 2363 1111 2385 τις
1153 2352 1252 2393 ἐκδοχὴ
1300 2353 1408 2392 κρίσεως
1460 2354 1502 2381 καὶ
1551 2354 1631 2393 πυρὸς
1679 2353 1758 2389 ζῆλος
1800 2353 1888 2381 ἐσθίειν

1074 2397 1216 2434 μέλλοντος
1258 2398 1318 2431 τοὺς
1358 2398 1538 2430 ὑπεναντίους.
1585 2398 1731 2432 Ἀθετήσας
1773 2408 1812 2429 τις
1853 2396 1890 2424 νό-

1073 2453 1121 2480 μον
1158 2443 1288 2475 Μωϋσέως
1323 2444 1406 2483 χωρὶς
1442 2443 1584 2482 οἰκτιρμῶν
1619 2442 1663 2470 ἐπὶ
1691 2441 1761 2471 δυσὶν
1790 2442 1807 2476 ἢ
1829 2442 1891 2481 τρισὶ

1073 2488 1197 2528 μάρτυσιν
1253 2488 1426 2522 ἀποθνήσκει..
1490 2487 1569 2524 Πόσῳ
1620 2485 1722 2515 δοκεῖτε
1779 2487 1892 2526 χείρονος

1070 2532 1242 2568 ἀξιωθήσεται
1289 2532 1429 2572 τιμωρίας,
1482 2534 1496 2560 ὁ
1546 2533 1591 2559 τὸν
1644 2532 1704 2559 Υἱὺν
1745 2536 1790 2560 τοῦ
1831 2533 1891 2558 Θεον

1069 2579 1271 2616 καταπατήσας,
1307 2579 1351 2606 καὶ
1383 2580 1414 2606 τὸ
1449 2580 1520 2616 αἷμα
1554 2579 1602 2611 τῆς
1632 2575 1762 2612 διαθήκης
1808 2576 1890 2604 κοινὸν

1068 2623 1249 2664 ἡγησάμενος,
1278 2623 1305 2651 ἐν
1333 2624 1356 2650 ὦ
1390 2623 1515 2662 ἡγιάσθη,
1553 2622 1597 2650 καὶ
1631 2622 1662 2649 τὸ
1701 2624 1803 2658 πνεῦμα
1842 2619 1886 2653 τῆς

1069 2668 1176 2708 χάριτος
1224 2666 1368 2706 ἐνυϐρίσας,
1425 2667 1542 2705 Οἴδαμεν
1596 2666 1645 2705 γὰρ
1687 2667 1730 2693 τὸν
1773 2666 1884 2699 εἰπόντα,
