1929 3079
219 156 278 189 403

219 234 253 255 ea
269 234 335 265 qua
349 234 408 256 non
415 231 568 266 apparent.
577 226 651 256 «Per
660 226 735 256 hanc
747 226 826 256 enim
837 225 1036 256 testimonium

1120 227 1210 258 θησαν.
1252 236 1267 255 )

219 274 409 310 acceperunt.
429 283 442 297 ι
462 270 517 301 Per
537 270 624 301 ﬁdem
639 271 837 301 testimonium
854 280 870 301 a
885 270 946 301 Deo
962 278 1046 301 acce-

219 318 327 354 perunt
340 314 419 355 quod
449 314 631 354 placuissent
643 315 713 355 ipsi.
736 327 748 342 ι
767 315 917 346 Seniores.
942 328 952 343 ιι
971 313 1044 350 Qui—

219 358 305 389 nam?
317 359 347 388 hi
362 368 435 398 quos
447 358 630 389 recensebit:
651 371 664 386 α
674 360 728 390 Per
743 359 831 390 ﬁdem
847 358 1043 399 intelligimus

219 402 353 442 perfecta
366 402 458 434 fuisse
473 403 591 434 saecula.
612 415 623 432 ο
641 403 714 434 Nam
732 413 798 443 quae
811 403 886 433 ratio
901 407 999 442 posset
1012 402 1042 434 id

219 447 448 478 demonstrare?
459 451 574 487 oportet
588 448 686 488 itaque
695 447 752 478 sibi
766 447 824 478 ﬁde
836 447 1015 488 persuadere
1033 457 1040 463 ·

223 502 234 519 ι
249 490 283 522 Ut
298 500 333 522 ex
349 491 395 522 his
405 501 470 532 quae
485 501 544 522 non
561 491 847 532 apparebant.»Quis
854 491 932 522 enim
944 501 1042 523 sermo

218 534 435 566 demonstrabit
459 535 510 566 illa
531 536 621 566 fuisse
648 536 774 566 deducta
803 536 838 566 ad
865 544 930 566 esse
955 545 989 566 ex
1004 545 1040 567 eo

221 579 362 619 quodnon
379 583 456 610 erat?
471 592 482 607 α
496 579 671 610 Uberiorem
689 579 815 611 hostiam
833 579 936 610 Abel.»
951 580 1040 620 Cujus

219 623 299 654 enim
317 623 439 654 alterius
454 625 590 664 exemplo
606 626 698 655 Deum
715 624 949 664 honorabat,nisi
960 625 1038 664 quod

219 667 278 698 ﬁde
289 668 428 698 credebat
436 669 541 698 horum
548 668 612 699 ﬁeri
621 668 940 700 retributionem‘?«Per
950 678 1037 709 quam

219 712 423 743 testimonium
436 713 545 744 meruit
559 713 636 754 quod
653 713 944 753 essetjustus.nCum
959 713 1038 744 enim

218 757 324 788 dixerit
340 758 417 789 Deus
430 757 465 788 ad
481 758 566 794 Cain,
581 757 655 788 Nnm
670 757 694 788 si
705 762 784 788 recte
809 757 962 794 obluleris,
980 767 1040 788 non

216 805 299 832 recte
312 805 408 832 autem
419 801 745 833 diviserisztestiﬁcatus
758 806 803 832 est
821 802 857 833 de
869 802 944 833 Abel
960 801 1038 842 quod

217 850 246 877 ct
260 849 341 876 recte
354 845 497 877 obtulerit
508 850 537 877 et
546 851 625 878 recte
638 846 782 877 diviserit.
794 847 906 878 Dicitur
921 855 1037 886 quoque
1049 864 1067 887 Β

214 889 291 928 ignis
306 899 323 920 e
339 890 413 921 caelo
429 889 569 930 delapsus
580 891 670 922 fuisse
685 901 775 931 super
789 891 883 931 ipsius
895 891 1036 921 holocau-

216 939 304 965 stum.
315 935 384 965 404
399 947 410 963 ε
426 935 462 966 Et
478 945 530 976 per
540 936 633 976 ipsam
650 940 793 966 mortuus.
812 935 957 966 Videlicet
971 935 1037 965 hos-

217 978 288 1009 tiam
304 978 376 1009 Nam
393 979 490 1010 hostia
505 980 622 1020 fuitipsi
635 980 724 1011 caedis
742 979 956 1015 occasio.Quod
969 979 1011 1009 ait
1028 989 1034 1010 :

215 1021 272 1053 Per
286 1023 379 1063 ipsam
397 1027 528 1054 mortuus
550 1024 648 1055 adhuc
672 1024 812 1064 loquitur,
831 1028 880 1054 aut
895 1024 1036 1062 inielligi—

216 1071 264 1097 tur
277 1067 355 1107 quod
382 1067 446 1107 ipsa
469 1067 565 1098 hostia
581 1068 666 1099 fratri
681 1069 735 1099 fuit
760 1068 879 1099 invidiae
894 1077 929 1098 ac
943 1077 1037 1098 {emu-

215 1111 336 1142 lationis
361 1113 498 1144 occasio:
517 1122 604 1153 porro
620 1114 683 1144 haec
702 1114 817 1154 peperit
831 1113 1036 1144 homicidium.

213 1156 271 1187 Aut
285 1156 363 1197 quod
381 1166 433 1198 per
456 1157 553 1197 ipsam
583 1158 724 1198 loquitur,
743 1157 858 1189 tametsi
878 1161 1011 1188 mortuus
1028 1166 1034 1187 :

213 1209 281 1231 nam
296 1201 358 1231 haec
369 1209 457 1232 causa
469 1206 513 1232 est
523 1211 576 1232 cur
585 1202 659 1232 Abel
670 1203 699 1233 in
712 1207 852 1242 perpetua
867 1202 904 1232 sit
920 1210 1035 1232 memo-

213 1245 268 1282 ria,
287 1254 342 1276 nec
367 1255 496 1286 unquam
520 1245 660 1278 oblivioni
686 1247 830 1278 tradatur.
858 1246 916 1276 Aut
930 1246 953 1276 si
969 1246 1035 1286 quis

218 1290 350 1320 exactius
367 1294 525 1330 utrumque
543 1291 743 1329 consideret,a
752 1290 906 1322 communi
920 1293 1035 1320 senten-

214 1334 254 1365 tia
269 1334 507 1374 accipiatur.Per
522 1335 629 1375 ipsam,
651 1339 683 1365 ut
697 1336 842 1366 referatur
859 1339 888 1366 et
903 1335 938 1365 ad
956 1335 1036 1365 Mor-

213 1382 280 1409 tuus
297 1383 327 1409 et
349 1378 385 1409 ad
398 1379 557 1420 Loquitur:
571 1383 603 1410 ut
619 1380 656 1410 sit
668 1390 774 1411 sensus
789 1390 794 1411 :
812 1379 869 1410 Per
883 1379 977 1419 ipsam
992 1378 1037 1408 vel

214 1426 336 1463 propter
359 1423 453 1463 ipsam
477 1424 605 1454 hostiam
631 1428 776 1461 mortuus,
796 1425 894 1455 adhuc
909 1422 1039 1463 loquitur

788 158 906 191 (ECUM
910 159 976 191 ENI
980 157 991 187 Ι
1013 157 1160 189 TRICGA‘J
1181 158 1349 190 EPISCOPI

1843 161 1895 194 404

1315 225 1360 254 Ἐν
1401 229 1435 264 τῇ
1478 226 1562 254 πίστει
1599 226 1812 266 ἐμαρτυρήθησαν
1851 228 1895 255 ὑπὸ

1087 272 1163 307 Θεοῦ,
1195 269 1397 309 εὐηρεστηκέναι
1434 269 1515 307 αὐτῷ,
1558 280 1570 298 s
1615 273 1644 300 Οἱ
1680 270 1853 311 πρεσϐύτεροι.
1883 283 1893 300 υ

1086 314 1166 342 Ποῖοι
1183 323 1192 353 ς
1215 315 1274 354 περὶ
1294 316 1330 342 ὧν
1353 314 1443 351 μέλλει
1459 314 1546 354 λέγειν
1564 324 1571 330 ·
1591 327 1604 342 α
1620 316 1708 344 Πίστει
1722 320 1828 354 νοοῦμεν
1842 327 1897 344 κατ-

1085 358 1213 397 ηρτίσθαι,
1241 370 1253 386 ι)
1284 360 1328 390 Τίς
1357 359 1406 398 γὰρ
1420 360 1508 399 ἰσχύει
1523 359 1651 399 λογισμὸς
1673 365 1750 390 τοῦτο
1765 363 1896 401 παραστῆ-

1085 413 1127 430 σαι
1145 412 1153 442 ;
1182 401 1224 431 δεῖ
1239 402 1282 431 οὖν
1299 405 1368 440 αὖτῷ
1383 404 1468 431 πίστει
1492 403 1596 433 εἰδέναι.
1615 416 1628 432 ι
1654 405 1698 436 Εἷς
1726 406 1766 442 τὸ,
1787 416 1798 432 ι
1817 405 1857 438 Μὴ
1871 405 1897 432 ἐκ

1084 446 1259 486 φαινομένων,
1284 458 1297 474 ι
1321 448 1358 476 Τὰ
1380 448 1429 486 γὰρ
1449 447 1479 475 ἐκ
1508 453 1554 477 τοῦ
1574 449 1613 486 μὴ
1636 448 1711 480 ὄντος
1734 450 1769 480 εἰς
1786 450 1815 477 τὸ
1831 449 1897 477 εἶναι

1084 490 1264 532 παραχθέντα,
1287 491 1326 522 τίς
1348 492 1511 531 παραστήσει
1527 491 1606 530 λόγος
1623 503 1630 532 ς
1651 503 1662 520 ι
1680 492 1789 521 Πλείονα
1816 494 1896 522 θυσίαν

1086 529 1183 565 ’Ἄϐελλ
1202 547 1216 563 ιο
1232 536 1293 564 Τίνα
1315 537 1363 575 γὰρ
1379 529 1503 575 ἑωρακὼς
1528 529 1628 576 ἕτερον,
1651 536 1728 574 ἐτίμα
1750 538 1793 565 τὸν
1827 541 1894 576 Θεὸν,

1081 579 1098 613 ἢ
1121 579 1160 607 ὅτι
1189 581 1330 612 πιστεύσας
1360 580 1431 608 εἶναι
1460 581 1560 608 τούτων
1587 580 1742 622 ἀντίδοσινς
1773 593 1785 610 ι
1816 583 1852 610 Δι’
1867 595 1895 616 ης

1081 623 1246 663 ἐμαρτυρήθη
1269 625 1339 652 εἶναι
1367 624 1475 657 δίκαιος.
1497 637 1509 653 ι
1540 621 1567 654 Ὀ
1595 626 1644 665 γὰρ
1672 621 1738 665 πρὸς
1764 627 1809 654 τὸν
1837 629 1896 657 Κάιν

1081 670 1192 713 είρηκῲς
1217 670 1295 706 Θεὸς,
1321 670 1374 699 Οὔκ
1400 670 1430 698 ἂν
1460 671 1541 710 ὀρθῶς
1571 671 1620 708 μὲν
1636 671 1835 713 >προσενέγκῃς,
1860 675 1895 713 ὀρ-

1080 715 1131 744 θῶς
1153 712 1180 740 δὲ
1203 714 1241 751 μὴ
1257 713 1357 752 διέλῃς,
1385 714 1548 755 ἐμαρτύρησε
1574 719 1612 752 τῷ
1636 710 1722 744 Ὗ’Ᾱϐελ
1752 710 1801 745 καὶν
1823 710 1896 757 ὁρθῶς

1081 758 1292 796 προσενεγκόντι,
1310 759 1353 786 καὶ
1368 759 1449 797 ὀρθῶς
1481 758 1592 787 διελόντι
1610 769 1617 776 “
1648 760 1756 799 λέγεται
1783 762 1826 789 καὶ
1853 766 1896 800 πόρ

1081 802 1272 842 κατενηνέχθαι
1300 803 1342 830 ἐπὶ
1370 806 1403 841 τῇ
1439 803 1614 832 ὁλοκαυτώσει
1653 805 1739 842 αὖτοῦ,
1773 805 1824 835 ἀπὸ
1858 812 1896 835 τοῦ

1082 846 1200 885 οὗρανοῦ.
1227 857 1238 874 ιι
1270 848 1318 875 Καὶ
1346 846 1378 874 δι’
1401 849 1483 881 αὐτῆς
1511 849 1658 880 ἀποθανών.
1689 861 1700 878 ι
1740 851 1794 884 Τῆς
1815 852 1894 881 θυσίας

1078 890 1206 920 τουτέστι.
1231 891 1361 930 Πρόφασις
1386 892 1435 930 γὰρ
1464 894 1534 929 αὗτῷ
1562 892 1668 931 γέγονεν
1691 895 1707 927 ἡ
1729 895 1804 923 θυσία
1832 905 1893 934 σοι·

1079 934 1139 973 γῆς.
1172 936 1218 971 Τὸ,
1250 933 1286 962 δι”
1312 935 1392 968 αὖτῆς
1423 936 1561 964 ἀποθανὼν
1592 937 1630 964 ἔτι
1660 937 1795 975 λαλεϊται,
1817 939 1834 972 ἢ
1854 933 1894 966 γὸτι

1079 979 1144 1011 αὐτὴ
1179 979 1197 1012 ἡ
1240 979 1313 1006 θυσία
1347 978 1461 1012 κατέστη
1491 983 1528 1017 τῷ
1563 979 1667 1021 ἀδελφῷ
1692 982 1728 1013 εἰς
1757 982 1892 1021 βασκανίας

1079 1022 1206 1062 πρόφασιν
1229 1024 1272 1050 καὶ
1299 1023 1403 1062 φθόνου,
1433 1025 1446 1051 ὁ
1477 1023 1503 1051 δὲ
1533 1024 1605 1052 ἔτεκε
1633 1026 1677 1053 τὸν
1706 1026 1798 1066 φόνον,
1817 1016 1844 1055 Ἦ
1859 1027 1894 1054 ὅτι

1079 1065 1112 1093 δι’
1142 1067 1222 1100 αὐτῆς
1258 1066 1391 1104 λαλεῖται,
1436 1069 1518 1096 καίτοι
1557 1065 1717 1100 ἆποθανώνξ
1737 1070 1809 1104 Αὕτη
1850 1072 1893 1110 γὰρ

1079 1110 1187 1149 γέγονεν
1221 1113 1307 1156 αἰτίαν
1324 1115 1368 1139 τοῦ
1397 1112 1555 1149 ἀείμνηστον
1583 1114 1626 1142 καὶ
1654 1114 1786 1148 ὰλάθητον
1829 1116 1892 1143 εἶναι

1080 1156 1123 1183 τὸν
1163 1151 1260 1187 ”Λϐελ.
1296 1151 1336 1193 Ἠ,
1375 1156 1401 1184 εἴ
1434 1167 1473 1188 τις
1511 1156 1694 1198 ἀκριϐέστερον
1727 1159 1891 1194 ἔπισκοπήσει

1079 1199 1225 1239 ἀμφότερα,
1241 1200 1294 1228 ἀπὸ
1318 1204 1409 1229 κοινοῦ
1432 1199 1632 1239 λαμϐανομένου
1660 1206 1716 1241 τοῦ,
1742 1203 1783 1231 Δι’
1807 1205 1890 1243 αὐτῆς,

1079 1246 1137 1272 οἷον
1165 1244 1233 1272 κατά
1253 1255 1280 1272 τε
1308 1248 1354 1272 τοῦ
1376 1244 1540 1282 Ἀποθανὼν,
1562 1247 1605 1274 καὶ
1633 1250 1679 1275 τοῦ
1705 1247 1844 1279 Λαλεϊται,
1859 1265 1892 1270 -

1079 1288 1248 1328 [ΟΙΚΟΥΜ,]
1281 1292 1303 1316 Η
1324 1287 1358 1316 δι’
1380 1289 1459 1323 αὐτῆς
1480 1292 1528 1322 τῆς
1554 1291 1678 1323 πίστεως,
1710 1292 1794 1332 Aule!
1812 1292 1848 1332 δὲ,

1079 1334 1168 1373 φήμῃ,
1185 1335 1218 1371 τῇ
1234 1332 1307 1371 δόξῃ,
1324 1336 1357 1371 τῇ
1374 1334 1480 1371 μνήμῃ.
1501 1350 1533 1356 -
1553 1333 1663 1375 [Cb-.21]
1684 1345 1698 1365 (
1722 1331 1786 1365 "Eu
1805 1331 1890 1364 λαλεῖ-

1079 1388 1132 1407 ται,
1163 1388 1176 1403 a
1206 1376 1379 1414 Ἀείμνηστός
1407 1377 1487 1408 ἐστιν.
1518 1379 1570 1407 Οὐκ
1598 1379 1627 1415 ἐᾷ
1656 1380 1732 1408 αὖτὸν
1762 1382 1779 1415 ἡ
1809 1381 1891 1420 πρᾶξις

1079 1421 1168 1458 αὺτοῦ,
1184 1422 1201 1456 ἡ
1217 1421 1247 1449 ἐκ
1261 1423 1385 1461 πίστεως,
1401 1423 1437 1454 εἷς
1458 1422 1554 1460 λήθην,
1571 1425 1661 1464 φησὶν,
1682 1424 1780 1455 ἐλθεῖν.

215 1476 269 1508 per
288 1467 392 1508 ipsam.
409 1467 467 1498 Aut
482 1477 536 1508 per
550 1468 646 1508 ipsam
663 1469 752 1499 ﬁdem
770 1479 776 1506 ;
793 1469 923 1509 loquitur
936 1473 1035 1498 autem
1051 1466 1137 1503 fama,
1155 1466 1258 1505 gloria,
1276 1466 1431 1496 memoria.
1448 1467 1576 1498 «Adhuc
1588 1467 1730 1508 loquitur.
1749 1482 1762 1498 ιι
1778 1468 1812 1500 In
1828 1479 1891 1510 per-

214 1515 308 1551 petua
324 1513 468 1544 memoria
482 1517 537 1544 est.
553 1513 618 1544 Non
635 1513 706 1544 sinit
720 1515 829 1554 ipsum,
847 1522 921 1554 opus
937 1521 1021 1543 suum
1037 1510 1113 1551 quod
1131 1519 1166 1540 ex
1182 1510 1240 1540 ﬁde
1256 1511 1411 1551 processit,
1426 1512 1456 1542 in
1471 1511 1656 1543 oblivionem
1671 1514 1785 1545 venire.

251 1556 302 1597 XI,
318 1557 379 1588 5-7.
397 1558 457 1588 Per
483 1558 574 1597 ﬁdem
605 1559 708 1590 Euoch
733 1559 793 1598 fuit
821 1557 986 1589 translatus
1000 1561 1064 1587 nec

213 1601 328 1632 videret
342 1604 477 1639 mortem,
492 1611 545 1634 nec
557 1603 618 1641 fuit
630 1604 779 1643 inventus,
792 1605 952 1643 propterea
962 1601 1039 1641 quod

214 1645 413 1677 transtulerat
427 1647 526 1686 ipsum
540 1647 621 1679 Deus
635 1658 641 1679 :
655 1648 830 1688 priusquam
846 1647 925 1678 enim
941 1650 1039 1677 trans-

212 1689 349 1729 ferretur
376 1692 578 1722 testimonium
604 1696 754 1722 meruerat
781 1691 861 1732 quod
879 1690 1038 1730 placuisset

212 1734 382 1774 Deo.Atque
402 1737 467 1765 sine
487 1736 555 1775 ﬁde
577 1737 646 1776 ﬁeri
671 1746 732 1767 non
759 1739 839 1776 potes
853 1735 968 1775 utquis
992 1734 1039 1765 illi

211 1780 340 1819 placeat.
359 1778 438 1810 Nam
452 1781 504 1819 qui
517 1781 629 1812 accedit
643 1781 683 1812 ad
698 1781 795 1812 Deum
818 1780 899 1811 hunc
914 1779 1038 1810 credere

213 1827 332 1864 oportet
343 1833 406 1856 esse
417 1824 528 1862 Deum,
545 1829 574 1856 et
583 1835 645 1857 esse
668 1829 924 1856 remuneratorem
953 1831 1036 1863 qua:-

212 1869 349 1900 rentt'bus
365 1877 407 1900 se.
426 1869 484 1900 Per
494 1870 584 1909 ﬁdem
599 1871 771 1901 admonitus
786 1869 907 1900 oraculo
921 1868 983 1899 Noe
1000 1876 1037 1898 ea

212 1921 279 1953 quae
294 1914 431 1944 nondum
451 1914 632 1945 videbantur
648 1916 774 1950 veri/us,
802 1915 966 1953 apparavit
982 1920 1035 1942 ar-

211 1965 277 1988 cam
298 1958 341 1988 ad
354 1957 484 1989 salutem
500 1959 606 1990 domus
622 1967 693 1996 sum,
709 1968 763 1999 per
778 1966 868 1998 quam
891 1957 1033 1988 condem-

211 2002 297 2033 navit
311 2003 460 2034 mundum
477 2014 484 2033 :
503 2007 531 2034 et
546 2005 613 2043 ejus
627 2012 692 2043 quae
703 2003 868 2034 secundum
883 2001 973 2041 ﬁdem
993 2004 1036 2032 est

211 2047 335 2084 iustitia
350 2048 447 2086 factus
462 2052 506 2079 est
521 2047 626 2080 hares.

258 2104 267 2119 ι
285 2090 343 2122 Per
364 2091 454 2122 ﬁdem
483 2092 596 2123 Enoch.
614 2105 624 2121 ι
643 2093 683 2124 Ex
714 2092 765 2123 illo
795 2090 1036 2131 praeﬁgurabatur

213 2135 317 2166 mortis
342 2136 478 2168 abolitio.
501 2136 653 2177 Siquidem
679 2147 730 2178 per
757 2136 830 2168 Abel
851 2140 970 2166 ostensa
984 2134 1037 2165 fuit

1121 1567 1134 1582 ιι
1162 1556 1250 1583 Πίστει
1281 1554 1369 1595 Ἐνὼχ
1398 1557 1524 1593 μετετέθη
1553 1563 1599 1587 τοῦ
1627 1559 1665 1596 μὴ
1690 1558 1755 1587 ἰδεῖν
1777 1560 1890 1597 θάνατον,

1080 1601 1123 1628 καὶ
1151 1602 1202 1639 οὔχ
1229 1601 1371 1640 εὕρίσκετο,
1409 1600 1473 1629 διότι
1504 1602 1646 1639 μετέθηκεν
1675 1604 1753 1632 αὑτὸν
1782 1606 1795 1632 ὁ
1824 1605 1892 1635 Θεός.

1080 1645 1133 1684 Πρὸ
1175 1645 1224 1684 γὰρ
1264 1647 1313 1678 τῆς
1356 1646 1518 1682 μεταθέσεως
1570 1648 1658 1683 αὐτοῦ,
1702 1650 1892 1688 μεμαρτύρηται

1080 1689 1284 1729 εὐηρεστηκέναι
1328 1692 1396 1726 Θεῷ,
1441 1692 1525 1729 Χωρὶς
1574 1690 1601 1719 δὲ
1643 1693 1768 1729 πίστεως,
1812 1693 1892 1721 ειδέναι.

1079 1745 1123 1762 τον
1167 1733 1350 1772 εὐαρεστῆσαι.
1394 1737 1534 1763 Πιστεῡσαι
1576 1737 1625 1776 γὰρ
1667 1737 1709 1765 δεῖ
1749 1739 1795 1766 τὸν
1822 1749 1893 1777 προσ·

1079 1778 1224 1817 ερχόμενον
1260 1781 1298 1814 τῷ
1333 1782 1401 1816 Θεῷ,
1429 1778 1468 1806 ὅτι
1499 1779 1564 1812 ἔστι.
1602 1782 1650 1810 Καὶ
1677 1783 1737 1814 τοῦς
1774 1782 1892 1818 ἐκζηῖοῦ-

1079 1833 1119 1849 σιν
1160 1822 1248 1859 αὐτὸν,
1293 1821 1488 1859 μισθαποδότης
1524 1825 1633 1863 γίνεται.
1671 1826 1760 1854 Πίστει
1788 1838 1893 1866 χρημα-

1077 1867 1172 1898 τισθεὶς
1229 1868 1286 1894 Νῶε
1338 1868 1395 1906 περὶ
1445 1871 1497 1895 τῶν
1549 1868 1661 1906 μηδέπω
1716 1870 1892 1910 βλεπομένων,

1078 1909 1227 1943 εὐλαϐηθεὶς
1277 1912 1452 1939 κατεσκεύασε
1487 1912 1627 1955 Ακιϐωτὸν.
1681 1916 1718 1946 είς
1771 1917 1894 1955 σωτηρίαν

1077 1958 1122 1982 τοῦ
1164 1954 1239 1982 οἴκου
1280 1956 1369 1986 αὐτου,
1416 1955 1454 1983 Δι’
1484 1947 1517 1990 ἰτς
1545 1958 1680 1998 κατέκρινε
1711 1960 1756 1987 τὸν
1786 1947 1893 2003 κόσμον,

1075 1999 1120 2027 καὶ
1147 1999 1194 2033 τῆς
1237 2000 1305 2029 κατὰ
1339 2000 1426 2029 πίστιν
1461 2000 1627 2037 δικαιοσύνης
1663 2004 1769 2043 ἐγένετο
1798 1999 1893 2044 κληρολ

1077 2043 1168 2081 νόμος.
1189 2055 1202 2071 ν

1119 2099 1133 2115 ι
1150 2088 1238 2116 Πίστει
1254 2087 1355 2128 Ἐνώχ,
1374 2100 1387 2116 ιι
1405 2088 1448 2122 Ἐξ
1463 2090 1561 2119 ἐκείνου
1582 2098 1761 2131 προετυποῠτο
1783 2095 1800 2127 ἡ
1830 2094 1893 2122 ἀναί-

1079 2143 1146 2171 ρεσις
1162 2132 1208 2178 τοῦ
1227 2133 1348 2162 θανάτου,
1379 2134 1427 2161 Διὰ
1449 2135 1497 2172 μὲν
1525 2136 1573 2175 γὰρ
1604 2142 1648 2166 τοῦ
1683 2132 1770 2166 ’Ἅϐελ
1792 2137 1890 2178 ἐδείχθη

213 2180 368 2211 sementim
379 2181 633 2222 conﬁrmatio,per
642 2177 744 2212 Enoch
754 2190 824 2212 vero
844 2179 924 2210 illius
940 2178 1033 2210 aboli-

1120 2188 1127 2208 :
1162 2177 1334 2217 ἀποφάνσεως
1363 2179 1393 2206 τὸ
1428 2178 1548 2217 βέϐαιον.
1580 2182 1629 2209 Διὰ
1650 2180 1676 2209 δὲ
1701 2186 1747 2211 τοῦ
1765 2177 1891 2223 ³Ενὼχ,ἢ

214 2224 400 2257 tio.Credidit
415 2229 513 2256 autem
529 2225 630 2257 Euoch
650 2226 744 2257 Deum
774 2234 839 2256 esse
854 2223 967 2264 prwmii
982 2231 1034 2254 re-

215 2274 434 2300 muneratorem
454 2280 460 2300 :
479 2270 547 2301 ideo
559 2272 645 2302 etiam
658 2268 905 2311 placuit2atquein
920 2271 1034 2298 tantum

213 2311 283 2343 ﬁdei
295 2317 381 2344 erant
407 2323 472 2354 quae
495 2314 682 2356 videbantur,
699 2319 731 2346 ut
745 2315 833 2346 etiam
854 2311 1034 2344 contrarium

210 2359 459 2399 appareret.Abel
471 2359 550 2390 enim
563 2370 630 2391 cum
647 2361 705 2391 Deo
716 2356 1035 2400 placuisset,jugulutus

213 2406 312 2433 tamen
328 2408 446 2437 est.nec
467 2403 558 2434 voluit
585 2403 664 2436 Deus
692 2414 758 2435 cum
775 2413 810 2434 eo
826 2401 984 2433 connivere
999 2408 1035 2430 ne

211 2451 401 2484 moreretur;
418 2447 485 2479 ideo
505 2457 558 2488 per
572 2449 664 2479 solam
681 2448 770 2479 ﬁdem
785 2446 887 2478 Enoch
904 2442 1038 2485 placebat

211 2491 282 2530 Deo,
294 2492 420 2523 credens
436 2502 501 2524 esse
513 2493 658 2525 bonorum
669 2491 1038 2528 retributionemJ’ropter

210 2536 298 2567 ﬁdem
312 2536 402 2576 igitur
417 2536 560 2577 placebat,
580 2541 608 2568 et
621 2538 688 2578 quia
720 2536 855 2578 placebat
877 2532 1037 2578 translatus

208 2584 266 2611 est.
287 2592 298 2609 ι
316 2575 360 2612 Ne
372 2575 488 2613 videret
504 2575 641 2613 mortem:
663 2595 673 2610 ι
692 2575 802 2614 Vivens
817 2579 896 2612 enim
913 2575 1034 2608 transla-

207 2628 257 2655 tus
273 2629 328 2661 est,
355 2630 385 2658 et
409 2626 508 2657 adhuc
531 2627 598 2657 vivit
616 2637 622 2658 :
641 2636 728 2668 porro
755 2626 803 2657 ubi
821 2629 850 2656 et
872 2621 1033 2664 quomOdO.

207 2669 355 2701 incertum
383 2674 438 2702 est.
467 2683 480 2699 ε
494 2671 581 2712 Atqui
598 2672 663 2703 sine
674 2672 732 2703 ﬁde
744 2671 807 2702 ﬁeri
821 2678 878 2700 non
893 2669 988 2712 potest
1004 2668 1036 2695 ut

207 2714 273 2754 quis
287 2715 329 2746 illi
345 2715 488 2756 placeat.»
506 2708 660 2757 Siquidem
674 2717 731 2747 nisi
745 2715 811 2757 quis
827 2713 963 2745 crederet
977 2708 1034 2739 bo-

207 2767 312 2791 norum
329 2764 358 2791 et
373 2761 520 2792 malorum
538 2761 602 2792 ﬁeri
630 2760 918 2804 remunerationem,
936 2761 1035 2804 aequa

206 2812 294 2844 quam
317 2804 434 2845 placere
460 2809 570 2846 posset.
588 2805 660 2843 Quis
676 2805 755 2837 enim
772 2813 825 2845 per
854 2801 1032 2833 laboriosam

1703 2226 1715 2236 νι

1076 2220 1205 2260 ἀναίρεσις
1227 2221 1318 2255 αὒτῆς,
1336 2221 1488 2251 Ἐπίστευσε
1515 2223 1541 2252 δὲ
1571 2225 1672 2266 Ἐνὼχ,
1702 2226 1741 2254 ὅτι
1771 2220 1892 2264 μισθαπο-

1075 2263 1152 2298 δότης
1169 2266 1182 2292 ὁ
1198 2265 1273 2296 Θεός.
1300 2266 1345 2293 Διὸ
1373 2268 1416 2295 καὶ
1430 2268 1600 2307 εὖηρέστησε,
1633 2263 1680 2299 ιξὶέι
1702 2263 1826 2299 τοσοῦτον
1851 2272 1892 2298 πέ-

1076 2319 1158 2355 στεως
1174 2308 1259 2355 ἦν’τὰ
1274 2309 1405 2349 ὁρώμενα,
1422 2311 1461 2340 ὅτι
1485 2312 1531 2340 καῖ
1558 2314 1588 2341 τὸ
1616 2314 1731 2344 ἐναντίον
1761 2316 1890 2355 παρέθετο.

1133 2347 1301 2399 γᾲρίᾊϐελ
1331 2347 1506 2394 εὖαρέστήσας
1536 2361 1604 2395 Θεῷ,
1638 2359 1681 2387 καὶ
1712 2347 1827 2399 ἐσφάγη,
1854 2360 1891 2388 tul

1078 2397 1125 2425 οὒκ
1151 2397 1283 2435 ἐπήμυνεν
1311 2400 1381 2436 αὖτῷ
1403 2402 1416 2427 ὁ
1439 2403 1503 2434 Θεὸς
1531 2403 1596 2442 πρὸς
1618 2404 1648 2431 τὸ
1676 2404 1715 2441 μὴ
1743 2397 1889 2433 ἀποθανεῖν.

1081 2442 1126 2469 Διὸ
1147 2443 1232 2470 πίστει
1262 2442 1331 2481 μόνῃ
1359 2445 1373 2471 ὁ
1398 2444 1488 2486 Ἐνὼχ
1519 2447 1653 2487 εὗηρέστει
1683 2452 1752 2487 Θεῷ,
1769 2450 1890 2478 πιστεύων

1078 2486 1148 2514 εἶναι
1179 2489 1231 2514 τῶν
1263 2487 1368 2526 ἀγαθῶν
1397 2489 1535 2522 ἀντίδοσιν,
1569 2486 1628 2520 Atat
1654 2493 1698 2521 οὖν
1726 2486 1776 2527 τὴν
1813 2494 1890 2522 πίστιν

1078 2530 1222 2569 εὖηρέστει,
1245 2532 1287 2558 καὶ
1316 2530 1358 2559 διὰ
1379 2533 1428 2566 τὴν
1453 2536 1619 2575 εὐαρέστησιν
1645 2538 1784 2575 μετετέθη,
1812 2550 1823 2566 ι
1847 2541 1891 2568 Τθῦ

1077 2575 1116 2611 μὴ
1131 2574 1195 2622 ἰδεῖν
1211 2575 1372 2622 θάνατον.ῌν
1392 2582 1450 2606 Εῶν
1465 2581 1514 2619 γὰρ
1541 2582 1679 2622 μετετέθη,
1709 2584 1752 2610 καὶ
1782 2583 1819 2611 ἔτι
1851 2587 1888 2620 ζῃ.

1076 2621 1130 2646 Ποῦ
1151 2618 1189 2656 δὲ,
1213 2619 1230 2653 ἢ
1244 2622 1313 2657 πῶς,
1331 2620 1438 2655 ἄδηλον,
1459 2635 1472 2651 α
1497 2618 1581 2664 Χωρὶς
1603 2625 1630 2654 δὲ
1645 2618 1757 2659 πίστεως
1773 2626 1890 2656 ἀδύνατον

1075 2664 1259 2703 εὐαρεστῆσαι.
1279 2675 1292 2692 ³
1319 2666 1346 2694 El
1367 2667 1416 2707 γάρ
1437 2680 1477 2700 τις
1512 2671 1550 2708 μὴ
1579 2672 1739 2700 πιστεύσειεν
1768 2672 1890 2700 ἀντίδοσιν

1075 2709 1134 2736 εἱνα
1169 2708 1257 2736 καλῶν
1290 2708 1372 2748 ἔργων
1394 2714 1437 2741 καὶ
1465 2718 1565 2753 κακῶν,
1595 2717 1641 2744 οὒκ
1662 2716 1692 2744 ἄν
1720 2718 1887 2755 εὒαρεστήσῃ.

1075 2753 1117 2802 Τίς
1132 2755 1181 2794 γὰρ
1197 2754 1228 2782 ἂν
1324 2755 1447 2786 ἐπίπονον
1473 2763 1523 2794 τῆς
1552 2761 1647 2801 αρετῆς
1676 2753 1772 2801 ὁδεύση
1797 2762 1887 2802 τρίϐον,

1075 2798 1113 2834 μὴ
1135 2797 1309 2836 πεπεισμένος
1344 2802 1414 2831 εἶναί
1437 2814 1511 2836 τινας
1539 2797 1677 2846 ἀμοιϐὰς,
1710 2818 1721 2835 ι
1752 2797 1889 2835 Πιστεῦσαι
