1929 3079
215 153 274 186 403

217 315 324 351 perunt
337 311 415 352 quod
446 312 627 351 placuissent
640 311 709 352 ipsi.
732 324 744 339 α
763 311 913 342 Senit-res.
938 324 948 339 »ι
967 310 1040 346 Qui-

216 355 302 386 nam?
314 356 344 386 hi
359 365 432 396 quos
444 355 627 386 recensebit:
647 368 660 383 α
670 356 724 386 Per
740 355 828 386 ﬁdem
844 355 1039 395 intelligimus

217 399 349 439 perfecta
362 399 454 430 fuisse
469 400 587 430 saecula.
609 412 619 429 ι
638 399 710 431 Nam
728 409 795 440 quae
807 400 882 430 ratio
898 403 995 439 posset
1007 399 1038 430 id

216 444 421 474 demonstrare
431 446 445 473 ‘t
455 448 570 484 oportet
584 444 682 484 itaque
691 444 748 475 sibi
763 444 820 475 ﬁde
832 443 1011 484 persuadere
1029 453 1036 459 ·

219 499 231 516 ιι
245 487 279 518 Ut
294 497 329 518 ex
346 488 391 518 his
401 497 466 528 quae
481 498 540 518 non
557 488 928 529 apparebant.»Quisenim
940 497 1038 519 sermo

214 531 431 563 demonstrabit
455 531 506 562 illa
528 532 617 563 fuisse
645 532 771 563 deducta
799 532 834 562 ad
861 541 926 563 esse
951 541 1036 563 exeo

216 575 358 615 quodnon
375 579 452 607 erat?
467 589 479 603 ι
492 575 668 607 Uber-iorem
685 576 811 607 hostiam
829 576 932 607 Abel.»
947 577 1036 616 Cujus

215 619 295 650 enim
313 620 435 650 alterius
451 621 586 661 exemplo
602 622 694 652 Deum
711 620 945 660 honorabat,nisi
957 621 1034 661 quod

215 664 274 694 ﬁde
285 664 425 695 credebat
432 665 537 695 horum
544 665 608 695 ﬁeri
617 665 876 696 retributionem?«
883 665 936 695 Per
946 675 1032 706 quam

216 708 419 740 testimonium
433 709 541 741 meruit
556 710 632 750 quod
650 709 940 749 essetjustus.nCum
955 710 1034 740 enim

214 753 320 784 dixerit
336 754 413 785 Deus
426 754 462 784 ad
478 754 562 791 Cain,
576 753 651 784 Nnm
666 754 690 785 si
702 758 780 785 recte
805 754 959 790 obtuleris,
977 763 1036 785 non

213 800 295 828 recte
308 801 404 828 autem
416 798 741 830 diviserisztestiﬁcatus
754 802 799 829 est
817 799 853 829 de
865 799 940 829 Abel
956 797 1035 838 quod

784 154 987 188 CECUMENII
1009 153 1156 185 TBIGCE
1178 155 1345 187 EPISCOPI

216 231 250 252 ea
265 232 332 263 quae
347 232 406 254 non
413 227 564 264 apparent.
574 223 647 254 (Per
656 223 731 253 hanc
743 222 822 253 enim
834 221 1035 253 testimonium
1046 225 1067 249 Α
1078 222 1206 260 ρήθησαν.
1249 232 1263 252 ›

216 272 406 308 acceperunt.
426 281 439 295 ι
459 267 514 298 Per
534 267 620 298 ﬁdem
635 267 833 298 testimonium
850 276 867 298 a
881 267 942 298 Deo
958 274 1033 298 accc.

1120 271 1159 303 οὗ,
1191 266 1394 306 εὐηρεστηκέναι
1430 266 1511 304 αὐτῷ,

1839 157 1891 190 404

1311 222 1356 251 Ἐν
1398 225 1431 260 τῇ
1474 223 1558 251 πίστει
1595 223 1809 263 ἐμαρτυρήθησαν
1847 224 1892 252 ὑπὸ

1555 277 1567 295 ι
1611 269 1640 296 Οἱ
1677 267 1849 308 πρεσϐύτεροι.
1880 279 1890 296 ι

1083 310 1162 338 Ποῖοι
1180 321 1188 350 ;
1211 312 1270 350 περὶ
1290 312 1327 339 ὧν
1349 310 1439 348 μέλλει
1455 311 1543 350 λέγειν
1561 320 1567 327 ·
1587 323 1601 338 σ
1617 312 1704 340 Πίστει
1718 316 1825 350 νοοῦμεν
1838 323 1893 340 κατ-

1081 354 1210 394 ηρτίσθαι,
1237 367 1249 382 ι)
1281 356 1324 387 Τίς
1353 357 1402 395 γὰρ
1417 356 1504 396 ἰσχύει
1519 356 1647 396 λογισμὸς
1669 362 1746 386 τοῦτο
1761 360 1892 397 παραστῆ-

1081 410 1123 426 σαι
1141 409 1149 438 ;
1179 398 1220 427 δεῖ
1235 399 1278 427 οὖν
1294 402 1365 436 αὖτῷ
1379 401 1465 428 πίστει
1488 399 1592 430 εἰδέναι.
1612 412 1625 428 »
1650 402 1694 432 Εἰς
1723 402 1763 438 τὸ,
1784 413 1794 429 ι
1813 402 1853 435 Μὴ
1868 401 1893 428 ἑκ

1080 443 1255 482 φαινομένων.
1279 455 1294 470 ι
1317 444 1355 472 Τὰ
1376 444 1426 483 γὰρ
1446 444 1476 472 ἐκ
1504 449 1550 474 τοῦ
1570 445 1610 482 μὴ
1632 445 1707 477 ὄντος
1731 447 1766 476 εἰς
1782 446 1811 474 τὸ
1827 446 1893 473 εἶναι

1080 487 1260 529 παραχθέντα,
1284 488 1322 519 τίς
1344 489 1507 527 παραστήσει
1523 488 1602 527 λόγος
1619 499 1626 529 ;
1647 500 1658 517 ι
1677 489 1786 518 Πλείονα
1812 490 1893 518 Θυσίαν

1082 526 1179 562 ”Αϐελ.
1199 543 1211 559 ιι
1228 532 1289 560 Τίνα
1311 533 1360 572 γὰρ
1375 526 1499 571 ἑωρακὼς
1525 526 1625 572 ἕτερον,
1648 533 1724 571 ἐτίμα
1746 535 1790 561 τὸν
1823 537 1891 572 Θεὸν,

1078 576 1094 609 ἢ
1117 575 1156 603 ὅτι
1186 577 1326 608 πιστεύσας
1356 577 1427 605 εἶναι
1456 577 1557 605 τούτων
1584 577 1738 619 ἀντίδοσιν;
1769 589 1781 606 ι
1813 579 1848 607 Δι’
1864 592 1892 613 ης

1077 620 1242 660 ἐμαρτυρήθη
1266 621 1335 649 εἶναι
1363 621 1472 654 δίκαιος,
1493 633 1505 650 ι
1536 617 1564 651 Ὀ
1591 622 1640 662 γὰρ
1668 617 1735 662 πρὸξ
1761 624 1805 651 τὸν
1833 625 1892 653 Κάϊν

1077 666 1189 704 εἰρηκὼς
1214 666 1291 702 Θεὸς,
1317 667 1370 695 Οὒκ
1397 666 1426 694 ἂν
1457 668 1537 706 ὀρθῶς
1568 668 1616 705 μὲν
1633 668 1831 709 προσενέγκῃς,
1857 671 1892 709 ὀρ-

1076 711 1128 740 θῶς
1150 709 1176 737 δὲ
1199 711 1237 748 μὴ
1253 709 1354 748 διὲλῃς,
1382 711 1545 750 ἐμαρτύρησε
1571 715 1608 748 τῷ
1632 707 1719 741 ’Ἀϐελ
1748 707 1791 741 καὶ
1819 707 1892 753 ὀρθῷ(

1077 755 1289 792 προσενεγκόντι,
1306 755 1349 782 καὶ
1365 756 1445 794 ὀρθῶς
1478 755 1589 784 διελόντι
1607 766 1614 773 ⁵
1645 756 1752 795 λέγεται
1779 759 1822 785 καὶ
1849 763 1892 797 πῦρ

1077 799 1268 838 κατενηνέχθαι
1296 799 1338 827 ἐπὶ
1366 803 1399 838 τῇ
1435 799 1610 828 ὀλοκαυτώσει
1649 802 1736 839 αὐτώ,
1769 803 1820 831 ἀπὸ
1854 808 1893 832 τοῦ

212 846 241 873 ct
255 846 337 872 recte
350 841 493 873 obtulerit
504 846 533 874 et
542 847 621 874 recte
634 843 778 874 diviserit.
790 843 902 874 Dicitur
917 852 1033 883 quoque

1117 844 1197 872 ῖσινοῦ.
1224 854 1234 871 ιι
1266 844 1314 872 Καὶ
1342 843 1374 871 δι’
1398 846 1479 877 αὐτῆς
1507 845 1655 876 ἀποθανών.
1686 858 1697 875 ι
1737 848 1791 880 Τῆς
1812 849 1890 878 θυσίας

210 885 287 925 ignis
303 895 319 917 e
335 886 409 917 ctelo
425 886 565 927 delapsus
576 888 666 918 fuisse
681 897 771 927 super
785 887 878 928 ipsius
891 888 1032 918 holocau-

212 935 300 961 stum.
310 932 379 961 404
395 943 406 960 ι
423 931 458 962 Et
474 932 629 972 peripsam
646 937 790 963 mortuus.
808 932 953 963 Videlicet
967 932 1033 962 hos-

213 974 284 1005 tiam
300 975 373 1006 Nam
389 976 487 1006 hostia
501 976 619 1017 fuitipsi
631 977 720 1008 caedis
738 975 952 1012 occasio.Quod
965 975 1007 1006 ait
1024 986 1031 1006 :

211 1018 268 1050 Per
282 1019 375 1059 ipsam
393 1023 525 1050 mortuus
547 1021 644 1051 adhuc
668 1021 809 1061 loquitur,
827 1025 876 1051 aut
891 1020 1032 1059 inielligi-

211 1067 260 1094 tur
274 1064 351 1104 quod
378 1064 442 1104 ipsa
465 1064 562 1095 hostia
578 1065 662 1096 fratri
677 1065 731 1096 fuit
756 1065 876 1096 invidiae
891 1074 925 1095 ac
940 1073 1034 1094 temu-

211 1108 332 1139 lationis
358 1109 494 1140 occasio:
514 1119 601 1149 porro
616 1111 679 1141 haec
698 1110 813 1151 peperit
826 1109 1032 1140 homicidium.

209 1152 268 1183 Aut
282 1153 360 1193 quod
378 1162 430 1194 per
453 1154 550 1193 ipsam
579 1154 720 1194 loquiturl
739 1154 855 1185 tametsi
875 1157 1008 1184 mortuus
1024 1163 1030 1183 :

209 1206 278 1228 nam
293 1197 355 1228 haec
366 1205 453 1228 causa
466 1202 509 1228 est
519 1208 573 1228 cur
581 1198 655 1229 Abel
666 1199 695 1229 in
708 1203 849 1239 perpetua
863 1199 900 1229 sit
916 1207 1032 1228 memo-

210 1241 266 1279 ria,
284 1250 339 1272 nec
363 1251 492 1283 unquam
516 1242 657 1274 oblivioni
681 1244 826 1275 tradatur.
855 1243 913 1273 Aut
927 1242 950 1272 si
966 1243 1032 1282 quis

215 1286 347 1316 exactius
364 1290 522 1326 utrumque
539 1287 739 1326 consideret,a
748 1286 902 1318 communi
916 1290 1032 1317 senten-

211 1329 251 1361 tia
265 1330 503 1371 accipiatur.Per
518 1331 624 1372 ipsam,
647 1336 678 1362 ut
693 1333 838 1363 referatur
855 1335 885 1362 et
899 1331 935 1362 ad
952 1331 1033 1362 Mor-

211 1379 276 1405 tuus
294 1379 324 1406 et
345 1375 381 1406 ad
394 1377 552 1416 Loquitur:
567 1380 599 1407 ut
615 1377 652 1407 sit
664 1386 770 1408 sensus
785 1387 791 1408 :
808 1376 865 1407 Per
879 1376 973 1416 ipsam
988 1375 1033 1405 vel

211 1423 332 1460 propter
356 1420 450 1460 ipsam
473 1420 601 1451 hostiam
627 1425 772 1458 mortuus,
792 1422 890 1452 adhuc
906 1419 1035 1460 loquitur

1074 887 1203 917 τουτέστι.
1227 887 1357 927 Πρόφασις
1382 889 1431 926 γὰρ
1460 891 1530 926 αὖτῷ
1558 889 1664 928 γέγονεν
1687 891 1704 924 ἠ
1726 891 1800 919 θυσία
1829 902 1890 931 σφα-

1075 931 1135 970 γῆς.
1168 932 1215 967 Τὸ,
1246 930 1282 959 δι”
1308 932 1388 965 αὐτῆς
1419 932 1557 961 ἀποθανὼν
1589 933 1626 961 ἔτι
1656 933 1791 971 λαλεῖται,
1814 935 1831 969 ἢ
1856 935 1890 963 ὅτι

1075 976 1140 1008 αὕτη
1176 976 1193 1008 ἡ
1237 975 1309 1003 θυσία
1343 975 1458 1009 κατέστη
1488 980 1524 1013 τῷ
1560 976 1663 1017 ἀδελφῷ
1689 979 1725 1010 εἰς
1754 979 1888 1017 βασκανίας

1074 1019 1203 1058 πρόφασιν
1225 1020 1268 1047 καὶ
1295 1019 1399 1059 φθόνου,
1429 1022 1442 1047 ὁ
1473 1019 1500 1048 δὲ
1529 1021 1601 1049 ἔτεκε
1629 1023 1673 1050 τὸν
1702 1022 1794 1062 φόνον,
1813 1013 1890 1051 “Elin

1075 1061 1109 1090 δι’
1138 1064 1219 1097 απῦτῆς
1254 1063 1387 1101 λαλετται,
1432 1065 1514 1092 καίτοι
1553 1061 1714 1096 ἀποθανών(
1734 1066 1806 1101 Αὕτη
1847 1069 1890 1107 γὰρ

1076 1107 1183 1146 γέγονεν
1218 1109 1303 1153 αἰτίαῇ
1320 1111 1365 1136 τοῦ
1393 1109 1551 1146 ἀείμνηστον
1580 1111 1623 1138 καὶ
1650 1110 1782 1144 ἀλάθητον
1825 1112 1889 1140 εἶναι

1076 1152 1120 1180 τὸν
1159 1147 1257 1184 ἸΑϐελ,
1292 1147 1332 1190 Ἠ,
1371 1153 1397 1180 εἴ
1430 1164 1470 1185 τις
1508 1153 1691 1194 ἀκριϐέστερον
1724 1155 1888 1191 ἐπισκοπήσει

1076 1195 1221 1236 ἀμφότερα,
1238 1197 1291 1224 ἀπὸ
1314 1200 1406 1225 κοινοῦ
1429 1196 1629 1236 λαμϐανομένου
1656 1203 1712 1237 τοῦ,
1739 1199 1780 1228 Δι’
1804 1202 1887 1240 αὐτῆς,

1076 1242 1134 1268 οἷον
1162 1241 1229 1268 κατά
1249 1251 1277 1268 τε
1305 1244 1350 1269 τοῦ
1372 1240 1536 1279 Ἀποθανὼν,
1558 1244 1601 1271 καὶ
1629 1247 1675 1272 τοῦ
1701 1243 1840 1275 Λαλεϊται,
1855 1261 1889 1267 -

1076 1284 1244 1325 [ΟΙΚΟΥΜ]
1277 1289 1299 1313 Η
1321 1284 1354 1313 δι’
1376 1286 1456 1320 αὐτῆς
1476 1289 1524 1319 τῆς
1551 1287 1674 1320 πίστεως,
1707 1288 1790 1329 italu
1808 1288 1845 1329 δὲ,
1860 1292 1888 1327 τῇ

1075 1330 1165 1369 φήμῃ,
1181 1332 1214 1367 τῇ
1231 1329 1303 1367 δόξῃ,
1320 1333 1354 1367 τῇ
1370 1331 1477 1368 μνήμῃ.
1497 1347 1529 1353 -
1549 1330 1659 1371 [σξη]
1679 1341 1694 1362 ‹
1719 1327 1783 1361 "an
1801 1327 1887 1361 λαλεῖ-

1075 1385 1129 1404 ται,
1159 1385 1172 1400 ιι
1203 1373 1376 1411 Ἀείμνηστός
1403 1374 1484 1404 ἐστιν.
1513 1376 1567 1403 Οὐκ
1594 1375 1624 1411 ἐᾷ
1652 1376 1728 1405 αὒτὸν
1758 1378 1775 1411 ἡ
1806 1377 1887 1417 πρᾶξις

1075 1418 1164 1455 αὺτοῦ,
1181 1419 1197 1452 ἡ
1214 1418 1243 1446 ἐκ
1258 1419 1381 1458 πίστεως,
1397 1419 1433 1451 εἷς
1455 1418 1550 1456 λήθην,
1567 1422 1658 1460 φησὶν,
1679 1421 1776 1452 ἐλθεῖν.

211 1473 265 1504 per
284 1464 389 1505 ipsam.
406 1465 463 1495 Aut
478 1474 532 1505 per
546 1465 642 1505 ipsam
659 1466 748 1496 ﬁdem
766 1475 773 1504 ;
790 1466 919 1506 loquitur
933 1470 1031 1495 autem
1047 1462 1134 1500 fama,
1151 1462 1254 1507 gloria,
1272 1463 1427 1493 memoria.
1445 1463 1572 1494 «Adhuc
1584 1464 1726 1505 loquitur.
1745 1478 1758 1494 ι
1775 1465 1808 1496 In
1824 1475 1887 1507 per-

210 1513 304 1548 petua
320 1510 464 1540 memoria
478 1514 533 1541 est.
549 1510 614 1541 Non
631 1511 702 1541 sinit
717 1512 826 1551 ipsum,
844 1519 917 1550 opus
933 1518 1018 1539 suum
1033 1507 1110 1548 quod
1127 1516 1163 1538 ex
1178 1506 1236 1537 ﬁde
1252 1507 1408 1548 processit,
1422 1508 1452 1538 in
1468 1508 1652 1540 oblivionem
1667 1510 1782 1542 venire.

248 1553 298 1594 ΧΙ,
314 1554 375 1585 5-7.
393 1555 453 1585 Per
479 1555 570 1594 ﬁdem
602 1556 705 1586 Enoch
729 1556 790 1595 fuit
817 1554 982 1586 translatus
996 1557 1061 1584 nec

209 1598 324 1629 videret
338 1602 473 1637 mortem,
487 1608 542 1630 nec
553 1600 614 1638 fuit
626 1601 776 1640 inventus,
786 1602 948 1640 propterea
959 1598 1035 1638 quod

210 1642 409 1674 transtulerat
423 1644 522 1682 ipsum
537 1644 617 1675 Deus
631 1655 637 1676 :
651 1645 827 1685 priusquam
842 1643 921 1674 enim
937 1646 1036 1674 trans-

208 1687 345 1726 ferretur
372 1689 574 1719 testtmom‘um
600 1693 751 1720 meruerat
777 1688 857 1728 quod
875 1686 1035 1727 placuisset

208 1731 377 1771 Deo.Atque
398 1734 463 1762 sine
484 1734 551 1772 ﬁde
573 1733 643 1773 ﬁeri
668 1742 727 1764 non
754 1736 836 1773 potes
850 1735 883 1763 ut
896 1731 965 1771 quis
989 1731 1035 1762 illi

208 1777 337 1816 placeat.
355 1775 434 1807 Nam
448 1778 501 1816 qui
514 1778 625 1809 accedit
639 1778 680 1808 ad
695 1778 791 1809 Deum
815 1777 895 1808 hunc
911 1775 1034 1807 credere

210 1824 328 1861 oportet
339 1829 402 1852 esse
413 1820 525 1860 Deum,
541 1826 641 1854 etesse
664 1826 920 1853 remanet-olorem
949 1829 1032 1860 qua:-

208 1865 346 1897 rentt'bus
361 1874 404 1897 se.
422 1866 481 1897 Per
490 1866 580 1906 ﬁdem
596 1867 768 1898 admonitus
782 1865 903 1897 oraculo
917 1864 979 1895 Noe
997 1873 1033 1895 ea

208 1918 276 1950 qua:
290 1911 427 1941 nondum
447 1910 629 1942 videbantur
644 1913 770 1947 veritus,
799 1911 962 1950 apparavit
978 1917 1032 1939 ar-

207 1963 273 1985 cam
295 1954 337 1985 ad
351 1954 481 1986 salutem
496 1955 603 1986 domus
618 1965 689 1993 suis,
705 1965 759 1995 per
775 1963 865 1995 quam
888 1954 1030 1984 condem-

207 1999 294 2030 navit
308 1999 456 2030 mundum
473 2011 480 2030 :
499 2003 527 2031 et
542 2002 609 2039 ejus
624 2009 689 2040 quae
700 2000 864 2031 secundum
879 1998 969 2038 ﬁdem
989 2001 1032 2028 est

208 2044 332 2081 iustitia:
347 2044 443 2082 factus
458 2048 502 2075 est
517 2044 622 2076 haeres.

254 2101 263 2115 ι
281 2087 339 2118 Per
360 2088 450 2119 ﬁdem
479 2088 593 2120 Enoch.
611 2102 621 2118 ι
639 2089 680 2121 Ex
710 2089 761 2120 illo
792 2087 1033 2128 praeﬁgurabatur

210 2132 313 2163 mortis
338 2133 474 2165 abolitio.
497 2133 649 2174 Siquidem
675 2143 726 2174 per
754 2132 827 2164 Abel
848 2136 966 2162 ostensa
980 2130 1033 2161 fuit

1118 1564 1130 1578 α
1159 1552 1246 1580 Πίστει
1277 1551 1366 1591 Ἐνὼχ
1395 1553 1521 1590 μετετέθη
1549 1559 1595 1583 τοῦ
1623 1556 1661 1592 μὴ
1686 1555 1750 1584 ἰδεῖν
1773 1557 1886 1594 θάνατον,

1076 1598 1119 1625 καὶ
1147 1599 1198 1636 οὺχ
1225 1597 1367 1636 ε’)ρίσκετο,
1405 1596 1470 1625 διότι
1500 1598 1642 1635 μετέθηκεν
1672 1601 1749 1628 αὐτὸν
1778 1602 1792 1629 ὁ
1820 1602 1888 1631 Θεός.

1076 1642 1130 1680 Πρὸ
1171 1642 1221 1681 γὰρ
1261 1643 1309 1674 τῆς
1352 1642 1515 1678 μεταθέσεως
1698 1647 1889 1685 μεμιρτάρητιι

1076 1685 1280 1726 εὒηρεστηκέναι
1324 1689 1391 1722 Θεῷ.
1437 1688 1521 1726 Χωρὶς
1571 1687 1597 1715 δὲ
1639 1689 1764 1726 πίστεως,
1809 1690 1889 1718 ἀδύνα-

1075 1742 1119 1758 τον
1163 1729 1346 1769 εὖαρεστῆσαι.
1391 1734 1530 1760 Πιστεῦσαι
1573 1733 1621 1772 γὰρ
1664 1733 1705 1762 δεῖ
1746 1736 1791 1762 τὸν
1819 1745 1890 1773 προσ·

1075 1775 1221 1814 ερχόμενον
1256 1778 1294 1812 τῷ
1330 1779 1397 1812 Θεῷ,
1425 1775 1464 1803 ὅτι
1495 1775 1560 1808 ἔστι.
1598 1779 1646 1807 Καὶ
1673 1779 1733 1811 τοῦς
1770 1779 1889 1814 ἐκζητοῦ-

1075 1829 1115 1846 σιν
1157 1819 1245 1856 αὐτὸν,
1289 1818 1485 1856 μισθαποδότης
1520 1822 1629 1860 γίνεται.
1667 1823 1756 1851 Πίστει
1784 1834 1889 1863 χρημα-

1073 1863 1168 1907 τισθεις
1226 1866 1283 1891 Νῶε
1334 1865 1391 1903 περὶ
1441 1868 1494 1892 τῶν
1545 1865 1657 1903 μηδέπω
1712 1867 1888 1907 βλεπομένων,

1074 1905 1224 1940 εὐλαϐηθεὶς
1273 1909 1448 1936 κατεσκεύασε
1482 1908 1623 1952 Ακιϐωτὸν,
1678 1912 1714 1943 εἰς
1766 1905 1890 1952 σωτηρίαν

1074 1954 1119 1979 τοῦ
1160 1950 1235 1979 οἴκου
1276 1953 1365 1982 αὐτοι).
1412 1952 1451 1980 Δι’
1480 1944 1513 1987 ἰτς
1541 1955 1676 1995 κατέκρινε
1707 1957 1752 1984 τὸν
1783 1944 1890 2000 κόσμον,

1072 1996 1116 2024 καὶ
1144 1996 1191 2029 τῆς
1234 1997 1301 2025 κατὰ
1336 1997 1423 2025 πίστιν
1457 1997 1623 2033 δικαιοσύνης
1659 2000 1765 2040 ἐγένετο
1795 1996 1890 2040 κληροέ

1073 2040 1164 2078 νόμος,
1185 2052 1199 2068 ι

1116 2096 1129 2111 ι
1146 2084 1234 2113 Πίστει
1251 2083 1351 2124 Ἐνώχ,
1371 2097 1384 2113 ν
1402 2085 1444 2119 Ἐξ
1459 2087 1558 2116 ἐκείνου
1579 2095 1756 2128 προετυποῦτο
1778 2091 1796 2124 ἡ
1826 2090 1889 2118 amt-

1075 2139 1142 2168 ρεσις
1158 2129 1204 2175 τοῦ
1223 2130 1345 2158 θανάτου.
1375 2132 1423 2158 Διά
1445 2131 1493 2169 μὲν
1521 2133 1570 2172 γὰρ
1600 2139 1644 2163 τοῦ
1678 2129 1766 2163 "Ang
1788 2134 1887 2175 ἐδείχθη

209 2176 365 2207 sententiae
375 2173 630 2219 conﬁrmatio,per
639 2173 740 2209 Enoch
751 2187 820 2209 vero
840 2176 920 2207 illius
937 2175 1030 2206 aboli-

1117 2184 1124 2205 ;
1159 2173 1330 2214 ἀποφάνσεως
1359 2176 1389 2203 τὸ
1425 2175 1544 2213 βέϐαιον,
1577 2179 1625 2206 Διὰ
1646 2177 1672 2206 δὲ
1697 2183 1743 2207 τοῦ
1760 2173 1888 2219 Ἐνδυᾏῆ

211 2220 397 2253 tio.Credidit
412 2226 509 2253 autem
525 2222 626 2254 Enoch
647 2223 741 2254 Deum
770 2231 836 2253 esse
851 2219 964 2261 praemii
979 2229 1030 2250 re-

211 2270 431 2296 muneratorem
450 2276 457 2296 :
475 2266 544 2298 ideo
556 2269 641 2298 etiam
655 2265 901 2308 placuitzatquein
916 2268 1030 2295 tantum

209 2308 279 2340 ﬁdei
292 2313 378 2341 erant
403 2320 469 2351 quae
491 2311 678 2353 videbantur,
695 2316 727 2342 ut
742 2311 829 2343 etiam
850 2308 1030 2341 contrarium

207 2355 455 2395 appareret.Abel
468 2356 546 2386 enim
560 2366 626 2387 cum
643 2358 701 2388 Deo
713 2353 1032 2397 placuisset,jugul:ttus

209 2402 308 2429 tamen
324 2405 442 2434 est.nec
463 2400 554 2430 voluit
582 2400 661 2432 Deus
688 2411 755 2432 cum
772 2410 806 2432 eo
822 2397 980 2430 connivere
995 2405 1032 2428 ne

208 2448 398 2481 moreretur;
415 2444 482 2476 ideo
502 2454 554 2485 per
568 2445 660 2476 solam
678 2445 766 2476 ﬁdem
782 2443 883 2475 Enoch
900 2439 1034 2482 placebat

207 2488 279 2526 Deo,
290 2489 417 2520 credens
432 2498 498 2520 esse
509 2490 654 2522 bonorum
666 2487 1034 2525 retributionem.Propter

206 2532 294 2564 ﬁdem
308 2533 398 2572 igitur
413 2533 556 2574 placebat,
576 2538 604 2565 et
617 2535 684 2576 quia
716 2533 852 2575 placebat
875 2529 1033 2576 translatus

204 2581 262 2608 est.
284 2589 295 2606 ι
312 2577 356 2609 Ne
368 2573 484 2610 videret
500 2573 637 2610 mortem:
659 2592 670 2607 ι
689 2573 798 2611 Vivens
813 2577 893 2608 enim
909 2573 1030 2604 transla-

203 2625 253 2653 tus
269 2626 324 2659 est,
351 2627 382 2655 et
406 2623 504 2655 adhuc
526 2624 594 2655 vivit
612 2634 618 2656 :
637 2634 725 2665 porro
751 2623 800 2654 ubi
818 2627 847 2653 et
869 2618 1029 2661 quomOdO.

203 2665 351 2698 incertum
379 2672 434 2699 est.
463 2680 476 2696 ε
490 2669 578 2710 Atqui
594 2669 659 2700 sine
671 2669 729 2700 ﬁde
741 2668 804 2699 ﬁeri
818 2675 876 2697 non
890 2665 985 2710 potest
1000 2665 1033 2692 ut

203 2711 269 2752 quis
283 2712 326 2743 illi
342 2712 485 2753 placeat.»
502 2704 657 2754 Siquidem
670 2713 728 2744 nisi
742 2712 808 2753 quis
823 2710 960 2742 crederet
975 2704 1030 2736 bo-

203 2765 308 2788 norum
325 2762 355 2788 et
369 2758 516 2789 malorum
534 2758 599 2788 ﬁeri
626 2757 915 2801 remunerationem,
933 2758 1031 2801 pequa

201 2810 290 2842 quam
313 2802 431 2842 placere
456 2806 567 2843 posset.
584 2801 657 2839 Quis
672 2802 751 2834 enim
768 2810 822 2842 per
850 2798 1028 2830 laboriosam

1072 2217 1201 2256 ἀναίρεσις
1223 2218 1315 2251 αὑτῆς,
1333 2217 1484 2248 Ἐπίστευσε
1511 2219 1538 2248 δὲ
1567 2221 1668 2263 Ἐνὼχ,
1698 2222 1737 2251 ὅτι
1767 2217 1888 2261 μισθαπο-

1072 2260 1149 2294 δότης
1165 2263 1179 2289 ὸ
1195 2262 1270 2292 Θεός.
1296 2263 1342 2290 Διὸ
1369 2264 1413 2291 καὶ
1427 2265 1597 2304 εὐηρέστησε,
1629 2260 1677 2296 Καὶ
1698 2268 1822 2296 τοσοῦτον
1848 2268 1889 2294 πί-

1072 2316 1155 2353 στεως
1170 2305 1256 2353 inii
1270 2306 1401 2345 ὁρώμενα,
1418 2307 1458 2336 ὅτι
1481 2309 1527 2337 καὶ
1555 2311 1584 2338 τὸ
1613 2311 1728 2340 ἐναντίον
1757 2312 1887 2351 παρέθετο.

1083 2353 1103 2395 D
1131 2350 1180 2395 γᾲρ
1214 2349 1298 2378 ’Ἀϐελ
1327 2353 1503 2391 εὐαρεστήσας
1532 2358 1600 2392 Θεῷ,
1634 2356 1678 2384 καὶ
1708 2349 1823 2395 ἐσφάγη,
1851 2357 1888 2384 καὶ

1074 2393 1121 2421 οὒκ
1148 2393 1279 2432 ἐπήμυνεν
1308 2397 1378 2432 αύτῴ
1399 2398 1413 2425 ὁ
1435 2399 1499 2430 Θεὸς
1527 2400 1593 2438 πρὸς
1614 2401 1644 2428 τὸ
1673 2401 1711 2437 μὴ
1739 2393 1886 2429 ἀποθανεῖν.

1077 2439 1122 2465 Διὸ
1144 2439 1229 2467 πίστει
1258 2439 1327 2477 μόνῃ
1355 2442 1369 2468 ὁ
1394 2441 1485 2482 Ἐνὼχ
1515 2444 1649 2483 εὖηρέστει
1680 2449 1748 2483 Θεῷ,
1765 2446 1886 2474 πιστεύων

1075 2482 1145 2511 εἶναι
1175 2486 1227 2511 τῶν
1260 2484 1365 2522 ἀγαθῶν
1393 2486 1531 2518 ἀντίδοσιν,

1074 2527 1218 2566 εὒηρέστει,
1241 2528 1284 2555 καὶ
1313 2527 1354 2556 διὰ
1375 2530 1424 2563 τὴν
1449 2532 1615 2571 εὐαρέστησιν
1642 2534 1779 2572 μετετέθη,
1808 2546 1819 2562 α
1843 2537 1887 2564 Τοῦ

1073 2571 1112 2608 μὴ
1128 2571 1192 2618 ἰδεῖν
1208 2572 1329 2604 θάνατον,
1356 2585 1369 2601 ι»
1388 2578 1446 2603 Εῶν
1461 2577 1510 2616 γὰρ
1537 2578 1676 2618 μετετέθη,
1706 2580 1748 2607 καὶ
1777 2580 1815 2607 ’ἐτι
1847 2584 1885 2616 ζῃ.

1074 2619 1126 2643 Ποῦ
1147 2615 1186 2653 δὲ,
1209 2616 1226 2650 ἢ
1241 2618 1310 2653 πῶς,
1328 2617 1434 2651 ἄδηλον,
1455 2631 1469 2648 α
1494 2615 1577 2660 Χωρὶς
1599 2621 1626 2650 δὲ
1641 2615 1753 2655 πίστεως
1768 2615 1886 2652 ἀδύνατον

1071 2661 1255 2700 εὐαρεστῆσαι.
1275 2672 1289 2688 ι
1316 2663 1343 2690 Εἰ
1364 2664 1413 2703 γάρ
1434 2676 1474 2697 τις
1508 2667 1546 2704 μὴ
1575 2669 1736 2696 πιστεύσειεν
1764 2668 1886 2696 ἀντίδοσιν

1072 2706 1130 2732 εἶναι
1165 2705 1253 2733 καλῶν
1286 2705 1369 2745 ἔργων
1390 2710 1433 2737 καὶ
1461 2714 1560 2749 κακῶν,
1591 2713 1637 2740 οὒκ
1658 2712 1688 2740 ἅν
1717 2714 1884 2751 εὔαρεστήσῃ.

1072 2751 1114 2798 Τίς
1129 2752 1178 2790 γὰρ
1194 2750 1224 2778 ἂν
1321 2752 1443 2783 ἐπίπονον
1470 2760 1519 2790 τῆς
1549 2757 1643 2797 ἀρετῆς
1672 2750 1767 2797 ὁδεύσῃγ
1793 2758 1885 2798 τρίϐον,

1071 2793 1110 2830 μὴ
1132 2794 1305 2832 πεπεισμένος
1340 2799 1410 2827 εἷναί
1434 2811 1507 2832 τινας
1535 2793 1673 2842 ἀμοιϐὰς,
1707 2814 1718 2830 ι
1749 2793 1885 2831 Πιστεῠσιι

1576 2490 1624 2516 Διά
1651 2489 1694 2517 οὖν
1722 2490 1771 2523 τὴν
1808 2490 1887 2518 πίστιν
